3159 4984
462 431 595 493 384
796 417 811 429 ’
1154 429 1205 481 S.
1264 429 1539 481 Aureli
1597 429 2034 497 Augustini

464 622 528 682 et
575 620 890 685 aniculare
939 620 1425 685 deliramentum
1474 623 1804 687 continens
1850 622 2105 686 initium
2153 626 2450 687 truncum
2507 627 2573 687 et
2627 642 2755 689 me-

464 726 641 791 dium
686 727 1013 811 putridum
1064 732 1130 792 et
1173 728 1359 793 finem
1410 728 1762 795 ruinosum.
1830 748 1976 795 cum
2033 730 2200 793 enim
2255 729 2442 795 uobis
2501 750 2573 795 ex
2619 731 2757 795 eius

464 834 646 898 initio
714 832 953 898 dictum
1020 834 1085 898 fu
1096 835 1250 899 erit:
1317 835 1664 913 inmortali,
1720 836 2052 909 inuisibili,
2109 836 2580 920 incorruptibili
2643 837 2758 903 deo

466 940 619 1021 quid
684 940 929 1006 factura
994 945 1128 1007 erat
1187 962 1345 1027 gens
1406 944 1830 1022 tenebrarum,
1893 944 1949 1008 si
2005 963 2152 1009 cum
2207 962 2282 1009 ea
2325 964 2606 1029 pugnare
2652 964 2762 1010 no-

466 1045 749 1111 luisset?
800 1052 864 1112 et
911 1049 986 1113 de
1034 1048 1244 1114 medio
1295 1050 1472 1113 eius:
1524 1050 1841 1132 quomodo
1881 1054 1982 1115 est
2017 1050 2515 1134 incorruptibilis
2563 1054 2630 1117 et
2671 1052 2762 1117 in-
2821 1068 2852 1107 ⁵

470 1153 979 1219 contaminabilis
1055 1155 1244 1233 deus,
1321 1154 1503 1220 cuius
1578 1142 1890 1220 membra'
1933 1155 1997 1219 in
2071 1156 2280 1238 pomis
2355 1160 2422 1221 et
2485 1156 2763 1222 oleribus

467 1259 908 1326 manducando
959 1264 1025 1325 et
1073 1262 1415 1346 digerendo
1467 1262 1818 1329 conteritis.
1865 1267 1940 1327 ut
1984 1264 2322 1347 purgetis?
2389 1266 2454 1328 et
2507 1264 2585 1328 de
2641 1263 2763 1328 fine

470 1367 647 1432 eius:
718 1367 869 1449 quid
916 1369 1071 1434 fecit
1117 1369 1325 1435 anima
1371 1370 1624 1443 misera,
1689 1374 1763 1434 ut
1814 1370 1878 1434 in
1935 1371 2125 1455 globo
2181 1372 2584 1435 tenebrarum
2627 1390 2766 1453 per-

472 1478 667 1555 petuo
715 1474 975 1540 uinculo
1022 1476 1339 1561 puniatur.
1391 1496 1553 1560 quae
1601 1497 1726 1542 non
1775 1497 1890 1543 suo
1939 1477 2120 1554 uitio,
2161 1478 2272 1543 sed
2311 1478 2515 1544 alieno
2553 1497 2768 1543 macu-

472 1582 605 1644 lata
670 1580 785 1646 deo
853 1602 969 1649 suo
1039 1582 1371 1647 deficiente
1438 1584 1730 1647 mundari
1795 1604 1917 1650 non
1983 1585 2214 1669 potuit,
2282 1604 2406 1669 quo
2471 1585 2768 1649 mittente
2809 1599 2862 1637 ιο

473 1688 723 1771 polluta
787 1692 936 1753 est?
1016 1688 1480 1755 haesitantibus
1546 1690 1733 1755 uobis
1801 1694 1865 1755 et
1928 1689 2080 1772 quid
2143 1691 2580 1774 respondeatis
2643 1710 2766 1756 non

473 1796 947 1860 inuenientibus
1008 1796 1485 1880 conspiciuntur
1532 1800 1663 1860 tam
1711 1797 1902 1861 multi
1949 1800 2014 1861 et
2058 1800 2192 1861 tam
2231 1798 2498 1882 grandes
2538 1801 2603 1861 et
2637 1800 2766 1861 tam

476 1904 739 1989 pretiosi
806 1904 1058 1971 codices
1123 1906 1323 1970 uestri
1382 1909 1446 1969 et
1500 1907 1773 1971 multum
1836 1906 2130 1971 dolentur
2182 1906 2431 1971 labores
2489 1904 2770 1986 antiqua-

478 2013 714 2077 riorum
783 2014 848 2075 et
904 2011 1162 2077 saccelli
1216 2011 1594 2075 miserorum
1655 2016 1722 2075 et
1773 2012 1955 2093 panis
2013 2011 2442 2094 deceptorum.
2510 2010 2564 2075 si
2621 2028 2770 2094 ergo

480 2139 596 2184 nec
632 2120 1101 2215 scripturarum
1150 2118 1551 2209 auctoritatis
1613 2118 1960 2201 antiquitas
2008 2137 2123 2182 nec
2169 2117 2618 2182 miraculorum
2664 2136 2772 2200 po·
2811 2127 2862 2166 1⁵

480 2230 681 2291 testas
749 2246 865 2290 nec
930 2246 1174 2290 morum
1246 2225 1481 2291 sanitas
1549 2244 1665 2290 nec
1729 2225 1992 2290 rationis
2048 2225 2286 2289 ueritas
2341 2243 2460 2289 uos
2517 2222 2773 2287 adserit.

484 2333 653 2398 abite
704 2332 953 2398 confusi
1001 2336 1065 2396 et
1110 2331 1310 2396 redite
1358 2332 1634 2398 confessi
1680 2332 1893 2415 ipsum
1944 2349 2084 2395 esse
2127 2329 2449 2395 Christum
2491 2329 2774 2394 omnium

485 2438 547 2502 in
598 2456 665 2503 se
716 2436 1105 2503 credentium
1152 2438 1573 2503 saluatorem:
1625 2435 1810 2503 cuius
1847 2455 2076 2501 nomen
2117 2436 2182 2500 et
2217 2434 2402 2500 cuius
2441 2434 2776 2499 ecclesiam

482 2545 575 2609 ita
641 2544 938 2609 exhibent
991 2544 1348 2628 praesentia
1401 2548 1708 2629 tempora,
1769 2544 1939 2609 sicut
1993 2542 2331 2625 praeterita
2385 2541 2777 2605 nuntiarunt.

483 2672 607 2716 non
675 2672 787 2747 per
852 2652 1203 2734 quemlibet
1268 2653 1343 2717 de
1402 2652 1766 2717 cauernosis
1823 2650 2084 2715 latebris
2140 2649 2609 2734 procedentem
2667 2647 2778 2713 sed
2817 2660 2878 2699 ε·

486 2760 756 2842 quadam
807 2763 995 2843 gente
1044 2763 1109 2824 et
1154 2760 1427 2843 quodam
1464 2780 1657 2845 regno
1696 2760 1774 2823 ad
1813 2760 1934 2823 hoc
1970 2760 2317 2843 propagato
2359 2762 2424 2821 et
2457 2756 2780 2821 instituto.

485 2870 561 2931 ut
622 2866 714 2930 ibi
780 2866 855 2931 de
911 2867 1023 2932 illo
1090 2867 1320 2932 cuncta
1373 2867 1596 2951 figuris
1655 2868 2194 2949 pr·‚aenota1entur
2254 2882 2415 2947 quae
2467 2882 2634 2927 nunc
2682 2881 2780 2926 ex-

487 2992 705 3058 pressa
768 2974 961 3039 rebus
1028 2976 1539 3057 agnoscerentur,
1610 2976 1674 3036 et
1737 2972 1826 3037 ibi
1888 2990 2002 3056 per
2062 2971 2405 3056 prophetas
2459 2967 2783 3052 praedicta

488 3082 929 3157 scriberentun
963 3100 1123 3162 quae
1154 3100 1322 3145 nunc
1349 3100 1460 3163 per
1498 3080 1822 3163 apostolos
1860 3078 2223 3161 praedicata
2257 3079 2781 3161 praestarentur?

582 3189 639 3256 7.
679 3188 950 3253 Proinde
982 3188 1353 3253 constituite
1384 3187 1565 3252 nobis
1599 3186 1874 3269 aliquem
1907 3183 2426 3250 catechizandum
2455 3182 2782 3266 gentilem,
2825 3194 2882 3230 2³⁵

489 3295 553 3359 in
612 3314 737 3377 quo
792 3294 1073 3358 Faustus
1141 3292 1448 3357 defecisse
1514 3312 1630 3357 nos
1695 3292 1854 3369 risit,
1923 3292 2034 3355 ubi
2091 3310 2214 3356 non
2278 3288 2602 3367 ridendus,
2667 3288 2784 3352 sed

490 3402 889 3485 plangendus
955 3402 1092 3483 ipse
1159 3400 1408 3466 defecit.
1478 3399 1533 3464 si
1597 3400 1765 3465 enim
1822 3398 2163 3464 dixerimus
2219 3396 2464 3462 homini
2519 3394 2782 3479 gentili:

496 3508 679 3573 crede
740 3507 1011 3585 Christo,
1082 3508 1229 3591 quia
1293 3509 1448 3572 dens
1516 3510 1634 3573 est.
1702 3509 1766 3571 et
1819 3504 2249 3589 responderit:
2317 3502 2484 3568 unde
2547 3500 2784 3567 credo?

572 3701 597 3754 1
648 3700 856 3754 anicule
911 3692 955 3752 (J
1133 3702 1167 3751 4
1212 3700 1476 3752 uoluisset
1523 3700 1580 3765 (u
1625 3714 1666 3751 s.
1717 3716 1752 3762 n
1803 3715 1838 3749 a
1883 3714 1951 3749 m.
1992 3702 2040 3762 1)
2091 3696 2136 3749 C
2313 3696 2344 3747 6
2381 3692 2656 3747 holeribus
2700 3691 2796 3746 OS

494 3792 527 3845 9
556 3790 693 3843 uitio
727 3794 779 3857 (o
808 3805 983 3857 supra
1004 3804 1035 3851 a
1053 3804 1121 3841 m.
1156 3786 1204 3856 1)
1226 3786 1279 3840 L
1379 3786 1495 3855 sed]
1524 3803 1549 3839 s
1570 3807 1646 3849 3*ae
1671 3789 1749 3855 (et
1768 3802 1860 3851 er.,·
1881 3785 2011 3839 add.
2034 3802 2102 3839 m.
2127 3788 2186 3851 2)
2209 3785 2263 3837 L
2341 3784 2406 3837 10
2434 3782 2712 3837 defitiente
2743 3780 2794 3833 Ο

499 3881 561 3933 11
600 3878 965 3933 hesitantibus
1000 3877 1046 3931 0
1190 3878 1252 3929 12
1290 3876 1692 3946 conspitiuntur
1727 3874 1773 3928 0
1949 3873 2150 3944 grande
2179 3873 2254 3925 L¹
2405 3874 2462 3925 et
2494 3872 2558 3924 in
2591 3886 2704 3923 ras.
2734 3868 2790 3921 L

496 3974 559 4025 ut
604 3968 705 4025 ΒΘ
818 3968 881 4023 13
918 3968 1157 4038 praetiosi
1201 3966 1255 4019 L
1398 3970 1461 4019 ut
1505 3964 1736 4018 multum
1782 3963 1830 4018 S
1938 3963 2002 4016 14
2049 3962 2264 4017 saccelli
2313 3964 2424 4030 (pr.
2474 3978 2500 4014 c
2547 3976 2590 4015 ε.
2641 3958 2790 4028 z.)-L

496 4058 683 4113 sacelli
726 4057 773 4112 0
888 4056 956 4110 17
992 4063 1115 4127 xpm
1156 4060 1229 4125 (m
1268 4071 1401 4109 corr.
1442 4070 1506 4109 ez:
1544 4054 1590 4121 s)
1632 4053 1679 4108 S
1709 4059 1805 4122 xps
1849 4052 1898 4107 G
2018 4052 2086 4106 20
2122 4050 2396 4121 lateribris
2440 4049 2487 4103 G
2597 4048 2667 4103 22
2706 4047 2788 4117 ut]

496 4142 556 4241 {t
602 4174 649 4229 S
700 4178 759 4229 et
806 4173 859 4227 G
1000 4173 1069 4226 23
1108 4170 1202 4225 ubi
1248 4171 1279 4225 b
1461 4171 1521 4223 24
1585 4168 1863 4239 praedicta
1915 4168 2030 4222 OM
2223 4167 2695 4237 praesentarentur
2749 4162 2798 4215 0

499 4266 567 4320 25
623 4262 1013 4321 caticizandum
1070 4261 1147 4314 12¹
1202 4258 1602 4316 catecizandum
1663 4256 1856 4311 GS2G²
1911 4255 2346 4310 cathezizandum
2406 4257 2487 4323 (ez
2533 4266 2576 4305 8.
2626 4250 2684 4319 Ζ.)
2722 4251 2799 4305 Μ

500 4356 568 4409 27
609 4356 792 4411 deficit
828 4356 859 4409 b
1002 4352 1279 4407 hominem
1321 4353 1371 4407 G
1408 4349 1616 4404 homini
1654 4350 1694 4419 (i
1731 4363 1796 4402 cx
1834 4354 1861 4402 ἒ
1900 4346 2058 4415 corr.)
2099 4344 2143 4399 S
