3159 4984
492 483 625 546 420
1190 480 1243 533 S.
1300 478 1576 533 Aureli
1632 478 2064 548 Augustini

488 674 714 739 datum
770 677 960 739 uetus
1018 675 1081 738 in
1138 674 1327 739 laude
1383 678 1580 757 ponat
1637 675 1966 758 apostolus
2014 674 2327 738 Iohannes
2385 678 2452 738 et
2494 672 2791 756 profanas

487 782 827 847 uerborum
874 781 1195 846 nouitates
1244 780 1473 846 euitari
1517 781 1738 845 iubeat
1785 783 2118 864 apostolus
2165 781 2407 846 Paulus
2428 785 2458 845 Ρ
2505 784 2570 846 te
2617 800 2790 864 ergo,

488 907 636 953 uera
677 908 909 973 sponsa
945 888 1080 953 ueri
1121 886 1358 954 Christi
1396 888 1668 953 ecclesia
1715 889 2048 965 catholica,
2097 888 2403 971 adloquar
2448 890 2514 953 et
2559 907 2676 973 ego
2723 890 2792 951 te

486 1015 601 1079 pro
650 996 913 1062 modulo
960 1013 1125 1073 meo,
1184 995 1667 1077 qualiscumque
1715 995 1888 1061 filius
1937 997 2004 1060 et
2049 1014 2273 1061 seruus
2328 998 2482 1061 tuus
2536 995 2792 1079 positus

482 1102 553 1166 in
592 1104 657 1166 te
698 1103 1061 1186 dispensare
1100 1102 1338 1166 cibaria
1375 1102 1702 1167 conseruis
1739 1102 1931 1167 meis:
1973 1121 2128 1167 caue
2167 1122 2437 1186 semper,
2467 1104 2542 1167 ut
2580 1120 2794 1177 cauea,
2846 1119 2878 1157 ⁵

490 1209 1011 1275 Manichaeorum
1040 1210 1280 1293 inpiam
1311 1210 1663 1274 uanitatem
1691 1209 1820 1273 iam
1857 1212 2117 1275 tuorum
2152 1209 2437 1293 periculo
2475 1211 2797 1293 expertam

492 1320 562 1381 et
622 1317 995 1382 liberatione
1063 1317 1445 1382 conuictam.
1512 1316 1622 1380 ille
1687 1336 1790 1380 me
1859 1315 2178 1399 quondam
2243 1317 2320 1381 de
2376 1315 2617 1401 gremio
2676 1318 2794 1381 tuo

496 1442 665 1503 error
712 1426 1115 1499 excusserat3
1166 1426 1457 1508 expertus
1503 1423 1665 1507 fugi,
1715 1422 1886 1506 quod
1934 1423 2200 1507 experiri
2243 1442 2369 1487 non
2417 1422 2630 1489 debui.
2679 1422 2795 1487 sed

488 1530 610 1595 tibi
657 1530 1039 1615 profecerint
1086 1530 1281 1595 etiam
1326 1530 1613 1613 pericula
1657 1549 1820 1607 mea,
1871 1530 1975 1595 cui
2022 1549 2190 1595 nunc
2245 1530 2446 1595 seruit
2500 1528 2794 1594 liberatio

491 1656 655 1715 mea,
712 1638 862 1721 quia
917 1638 1041 1702 nisi
1098 1638 1255 1701 mihi
1310 1656 1504 1702 uerus
1562 1639 1629 1700 et
1685 1656 1872 1701 uerax
1931 1656 2205 1721 sponsus
2261 1639 2436 1712 tuus,
2486 1636 2562 1699 de
2610 1635 2796 1699 cuius
2835 1654 2892 1691 ιο

496 1743 694 1809 latere
741 1743 909 1809 facta
956 1764 1045 1821 es,
1092 1744 1157 1808 in
1204 1764 1354 1810 uero
1405 1744 1714 1828 sanguine
1755 1762 1870 1808 suo
1908 1744 2351 1809 remissionem
2385 1744 2794 1827 peccatorum

493 1850 838 1935 posuisset,
888 1851 1331 1917 absorbuisset
1373 1870 1476 1915 me
1525 1869 1766 1935 uorago
1814 1850 2105 1915 fallaciae
2155 1853 2220 1915 et
2264 1852 2494 1914 terram
2549 1848 2794 1912 factum

492 1976 757 2042 serpens
785 1958 1291 2041 inreparabiliter
1323 1958 1720 2023 deuorasset.
1758 1958 1891 2023 noli
1933 1956 2143 2041 decipi
2178 1956 2433 2023 nomine
2469 1954 2793 2029 ueritati83

494 2064 658 2130 hanc
706 2065 844 2129 sola
888 2066 963 2128 tu
1010 2066 1229 2141 habeS,
1290 2067 1357 2129 et
1410 2066 1474 2128 in
1523 2065 1692 2129 lacte
1738 2067 1852 2131 tuo
1905 2067 1970 2128 et
2016 2064 2082 2128 in
2129 2082 2289 2147 pane
2335 2065 2485 2139 tuo;
2551 2062 2617 2126 in
2673 2062 2794 2125 hac

492 2173 708 2235 autem
759 2174 1013 2236 tantum
1060 2191 1286 2239 nomen
1337 2172 1474 2237 eius
1524 2174 1644 2247 est,
1692 2171 1833 2254 ipsa
1878 2191 2002 2237 non
2051 2174 2169 2235 est.
2238 2172 2304 2234 et
2355 2170 2420 2233 in
2475 2168 2610 2232 tuis
2656 2168 2794 2250 qui·
2834 2182 2888 2221 1⁵

496 2278 640 2341 dem
689 2278 1039 2362 grandibus
1089 2297 1313 2344 secura
1360 2298 1466 2356 es;
1535 2278 1650 2343 sed
1709 2278 1961 2362 appello
2019 2278 2085 2341 in
2142 2280 2207 2341 te
2261 2276 2566 2361 paruulos
2622 2277 2794 2341 tuoe.

492 2383 745 2462 fratres,
791 2384 982 2462 filios,
1033 2385 1324 2451 dominos
1370 2404 1571 2461 meOS,
1623 2404 1785 2467 quos
1823 2385 1934 2449 uel
1968 2388 2300 2466 tamquam
2339 2402 2462 2450 oua
2499 2380 2796 2447 sollicitis

497 2490 616 2555 alis
662 2490 845 2556 foues
892 2492 1003 2556 uel
1045 2495 1374 2574 tamquam
1422 2491 1700 2557 infantes
1740 2492 1908 2557 lacte
1949 2491 2177 2568 nutris,
2219 2490 2354 2555 sine
2393 2489 2796 2573 corruptione

492 2596 769 2661 fecunda
832 2597 1016 2683 uirgo
1064 2602 1288 2664 mater.
1356 2598 1475 2664 hos
1531 2599 1596 2662 in
1653 2602 1719 2663 te
1781 2597 2030 2681 appello
2087 2600 2341 2662 teneros
2397 2595 2568 2660 fetus
2623 2598 2795 2669 tuoS,

494 2722 572 2768 ne
621 2706 877 2789 garrula
925 2705 1295 2771 curiositate
1344 2706 1734 2771 seducantur
1780 2705 1893 2770 abs
1950 2707 2038 2783 te,
2099 2705 2211 2769 sed
2265 2703 2484 2788 potius
2541 2700 2800 2765 anathe-
2833 2718 2888 2757 ιο

500 2814 696 2887 ment,
746 2812 801 2877 si
850 2812 992 2894 quis
1043 2812 1134 2876 eis
1185 2813 1722 2897 euangelizauerit
1765 2816 2016 2897 praeter
2059 2812 2145 2887 id,
2204 2810 2372 2893 quod
2420 2812 2802 2892 acceperunt

493 2916 561 2980 in
616 2920 703 2998 te,
773 2938 888 2984 nec
953 2919 1315 3002 relinquant
1387 2939 1612 2984 uerum
1668 2938 2088 3002 ueracemquc
2148 2918 2493 2994 Christum,
2549 2916 2614 2980 in
2672 2934 2798 2997 quo

492 3028 651 3087 sunt
715 3044 935 3090 omnes
1000 3025 1287 3089 thesauri
1363 3026 1712 3109 sapientiae
1780 3028 1848 3091 et
1913 3025 2216 3091 scientiae
2282 3021 2666 3097 absconditi,
2735 3023 2802 3085 et

496 3149 791 3214 magnam
821 3130 1299 3196 multitudinem
1332 3132 1688 3197 dulcedinis
1720 3132 1878 3210 eius,
1913 3151 2104 3214 quam
2143 3130 2478 3197 abscondit
2511 3131 2801 3193 metuen-

678 3348 705 3402 1
747 3348 811 3402 cf,
850 3348 965 3403 Ioh.
1003 3350 1054 3414 2,
1096 3350 1126 3403 7
1268 3349 1301 3401 2
1341 3348 1407 3402 cf.
1446 3349 1475 3403 Ι
1512 3348 1648 3403 Tim.
1690 3350 1740 3414 6,
1778 3348 1850 3402 20
1985 3348 2056 3401 22
2095 3348 2162 3403 cf.
2201 3348 2320 3403 Gal.
2361 3350 2410 3411 1,
2449 3350 2482 3401 9
2617 3348 2688 3401 23
2729 3346 2799 3401 cf.

495 3433 614 3491 001.
655 3437 705 3501 2,
743 3436 777 3490 3
1568 3472 1571 3477 -

570 3588 599 3640 1
638 3586 899 3643 iohannes
940 3591 991 3656 (6
1031 3604 1167 3644 corr.
1208 3604 1274 3643 ex
1311 3588 1352 3657 i)
1392 3590 1461 3643 M
1603 3590 1638 3641 2
1687 3587 1890 3642 Paulus
1939 3605 2040 3645 om.
2082 3589 2142 3655 b,
2259 3590 2292 3643 3
2338 3589 2444 3643 uiri
2479 3588 2556 3642 L¹
2700 3604 2799 3643 166-

496 3674 663 3730 cleaia
716 3666 765 3731 0
986 3677 1234 3748 alloquor
1287 3676 1335 3731 C
1509 3678 1567 3731 te
1627 3678 1703 3748 (te
1763 3693 1880 3746 exp.
1932 3683 1983 3732 et
2025 3692 2288 3746 super-scr.
2338 3694 2407 3733 m.
2457 3678 2486 3731 1
2539 3676 2702 3746 enim)
2747 3676 2806 3731 L

496 3764 528 3817 5
552 3767 823 3820 conseruis
844 3768 968 3837 (con
986 3783 1028 3821 s.
1052 3766 1108 3835 Ζ.)
1137 3764 1185 3820 0
1289 3768 1323 3820 6
1344 3764 1746 3821 manicheorum
1768 3766 1827 3833 (h
1853 3782 1898 3819 8.
1929 3766 1987 3833 Ζ.)
2026 3765 2074 3819 Ο
2239 3766 2480 3837 pericula
2513 3764 2804 3821 GSGMP¹

496 3853 734 3922 periculo
775 3860 827 3924 (o
873 3871 918 3913 ε.
958 3872 992 3909 a
1037 3872 1139 3911 scr.
1186 3872 1255 3909 m.
1319 3857 1371 3925 1)
1420 3854 1474 3910 L
1585 3857 1615 3908 7
1654 3854 2033 3909 liberationem
2087 3854 2173 3923 M,
2233 3858 2309 3925 (m
2371 3872 2490 3925 cap.
2547 3872 2616 3909 m.
2661 3856 2713 3923 1)
2749 3858 2804 3910 L

496 3944 815 3999 conuincam
851 3945 935 4011 M,
974 3950 1132 4009 (corr.
1173 3962 1210 3999 a
1246 3962 1316 4000 m.
1360 3946 1410 4011 1)
1450 3944 1505 4000 L
1688 3946 1720 3998 9
1767 3943 2076 4015 proficerint
2111 3943 2265 3999 ΠΜ
2440 3945 2506 4000 10
2552 3943 2717 3999 michi
2761 3944 2809 3998 C

496 4030 567 4086 de
604 4033 773 4104 cuius]
815 4033 993 4089 detine
1032 4034 1103 4105 (2³)
1146 4034 1191 4088 C
1371 4035 1439 4087 12
1476 4033 1850 4088 obsoruuisset
1884 4033 1962 4086 L¹
2134 4033 2377 4088 fallatiae
2420 4034 2470 4088 0
2501 4032 2712 4087 fallacie
2751 4035 2804 4088 L

500 4120 569 4175 13
610 4120 789 4192 decipi
826 4122 904 4193 (pi
939 4140 983 4180 8.
1026 4124 1061 4178 Ζ.
1101 4141 1139 4177 α
1175 4141 1244 4177 m.
1275 4125 1329 4191 1)
1361 4122 1415 4176 L
1526 4124 1596 4176 14
1630 4122 1690 4176 in
1729 4128 1858 4175 ante
1892 4122 1995 4175 hac
2030 4138 2073 4175 s,
2115 4123 2150 4177 Ζ.
2192 4139 2230 4175 α
2264 4140 2334 4176 m.
2369 4138 2472 4177 rec.
2505 4122 2552 4176 G
2583 4138 2686 4177 om.
2713 4120 2804 4175 Lo

500 4208 569 4263 16
618 4210 912 4279 grandibus
960 4216 1017 4283 (n
1060 4228 1103 4267 ε.
1154 4214 1212 4279 l.)
1265 4211 1311 4266 C
1451 4228 1507 4266 es
1557 4210 1655 4266 sed
1701 4228 1802 4266 om.
1851 4210 1952 4265 SG
2106 4212 2352 4282 apepello
2406 4215 2494 4283 (ap
2550 4229 2593 4267 8.
2645 4211 2704 4281 ἶ.)
2751 4211 2806 4265 L

500 4298 560 4352 in
604 4302 685 4369 te]
734 4302 877 4355 inter
922 4302 955 4357 b
1102 4302 1170 4355 17
1222 4301 1365 4356 filius
1414 4300 1515 4356 SG
1662 4302 1728 4354 19
1788 4300 1930 4354 setvs
1987 4302 2042 4366 (v
2099 4316 2221 4369 sup.
2273 4318 2304 4354 o
2369 4318 2406 4355 a
2455 4316 2524 4355 m.
2577 4303 2629 4369 1)
2681 4299 2812 4354 LM

498 4386 647 4457 fetus
691 4388 782 4443 OS
885 4390 955 4443 22
992 4391 1304 4462 relinquant
1345 4393 1456 4461 (pr.
1494 4409 1531 4444 n
1567 4408 1611 4445 ε.
1651 4392 1708 4457 l.)
1751 4390 1799 4442 L
