3159 4984
416 486 545 551 406
1119 484 1171 538 S.
1230 482 1507 537 Aureli
1565 482 2011 553 Augustini

413 677 853 753 maledictum,
895 678 1064 759 quod
1101 678 1406 761 pependit
1440 678 1504 741 in
1543 678 1741 763 ligno.
1788 678 1901 742 1116
1938 680 2130 761 neget
2169 677 2492 744 Christum
2529 680 2724 744 male-

418 784 684 860 dictum,
724 785 832 867 qui
878 788 1071 868 negat
1117 787 1182 848 et
1226 788 1592 859 mortuum3
1643 784 1751 866 qui
1799 786 2013 849 autem
2063 785 2404 850 confitetur
2449 790 2514 850 et
2559 799 2720 851 mor-

414 895 605 957 tuum
656 894 722 955 et
766 910 996 975 negare
1054 910 1179 956 non
1235 893 1453 974 potest
1504 894 1778 956 mortem
1846 890 1922 955 de
1987 895 2248 976 peccato
2316 912 2458 959 esse
2523 897 2588 959 et
2641 894 2720 957 ob

417 1000 538 1064 hoc
577 997 771 1063 etiam
806 998 1014 1081 ipsam
1050 1000 1387 1079 peccatum
1426 996 1665 1075 uocari,
1705 997 1928 1062 audiat
1963 999 2324 1082 apostolum
2374 998 2719 1070 dicentem:

420 1105 772 1187 quoniam
840 1107 1067 1169 uetus
1136 1104 1355 1169 homo
1422 1108 1687 1169 noster
1750 1105 1980 1169 simul
2047 1123 2210 1170 cum
2277 1106 2418 1171 illo
2487 1107 2718 1172 cruci·
2785 1126 2818 1165 ⁵

414 1212 619 1277 fixus
688 1215 827 1289 est,
894 1215 958 1275 et
1017 1211 1372 1295 intellegat,
1440 1230 1630 1295 quem
1685 1211 2100 1277 maledictum
2159 1212 2418 1296 Moyses
2477 1214 2702 1278 dixerit

416 1318 688 1401 ideoque
756 1337 1019 1383 securus
1087 1318 1417 1401 apostolus
1474 1319 1565 1383 ait
1624 1318 1701 1383 (16
1752 1318 2044 1385 Christo:
2108 1319 2360 1384 factus
2419 1322 2536 1384 est
2587 1341 2717 1405 pro

417 1426 638 1491 nobis
685 1424 1204 1501 maledictum,
1254 1424 1425 1489 sicut
1470 1445 1595 1490 non
1643 1425 1864 1490 timuit
1901 1425 2146 1490 dicere:
2194 1446 2323 1510 pro
2374 1428 2720 1492 omnibus

420 1535 772 1598 mortuus
813 1535 951 1597 est.
991 1533 1113 1597 hoc
1144 1536 1245 1597 est
1274 1533 1437 1597 enim
1478 1536 1823 1597 mortuus
1865 1536 2000 1609 est,
2032 1533 2201 1615 quod
2237 1534 2698 1599 maledictus

419 1639 719 1722 quonia-m
764 1658 935 1705 mors
982 1639 1125 1723 ipsa
1171 1659 1243 1704 ex
1290 1639 1635 1705 maledicto
1688 1642 1789 1704 est
1835 1642 1900 1704 et
1945 1639 2361 1706 maledictum
2400 1644 2500 1706 est
2536 1660 2722 1706 omne
2763 1660 2820 1699 ιο

419 1748 773 1829 peccatum,
824 1746 962 1811 siue
1008 1746 1241 1829 ipsum,
1293 1746 1463 1828 quod
1510 1746 1602 1819 fit,
1651 1749 1728 1810 ut
1775 1748 2079 1828 sequatur
2124 1748 2533 1830 subplicium,
2582 1748 2722 1812 siue

414 1852 629 1936 ipsum
680 1853 1090 1936 subplicium,
1132 1852 1303 1936 quod
1351 1853 1478 1918 alio
1527 1854 1716 1918 modo
1765 1855 2035 1918 uocatur
2070 1856 2424 1937 peccatum,
2465 1853 2614 1935 quia
2649 1854 2725 1916 fit

420 1977 491 2023 ex
547 1960 829 2041 peccato,
899 1958 1190 2042 suscepit
1246 1962 1461 2045 autem
1522 1957 1817 2023 Christus
1884 1958 2020 2023 sine
2086 1962 2266 2023 reatu
2334 1958 2720 2043 subplicium

418 2068 729 2141 nostrum,
796 2067 871 2127 ut
932 2064 1079 2129 inde
1146 2065 1429 2130 solueret
1490 2068 1740 2129 reatum
1797 2068 2084 2129 nostrum
2144 2069 2211 2128 et
2263 2065 2472 2129 finiret
2527 2066 2716 2129 etiam

418 2170 807 2252 subplicium
856 2173 1165 2235 nostrum.
2761 2192 2813 2231 ιε»

512 2279 571 2341 5.
638 2276 729 2339 Ex
776 2276 1028 2360 ingenio
1076 2296 1220 2341 meo
1268 2276 1397 2341 ista
1452 2276 1734 2354 dixerim,
1793 2278 1848 2341 si
1905 2296 2028 2358 non
2096 2276 2426 2359 apostolus
2483 2276 2718 2342 totiens

421 2382 544 2448 hoc
588 2382 888 2461 inculcat,
937 2388 1013 2448 ut
1060 2386 1125 2448 et
1172 2384 1555 2448 dormientes
1599 2384 1830 2448 excitet
1868 2387 1933 2447 et
1970 2383 2428 2447 calumniantes
2469 2382 2716 2449 offocet.

422 2490 660 2568 misit,
692 2490 920 2573 inquit,
954 2492 1138 2555 deus
1175 2490 1431 2555 filium
1472 2509 1686 2554 suum
1724 2490 1798 2554 in
1839 2490 2430 2555 similitudinem
2471 2491 2718 2555 carnis

417 2598 739 2680 peccati,
797 2600 882 2661 ut
936 2598 1021 2662 de
1077 2599 1391 2681 peccato
1450 2596 1840 2661 damnaret
1893 2598 2288 2679 peccatum
2346 2596 2418 2659 in
2479 2615 2716 2663 carne.

418 2723 541 2769 non
592 2707 725 2769 erat
776 2724 925 2789 ergo
972 2704 1087 2770 illa
1134 2723 1276 2769 caro
1324 2703 1591 2787 peccati,
1642 2702 1792 2786 quia
1835 2722 1960 2769 non
2008 2702 2084 2767 de
2131 2701 2392 2767 traduce
2439 2704 2718 2770 mortali-
2757 2728 2816 2767 20

421 2812 575 2877 tatis
622 2812 688 2876 in
736 2811 1003 2877 Mariam
1052 2830 1163 2894 per
1205 2812 1567 2877 masculum
1627 2812 1924 2887 uenerat3
1992 2809 2105 2875 sed
2169 2812 2380 2873 tamen
2439 2810 2589 2892 quia
2643 2810 2718 2873 de

423 2921 685 3002 peccato
736 2920 837 2983 est
878 2938 1074 2995 mors,
1122 2918 1235 2983 illa
1282 2921 1497 2983 autem
1548 2936 1690 2983 caro
1739 2918 2034 3000 quamuis
2084 2936 2154 2981 ex
2199 2918 2469 3001 uirgine,
2508 2920 2722 2981 tamen

424 3024 714 3092 mortalis
752 3025 893 3103 fuit,
937 3044 1010 3090 eo
1049 3025 1209 3107 ipso,
1244 3044 1367 3107 quo
1406 3024 1695 3089 mortalis
1735 3028 1886 3101 erat,
1928 3024 2412 3089 similitudinem
2450 3024 2726 3088 habebat

423 3131 626 3196 carnis
672 3132 942 3216 peccati.
1008 3131 1129 3198 hoc
1180 3131 1459 3215 appellat
1506 3131 1699 3195 etiam
1745 3134 2082 3214 peccatum
2131 3134 2589 3213 consequenter
2635 3130 2722 3193 di-

425 3256 613 3303 cens:
663 3240 749 3301 ut
794 3238 879 3302 de
928 3242 1243 3321 peccato
1294 3238 1684 3303 damnaret
1727 3240 2122 3321 peccatum
2168 3237 2241 3301 in
2281 3256 2517 3304 carne.
2566 3237 2720 3301 item
2761 3260 2824 3301 ιε»

428 3344 553 3410 alio
601 3344 783 3410 loco:
845 3364 1031 3421 eum,
1080 3345 1309 3427 inquit,
1359 3344 1484 3426 qui
1532 3364 1675 3409 non
1722 3347 2043 3410 nouerat
2087 3348 2505 3427 peccatum,
2561 3363 2722 3428 pec-

425 3454 675 3517 catum
733 3471 865 3534 pro
924 3452 1143 3517 nobis
1200 3452 1415 3525 fecit,
1473 3455 1558 3515 ut
1612 3471 1746 3517 nos
1805 3451 2042 3517 simus
2099 3450 2409 3515 iustitia
2475 3450 2594 3514 (161
2650 3450 2722 3513 111

422 3560 608 3642 ipso.
679 3577 791 3623 cur
855 3578 1003 3644 ergo
1071 3558 1329 3623 timeret
1383 3558 1642 3642 Moyses
1711 3558 1916 3623 dicere
1971 3557 2488 3623 maledictum.
2555 3556 2724 3638 quod

606 3750 639 3803 5
676 3750 827 3805 Rom.
866 3752 918 3815 6,
957 3752 991 3804 6
1149 3752 1179 3802 7
1220 3748 1340 3804 Gal.
1379 3749 1429 3812 3,
1469 3750 1537 3803 13
1686 3748 1719 3803 8
1755 3748 1813 3802 11
1851 3747 1969 3803 Gor.
2009 3748 2058 3808 5.
2101 3748 2168 3801 15
2309 3748 2375 3803 18
2411 3748 2564 3803 Βο111.
2602 3750 2650 3809 8,
2690 3748 2726 3801 3

426 3840 494 3893 26
532 3840 588 3894 11
626 3838 744 3897 Cor.
786 3842 871 3905 10,
912 3841 978 3894 21

500 3964 527 4017 1
588 3948 879 4019 111616ὤο10
938 3962 1233 4019 L¹S¹M¹G
1362 3964 1393 4014 2
1457 3966 1513 4015 61;
1562 3968 1698 4032 post
1754 3960 1890 4016 conf.
1951 3978 2053 4017 om.
2117 3960 2165 4016 0
2296 3962 2332 4014 4
2391 3960 2567 4031 ipsum
2626 3960 2726 4013 SG-

426 4054 459 4107 6
506 4053 788 4123 intelligat
842 4052 961 4106 CL²
1106 4050 1455 4106 maledictum
1515 4052 1581 4119 (s.
1645 4052 1681 4105 1.
1743 4066 1782 4104 a
1838 4068 1907 4105 m.
1970 4050 2022 4113 2)
2083 4048 2132 4104 S
2235 4050 2268 4102 7
2330 4052 2547 4104 secutus
2607 4050 2730 4103 1²8²

426 4142 628 4195 factum
658 4142 721 4195 S¹
904 4144 988 4195 est
1025 4158 1128 4197 om.
1164 4140 1211 4195 0
1386 4140 1738 4194 maledictum
1773 4156 1871 4210 pro
1907 4138 2066 4193 nobis
2094 4138 2142 4193 S
2258 4138 2326 4192 10
2365 4142 2422 4193 et
2461 4152 2614 4198 (corr.
2662 4154 2730 4191 eu:

428 4230 509 4301 ex)
530 4230 578 4285 S
653 4232 717 4285 11
742 4230 1063 4302 supplitium
1089 4229 1136 4284 C
1208 4231 1275 4283 12
1294 4229 1577 4300 suplitium
1604 4228 1652 4283 0
1739 4228 1805 4283 13
1825 4230 1906 4293 (et
1928 4228 2014 4296 15)
2038 4227 2318 4298 suplitium
2347 4228 2394 4281 C
2483 4229 2548 4281 17
2559 4244 2647 4296 pr.
2671 4230 2728 4279 et

428 4320 475 4391 (t
501 4336 543 4376 s.
576 4321 627 4381 ῑ.)
650 4320 701 4373 L
810 4319 1237 4390 calumpniantes
1261 4318 1309 4373 0
1395 4318 1463 4377 18
1492 4318 1646 4372 Misit
1671 4319 1777 4371 inc.
1809 4336 1851 4371 c.
1888 4322 1920 4371 5
1949 4319 2010 4371 in
2038 4318 2070 4371 b
2180 4315 2539 4372 similitudine
2561 4316 2674 4370 SJ!
2675 4315 2728 4368 G

430 4410 497 4463 19
536 4411 614 4473 (et
650 4408 740 4476 25)
780 4407 1096 4478 dampnaret
1139 4408 1186 4461 C
1290 4410 1355 4461 21
1395 4408 1565 4461 maria
1605 4408 1809 4461 SGMb
