3159 4984
961 400 1052 453 Vl.
1111 400 1404 455 Contra
1458 401 1827 453 Faustum
1886 398 2017 451 lib.
2055 397 2159 450 ΙΙΙ.
2547 396 2675 459 263

395 596 586 659 alium
639 594 987 659 secundum
1035 596 1240 671 illum,
1289 597 1354 659 et
1401 594 1699 676 deinceps
1756 612 2011 658 sursum
2067 610 2294 656 uersus
2349 608 2551 671 usque
2602 588 2679 651 ad

394 702 602 766 Dauid
657 720 770 783 per
822 704 955 765 tam
1019 703 1258 766 multas
1324 699 1760 784 generationes
1826 700 1986 764 alios
2050 702 2341 783 parentes
2408 697 2545 762 eius
2603 696 2680 759 ab

394 810 544 885 iste,
593 809 751 874 alios
799 809 876 872 ab
922 808 1036 873 illo
1086 808 1486 873 enumerari?
1530 808 1701 871 itane
1748 812 1881 871 tam
1928 812 2209 890 apertam
2255 804 2685 869 manifestam-

399 934 519 997 que
569 915 1000 979 diuersitatem
1051 917 1150 979 tot
1197 914 1368 979 acuti
1415 918 1480 978 et
1525 914 1698 979 docti
1744 914 1887 992 uiri,
1936 913 2293 977 diuinarum
2350 912 2687 994 scriptura-

341 1038 366 1077 5
399 1040 538 1085 rum
593 1023 1077 1102 pertractatores
1135 1019 1631 1103 diligentissimi,
1688 1038 1811 1085 non
1868 1019 2159 1083 uiderent
2178 1022 2208 1083 Ρ
2274 1018 2383 1101 qui
2429 1018 2685 1101 quidem

398 1128 460 1189 in
529 1127 726 1191 latina
785 1125 1006 1209 lingua
1066 1125 1368 1208 perpauci
1434 1130 1611 1202 sunt,
1678 1144 1788 1190 eos
1851 1129 2062 1190 autem
2125 1124 2187 1187 in
2257 1142 2481 1208 graeca
2544 1123 2687 1206 quis

401 1236 737 1297 numeret?
803 1231 1100 1296 uiderunt
1165 1250 1302 1295 eam
1366 1233 1574 1314 plane.
1634 1230 1785 1313 quid
1832 1231 1999 1295 enim
2046 1230 2340 1295 facilius?
2388 1233 2499 1295 aut
2545 1230 2687 1313 quis

401 1340 732 1423 paululum
778 1339 1036 1402 intuens
1082 1337 1210 1403 ista
1253 1358 1376 1403 non
1423 1338 1691 1403 uideat?
1758 1338 1870 1401 sed
1916 1338 2017 1420 pie
2066 1338 2420 1422 cogitantes
2476 1339 2689 1401 tantae

405 1446 800 1512 auctoritatis
867 1445 1274 1511 eminentiam
1337 1446 1532 1509 latere
1598 1445 1687 1509 ibi
1754 1445 1993 1527 aliquid
2050 1444 2464 1521 crediderunt,
2522 1442 2693 1527 quod

319 1570 374 1611 ιο
404 1554 768 1637 petentibus
835 1552 1114 1629 daretur,
1181 1551 1643 1617 oblatrantibus
1708 1556 2071 1635 negaretur,
2148 1570 2185 1615 a
2246 1551 2693 1635 quaerentibus

405 1660 813 1733 inueniretur,
861 1655 1464 1739 reprehendentibus
1511 1658 2005 1733 subtraheretur,
2044 1658 2451 1741 pulsantibus
2499 1658 2697 1741 aperi-

407 1769 599 1842 retur,
647 1761 1166 1847 obpugnantibus
1215 1762 1651 1827 clauderetur:
1699 1764 2039 1846 petierunt‚
2088 1764 2514 1845 quaesiemnt.
2560 1763 2698 1847 pul-

411 1873 732 1946 sauerunt,
781 1872 1181 1951 acceperunt,
1227 1870 1633 1947 inuenerunt,
1681 1870 2101 1935 intrauerunt.

503 1980 562 2043 3.
620 1978 866 2061 Nempe
913 1980 1052 2041 tota
1097 1975 1160 2040 in
1208 1976 1332 2040 hoc
1379 1978 1633 2059 quaetio
1682 1982 1801 2056 est,
1850 1978 2166 2060 quomodo
2214 1979 2495 2062 potuerit
2540 1977 2703 2043 duos

327 2104 376 2143 15
413 2087 624 2169 patres
661 2084 892 2149 habere
927 2083 1182 2166 Ioseph.
1231 2084 1352 2149 1100
1401 2083 1565 2147 enim
1616 2084 1671 2149 si
1716 2084 2005 2166 potuisse
2042 2086 2179 2151 fieri
2216 2087 2703 2161 demonstratur,

413 2192 592 2255 nulla
638 2190 890 2256 omnino
939 2207 1134 2253 causa
1181 2191 1296 2263 est,
1337 2208 1450 2253 cur
1486 2189 1823 2271 quisquam
1860 2189 2129 2255 istorum
2170 2192 2705 2276 euangelistarum

415 2299 480 2363 in
516 2297 784 2361 diuersis
815 2295 1330 2379 generationibus
1370 2296 1813 2361 enumerandis
1850 2296 2083 2362 falsum
2125 2298 2356 2363 dixisse
2396 2299 2704 2363 credatur.

420 2424 456 2469 a·
493 2403 742 2468 duobus
781 2402 948 2467 enim
984 2402 1271 2485 patribus
1309 2402 1435 2467 iam
1475 2422 1599 2467 non
1638 2404 1758 2467 erit
1792 2404 2025 2467 mirum
2062 2423 2264 2487 neque
2304 2406 2707 2483 contrarium,

421 2511 590 2593 quod
637 2514 702 2573 et
748 2509 854 2573 aui
902 2509 1026 2573 duo
1076 2513 1142 2573 et
1189 2510 1360 2573 ataui
1417 2513 1482 2573 et
1534 2509 1759 2593 proaui
1815 2528 1955 2575 esse
2010 2515 2357 2595 potuerunt
2412 2515 2479 2576 et
2534 2512 2707 2593 quic-

325 2636 380 2675 20
425 2618 577 2701 quid
642 2636 833 2700 supra
895 2621 998 2681 est
1059 2635 1262 2699 usque
1320 2617 1398 2681 ad
1451 2616 1685 2694 Dauid,
1744 2617 1925 2683 cuius
1982 2622 2155 2681 erant
2213 2620 2395 2683 ambo
2452 2618 2587 2694 filii,
2647 2620 2715 2681 et

422 2724 742 2799 Salomon,
792 2724 900 2805 qui
947 2724 1222 2806 pertinet
1279 2723 1355 2787 ad
1419 2723 1719 2801 ordinem,
1788 2743 1975 2805 quem
2022 2724 2387 2789 Matthaeus
2450 2726 2715 2789 secutus

422 2836 542 2910 est,
601 2834 666 2896 et
709 2830 986 2908 Nathan,
1045 2830 1154 2913 qui
1213 2836 1313 2893 est
1366 2830 1433 2893 in
1489 2830 1671 2907 serie,
1730 2850 1919 2912 quam
1967 2830 2172 2895 Lucas
2233 2830 2541 2913 exposuit.
2608 2829 2715 2893 ad-

422 2938 697 3003 tendunt
759 2938 926 3001 enim
991 2937 1120 3001 ista
1183 2937 1472 3003 nonnulli
1538 2939 1602 2999 et
1664 2936 1887 3001 uident
1940 2955 2063 3001 non
2117 2956 2307 3020 posse
2372 2956 2409 2999 a
2465 2936 2717 3001 duobus

425 3045 582 3109 uiris
628 3064 741 3127 per
787 3042 1296 3107 commixtionem
1346 3043 1548 3106 carnis
1606 3043 1904 3108 hominen
1962 3044 2141 3127 gigni
2188 3048 2253 3107 et
2295 3042 2439 3108 ideo
2486 3046 2718 3125 putant

337 3170 391 3209 25
424 3152 617 3217 istam
683 3149 1120 3232 quaestionem
1187 3168 1310 3213 non
1375 3168 1564 3231 posse
1613 3149 1901 3215 dissolui.
1952 3170 2069 3215 nec
2131 3150 2479 3227 intuentur,
2546 3150 2715 3231 quod

421 3256 919 3323 usitatissimum
989 3258 1179 3337 atque
1248 3256 1625 3321 facillimum
1693 3260 1791 3321 est
1852 3262 2097 3340 patrem
2161 3258 2536 3340 cuiusquam
2592 3276 2715 3322 non

425 3384 570 3429 eum
617 3367 866 3427 tantum
918 3363 1065 3439 dici,
1117 3380 1154 3425 a
1199 3382 1324 3445 quo
1373 3363 1650 3446 genitus,
1701 3364 1811 3428 sed
1859 3364 2047 3428 etiam
2088 3384 2254 3439 eum,
2292 3382 2331 3429 a
2368 3383 2490 3447 quo
2528 3364 2724 3428 fuerit

424 3471 790 3554 adoptatus.

605 3628 672 3680 10
712 3626 777 3680 cf.
814 3626 1009 3679 Matth.
1053 3626 1101 3691 6,
1147 3628 1176 3679 7

500 3761 532 3815 3
587 3760 712 3814 illos
768 3759 868 3814 SG
1014 3760 1312 3813 enumerari
1354 3764 1402 3825 (e
1439 3776 1482 3813 s.
1525 3761 1558 3813 l.
1600 3778 1637 3813 a
1674 3776 1742 3813 m.
1782 3766 1829 3827 1)
1870 3760 1923 3813 L
2032 3762 2063 3813 6
2102 3778 2262 3829 greca
2289 3760 2341 3814 L
2452 3761 2481 3813 7
2533 3777 2725 3814 nume-

425 3855 512 3904 rat
552 3850 768 3911 ,GSGM
801 3853 958 3903 norat
996 3849 1027 3902 b
1174 3864 1238 3903 ea
1275 3848 1361 3902 Lb
1508 3848 1661 3919 quid]
1701 3848 1819 3919 quis
1859 3850 1890 3903 b
2026 3850 2059 3903 8
2098 3855 2251 3905 tante
2289 3851 2342 3903 L
2482 3849 2546 3903 10
2586 3866 2720 3920 que-

426 3937 669 3991 rentibus
724 3938 771 3990 C
879 3939 941 3990 11
987 3936 1448 4006 rephendentibus
1497 3936 1549 3989 L
1698 3938 1762 3989 15
1809 3938 2081 4007 potuisset
2117 3938 2319 3992 LOSG
2358 3941 2629 4009 potuisse»
2672 3945 2723 4007 (τ

429 4030 522 4093 er.)
561 4026 632 4080 M
781 4026 846 4079 16
887 4042 1001 4079 esse
1047 4026 1094 4079 C
1253 4043 1389 4097 quur
1432 4026 1479 4079 G
1620 4028 1687 4080 19
1728 4029 1783 4080 et
1819 4044 1922 4131 otiu.
1961 4030 2030 4081 M
2189 4028 2299 4097 aui]
2339 4035 2434 4082 aut
2470 4029 2556 4081 Lb
2594 4030 2729 4088 aith

429 4148 576 4211 (sup.
602 4146 742 4209 ras.)
771 4141 844 4193 M
985 4146 1041 4195 et
1069 4148 1199 4195 ante
1225 4142 1374 4195 ataui
1404 4158 1506 4196 om.
1537 4142 1568 4196 b
1715 4160 1909 4213 proauae
1938 4146 1985 4203 (t
2022 4160 2089 4197 er.
2112 4163 2131 4211 ,·
2157 4144 2176 4197 i
2204 4161 2271 4199 m.
2307 4146 2329 4197 1
2364 4148 2649 4211 superser.)
2673 4144 2730 4197 L

423 4234 672 4305 proataui
693 4232 724 4286 b
825 4233 890 4285 21
921 4232 1194 4285 mattheus
1217 4232 1268 4284 L
1295 4232 1540 4285 matheus
1568 4232 1616 4287 O
1712 4234 1779 4285 22
1809 4232 2035 4303 nathan]
2066 4234 2311 4287 matthan
2336 4234 2385 4285 L
2496 4235 2562 4287 27
2606 4250 2730 4287 eum

430 4328 560 4375 ante
600 4340 631 4376 a
667 4338 770 4376 om.
809 4322 906 4375 SG
