3159 4984
999 445 1130 499 1111.
1187 444 1478 501 Contra
1531 444 2046 499 Adimantum.
2511 447 2639 509 135

339 639 534 704 haec
583 640 868 705 omnia?
926 660 1071 705 ecce
1118 640 1372 713 habent,
1424 639 1534 704 ubi
1581 639 1729 703 libri
1777 640 2014 703 ueteris
2063 638 2433 703 testamenti
2478 657 2655 721 prae-

343 745 566 810 dicant
596 746 783 811 deum
813 746 876 810 in
907 747 1165 829 templis
1195 746 1577 811 manufactis
1620 766 1743 810 non
1772 746 2053 811 habitare
2080 770 2095 820 ς
2136 750 2203 811 et
2238 750 2451 809 tamen
2482 745 2655 810 filius

343 852 453 915 dei
517 854 720 918 nostri
781 853 1034 937 flagello
1103 854 1177 917 de
1245 854 1520 917 restibus
1577 853 1747 917 facto
1803 852 2045 935 expulit
2100 850 2176 915 de
2232 851 2471 933 templo
2522 870 2653 921 eos.

343 959 459 1041 qui
503 959 706 1025 boues
755 963 820 1024 et
867 960 1194 1025 columbas
1241 960 1621 1037 madebant,
1680 964 1745 1023 et
1798 959 2369 1023 nummulariorum
2426 956 2659 1021 euertit

278 1087 306 1127 ⁵
339 1084 604 1130 mensas
653 1069 717 1130 et
763 1067 888 1130 ait:
922 1066 1184 1131 domus
1231 1067 1473 1149 patris
1519 1066 1665 1130 mei
1715 1066 1975 1131 domus
2024 1065 2393 1130 orationis
2442 1083 2655 1128 uoca-

339 1171 578 1245 bitur,
649 1192 786 1237 uos
853 1176 1102 1237 autem
1167 1173 1474 1238 fecistis
1541 1192 1697 1237 eam
1756 1174 2193 1256 speluncam
2252 1173 2655 1239 latronum.

343 1278 400 1342 si
453 1297 603 1362 ergo
653 1279 881 1360 aliquis
931 1278 1120 1343 etiam
1169 1279 1313 1343 istis
1363 1278 1613 1344 duobus
1661 1299 1733 1343 ex
1781 1279 2047 1343 aduerso
2088 1278 2385 1362 capitulis
2425 1277 2656 1342 consti-

339 1384 507 1447 tutis
555 1384 719 1448 uelit
772 1384 1076 1467 inperitos
1135 1383 1420 1466 decipere
1487 1390 1551 1449 et
1610 1385 1817 1449 dicere
1874 1385 1937 1449 in
1996 1390 2211 1447 uetere
2268 1385 2654 1447 testamento

339 1490 744 1573 magnificari
773 1490 982 1558 deum.
1015 1490 1196 1555 cuius
1228 1491 1459 1555 dicitur
1495 1492 1679 1555 sedes
1718 1490 1963 1555 caelum
2004 1493 2069 1553 et
2103 1492 2271 1553 terra
2307 1489 2657 1553 scabellum

255 1620 308 1659 ιο
341 1597 584 1681 pedum
634 1600 698 1661 et
743 1600 1010 1680 negatur
1054 1597 1338 1661 habitare
1377 1598 1440 1661 in
1482 1597 1671 1661 domo
1710 1596 2091 1664 manufacta,
2132 1594 2195 1659 in
2235 1614 2400 1659 nouo
2441 1598 2655 1657 autem

344 1706 735 1770 testamento
785 1704 1011 1769 domus
1061 1705 1197 1770 eius
1247 1704 1478 1769 dicitur
1513 1704 1825 1787 templum
1865 1704 2303 1768 constructum
2340 1701 2416 1765 ab
2454 1700 2655 1765 homi-

345 1811 578 1875 nibus:
647 1830 850 1876 nonne
897 1811 1254 1875 Manichaei
1311 1811 1417 1875 uel
1474 1830 1613 1877 sero
1668 1810 2037 1875 fatebuntur
2095 1812 2159 1871 et
2221 1807 2655 1871 habitaculum

347 1918 450 1981 dei
497 1938 612 1999 per
656 1936 882 1983 manus
929 1917 1257 1981 hominum
1303 1918 1544 1981 factum
1595 1917 1672 1980 ad
1711 1916 1987 1998 aliquam
2026 1915 2553 1998 significationem
2590 1914 2653 1977 in

347 2029 619 2105 utroque
668 2027 1051 2089 testamento
1103 2024 1304 2106 accipi
1355 2027 1418 2087 et
1467 2024 1656 2087 deum
1709 2043 1831 2087 non
1892 2022 2173 2087 habitare
2230 2022 2293 2085 in
2352 2021 2513 2085 locis
2579 2020 2657 2084 ab

257 2160 308 2199 ιε
345 2130 714 2195 hominibus
763 2130 1084 2195 fabricatis
1132 2131 1196 2193 in
1245 2134 1513 2212 utroque
1561 2132 1947 2193 testamento
1995 2128 2396 2211 praedicari?

441 2238 546 2301 11.
595 2236 690 2301 De
741 2257 833 2304 eo,
882 2236 1051 2317 quod
1099 2236 1162 2299 in
1211 2236 1406 2301 exodo
1455 2236 1761 2319 scriptum
1810 2239 1947 2299 est:
2006 2255 2091 2298 ne
2142 2235 2653 2299 adoraueritis

348 2343 528 2407 deos
577 2342 873 2407 alienos
923 2346 986 2405 et
1031 2342 1304 2405 iterum:
1355 2342 1538 2407 deus
1589 2346 1850 2405 uester
1898 2341 2153 2405 zelans
2194 2340 2655 2423 appellatum

349 2450 608 2513 zelans
658 2448 852 2511 enim
899 2448 1206 2512 zelauit.
1255 2448 1406 2512 huic
1455 2448 1755 2529 capitulo,
1805 2447 1975 2530 quod
2025 2447 2333 2530 scriptum
2382 2450 2516 2511 est:
2568 2466 2653 2510 ne

350 2554 862 2619 adoraueritis
928 2554 1107 2618 deos
1173 2553 1487 2620 alienos,
1549 2572 1697 2617 cum
1755 2552 2221 2630 calumniantur
2275 2552 2651 2625 Manichaei,

257 2690 314 2731 ω
351 2662 508 2725 satis
559 2660 906 2726 ostendunt
949 2660 1198 2742 placere
1248 2660 1370 2724 sibi
1419 2659 1664 2723 adorari
1710 2659 1949 2724 multos
1998 2659 2169 2722 deos.
2237 2678 2351 2721 nec
2386 2658 2650 2746 mirum,

351 2766 858 2850 quandoquidem
905 2766 968 2829 in
1019 2770 1194 2831 secta
1241 2785 1356 2831 sua
1403 2766 1991 2831 numerosissimam
2040 2765 2301 2830 deorum
2344 2763 2653 2829 familiam

351 2876 850 2939 commemorant
913 2876 1102 2954 atque
1171 2871 1634 2937 commendant.
1703 2872 1933 2954 quippe
1992 2872 2100 2953 qui
2157 2871 2349 2935 etiam
2404 2870 2485 2935 ad
2529 2870 2654 2935 ista

349 2980 631 3045 uisibilia
678 2983 1008 3053 uenerunt,
1067 2997 1226 3061 quae
1282 2999 1394 3061 pro
1453 2978 1655 3062 ipsius
1710 2979 2001 3043 ueritatis
2066 2980 2208 3043 luce
2273 2980 2655 3043 uenerantur

354 3090 416 3151 et
459 3088 757 3161 adorant;
805 3090 871 3151 et
913 3087 1056 3151 ideo
1106 3086 1399 3169 displicet
1437 3086 1548 3163 εἰς,
1590 3086 1758 3168 quod
1806 3086 2113 3169 scriptum
2161 3088 2260 3149 est
2302 3085 2367 3148 in
2416 3084 2649 3150 exodo:

261 3232 314 3272 25
355 3212 436 3257 ne
483 3193 994 3258 adoraueritis
1044 3192 1224 3257 deos
1273 3192 1589 3256 alienos.
1659 3192 1899 3256 addunt
1946 3192 2137 3255 etiam
2182 3190 2345 3255 illud
2398 3194 2656 3274 propter

351 3298 467 3363 hoc
515 3298 760 3364 dictum
809 3317 988 3363 esse:
1039 3298 1222 3363 deus
1273 3301 1533 3362 uester
1579 3298 1838 3362 zelans
1888 3298 2349 3380 appellatur3
2401 3297 2653 3362 zelans

355 3406 540 3469 enim
588 3403 893 3480 uelauit,
933 3405 1008 3466 ut
1043 3404 1368 3484 tamquam
1400 3402 1585 3467 deum
1619 3403 1925 3467 zelantem
1966 3422 2088 3467 non
2121 3420 2426 3479 amemuS,
2470 3402 2651 3467 cuius

357 3511 481 3575 zelo
563 3509 718 3574 deos
784 3509 1023 3573 alienos
1091 3509 1292 3572 zelare
1359 3528 1482 3573 non
1549 3508 1833 3571 sinimur.
1912 3510 1975 3571 et
2038 3508 2180 3572 ideo
2248 3508 2467 3573 dicunt
2528 3508 2653 3571 ista

525 3718 558 3773 5
597 3678 718 3770 1011'.
759 3716 809 3780 2,
853 3716 918 3771 15
956 3732 1053 3786 sq;
1091 3714 1288 3769 Matth.
1329 3714 1416 3779 21,
1459 3714 1525 3767 12
1565 3732 1645 3784 sq.
1761 3716 1826 3768 16
1862 3714 1958 3769 Ex.
1998 3714 2083 3772 2ο,
2125 3716 2184 3779 5;
2222 3716 2310 3781 34,
2350 3714 2421 3769 1⁵

385 3860 445 3913 ‚1
485 3855 812 3911 testamenti
852 3858 922 3922 (8.
963 3856 1026 3922 l.)
1075 3854 1122 3908 0
1269 3856 1303 3907 3
1343 3854 1398 3908 ‹11
1446 3858 1515 3921 (8.
1557 3856 1621 3922 l.)
1660 3856 1716 3909 P
1856 3854 2028 3908 nostri
2067 3872 2167 3909 om.
2211 3854 2263 3907 P
2437 3856 2470 3909 6
2510 3866 2649 3927 cam]

353 3946 494 4001 illam
521 3942 822 4001 GTOSVb
958 3944 987 3997 7
1021 3944 1171 4013 ergo]
1209 3960 1335 3998 uero
1366 3944 1409 3998 S
1556 3944 1721 3998 etiam
1759 3962 1860 3999 om.
1902 3944 1985 3998 Vb
2096 3945 2129 3998 8
2167 3943 2331 4014 uellit
2356 3944 2414 3997 P
2555 3962 2650 3998 ue-

354 4036 454 4091 teri
485 4034 629 4087 TOS
641 4033 720 4087 Vb
829 4034 900 4088 10
925 4032 1122 4103 pedum
1154 4032 1270 4087 eius
1299 4032 1332 4085 b
1444 4034 1514 4088 15
1552 4032 1831 4087 fabricatis
1860 4033 1927 4087 ab
1958 4034 2273 4091 hominibus
2314 4033 2361 4083 V
2463 4034 2532 4086 16
2564 4050 2651 4087 ex-

355 4147 564 4203 hodoP
655 4148 722 4204 18
757 4148 1042 4201 huic—est
1079 4154 1229 4214 (wne.
1267 4147 1502 4215 rubr-ic.)
1525 4147 1578 4199 P
1692 4106 1813 4219 quo(¹
1836 4150 1892 4203 P
2003 4149 2073 4205 19
2109 4148 2509 4218 calumpniatur
2552 4148 2599 4202 0
2608 4148 2659 4200 V

361 4236 426 4291 20
453 4236 670 4291 adorare
701 4236 733 4290 b
842 4236 906 4290 21
937 4236 1355 4291 numerosimam
1389 4237 1505 4295 (sed
1541 4236 1616 4289 ssi
1655 4239 1815 4306 affloe.
1855 4244 1931 4293 est
1966 4236 2097 4293 uoci
2135 4241 2573 4303 commemorant)
2611 4236 2659 4290 0

365 4350 432 4405 23
461 4352 617 4407 istius
659 4350 957 4406 Grosvb
1101 4351 1170 4404 28
1211 4350 1406 4420 unare]
1444 4350 1666 4406 adorare
1711 4353 2005 4407 GTGSVb
2153 4318 2341 4417 dicim
2382 4352 2432 4407 G
