3159 4984
471 460 598 523 260
1160 457 1212 509 S.
1269 455 1546 509 Aureli
1600 455 2033 525 Augustini

471 672 593 717 non
662 656 974 717 astrorum
1043 654 1322 719 ordinem
1379 655 1456 718 ad
1511 653 1787 719 hominis
1844 653 1976 717 nati
2034 651 2199 716 diem
2255 670 2444 734 posse
2500 650 2751 715 mutari.

471 763 851 843 quapropter
897 760 949 825 si
1001 760 1188 825 stella
1233 760 1346 824 illa
1401 780 1472 825 ex
1529 760 1630 825 his
1691 762 1842 835 erat,
1906 778 2067 841 quae
2112 758 2177 823 in
2228 758 2399 823 caelo
2447 760 2757 841 peragunt

473 867 721 933 ordines
771 884 942 937 suos,
993 868 1308 949 quomodo
1354 869 1607 950 poterat
1643 865 1993 944 decernere,
2033 865 2201 950 quod
2239 868 2425 929 natus
2466 863 2755 931 Christus

471 977 728 1039 acturus
795 975 946 1046 erat,
1016 992 1174 1056 quae
1240 976 1388 1039 nato
1449 972 1701 1038 Christo
1756 974 1933 1037 iussa
1999 976 2099 1038 est
2148 973 2521 1055 relinquere.
2589 972 2757 1053 quod

469 1080 699 1163 agebat
720 1084 749 1143 Ρ
798 1081 853 1145 si
901 1083 1136 1155 autem,
1183 1084 1260 1145 ut
1303 1080 1694 1163 probabilius
1742 1080 2035 1157 ereditur,
2077 1079 2156 1143 ad
2194 1077 2753 1143 demonstrandum

472 1186 814 1265 Christum,
865 1206 1024 1271 quae
1071 1208 1194 1254 non
1243 1191 1394 1265 erat,
1445 1190 1658 1253 exorta
1704 1191 1827 1257 est,
1870 1205 1992 1252 non
2039 1186 2181 1251 ideo
2232 1185 2521 1251 Christus
2568 1188 2755 1251 natus

472 1296 590 1371 est,
641 1293 790 1376 quia
834 1294 949 1358 illa
997 1293 1222 1372 extitit,
1273 1293 1383 1359 sed
1429 1294 1574 1359 ideo
1622 1294 1733 1357 illa
1780 1293 2005 1369 extitit,
2046 1292 2195 1375 quia
2231 1291 2521 1357 Christus
2568 1294 2755 1357 natus

471 1402 588 1465 est.
636 1400 823 1479 unde,
876 1401 932 1465 si
971 1401 1098 1465 diei
1137 1402 1472 1483 oporteret,
1513 1420 1637 1466 non
1678 1400 1928 1465 stellam
1969 1400 2241 1475 Christo,
2282 1398 2393 1463 sed
2432 1398 2753 1464 Christum

471 1506 696 1571 stellae
742 1506 945 1571 fatum
991 1506 1193 1573 fuisse
1241 1507 1613 1573 diceremus
1660 1507 1799 1591 ipse
1846 1508 2078 1591 quippe
2124 1504 2241 1584 illi,
2279 1524 2402 1571 non
2448 1505 2561 1569 illa
2606 1504 2757 1570 huie

469 1613 767 1677 nascendi
816 1613 1049 1677 adtulit
1095 1632 1370 1679 causam.
1440 1614 1496 1679 si
1552 1632 1700 1697 ergo
1751 1616 1902 1678 sunt
1946 1614 2095 1691 fata,
2144 1632 2303 1695 quae
2352 1632 2390 1677 a
2431 1612 2639 1686 fando,
2688 1611 2753 1676 id

469 1722 568 1783 est
613 1738 650 1783 a
696 1720 960 1784 dicendo
1019 1720 1337 1802 appellata
1395 1723 1562 1796 sunt,
1626 1719 1923 1802 quoniam
1980 1720 2272 1786 Christus
2328 1720 2592 1785 uerbum
2651 1718 2753 1782 dei

470 1828 586 1903 est,
617 1825 682 1889 in
713 1845 856 1907 quo,
890 1828 1228 1909 antequam
1267 1830 1500 1905 essent,
1541 1826 1711 1891 dicta
1748 1829 1900 1891 sunt
1935 1826 2163 1903 omnia,
2202 1844 2324 1891 non
2364 1825 2753 1891 consortium

469 1931 746 1997 siderum
793 1932 994 1997 fatum
1047 1931 1283 1997 Christi
1329 1937 1446 2011 est,
1497 1933 1611 1998 sed
1656 1933 1858 1997 fatum
1908 1933 2099 1997 etiam
2144 1932 2417 1997 siderum
2461 1930 2751 1996 Christus

472 2041 590 2113 est,
641 2038 750 2120 qui
799 2041 862 2103 et
906 2038 1110 2122 ipsam
1159 2058 1407 2104 earnem
1455 2040 1573 2105 sub
1624 2040 1800 2104 caelo
1848 2042 2120 2105 creatam
2167 2058 2243 2104 ea
2276 2038 2608 2103 uoluntate
2647 2035 2753 2099 ad-

467 2146 760 2227 sumpsit,
810 2165 934 2228 qua
981 2146 1172 2212 etiam
1219 2147 1466 2212 eaelum
1524 2147 1783 2213 creauit.
1842 2166 1917 2211 ea
1973 2149 2289 2229 potestate
2348 2144 2642 2229 deposuit
2688 2146 2753 2207 et

463 2250 721 2333 recepit,
772 2272 896 2334 qua
945 2253 1132 2317 etiam
1183 2254 1496 2319 sideribus
1543 2254 1903 2338 imperauit.

555 2360 616 2421 6.
659 2356 813 2422 -Cur
859 2378 1006 2441 ergo
1054 2378 1177 2423 non
1227 2359 1313 2424 sit
1359 2360 1782 2443 euangelium,
1842 2360 2008 2441 quod
2057 2359 2132 2424 de
2179 2359 2305 2423 ista
2349 2356 2749 2441 generatione

464 2466 768 2539 narratur,
839 2484 984 2528 eum
1049 2468 1178 2529 tam
1245 2466 1411 2531 bona
1473 2465 1657 2531 nobis
1742 2466 2165 2542 adnuntietur,
2230 2467 2306 2529 ut
2375 2482 2489 2547 per
2543 2463 2749 2547 ipsam

467 2573 682 2634 nostra
748 2574 1006 2635 sanetur
1067 2571 1452 2639 infirmitas?
1529 2592 1607 2637 an
1672 2571 1819 2655 quia
1881 2572 2246 2637 Matthaeus
2312 2590 2434 2636 non
2500 2574 2599 2636 est
2658 2570 2751 2635 ita

468 2694 754 2753 exorsus,
805 2680 879 2741 ut
927 2678 1166 2743 diceret
1214 2679 1538 2755 ,initium
1579 2678 1963 2762 euangelii
2000 2679 2174 2742 Iesu
2216 2676 2541 2751 Christi’,
2582 2676 2751 2741 sieut

466 2782 556 2846 ait
619 2782 900 2859 MarcuS,
973 2786 1084 2849 sed
1145 2785 1358 2863 ,liber
1412 2786 1928 2870 generationis
1984 2787 2157 2850 Iesu
2215 2784 2565 2851 Christi’?
2626 2784 2748 2848 hoe

462 2888 649 2955 modo
709 2910 822 2954 neo
878 2890 1189 2956 Iohannes
1249 2892 1650 2976 euangelium
1709 2892 2038 2976 scripsisse
2094 2892 2357 2966 dicatur,
2424 2890 2573 2973 quia
2634 2909 2748 2954 neo

461 2996 598 3079 ipse
646 2998 736 3059 ait
783 2998 1054 3073 ,initium
1107 2998 1438 3082 euangelii'
1486 3001 1599 3063 aut
1646 2999 1827 3067 ,liber
1872 3000 2206 3083 euangelii'
2258 2998 2369 3063 sed
2418 2998 2509 3063 ‚in
2556 2997 2746 3080 prin-

466 3102 663 3184 cipio
731 3107 895 3167 erat
959 3106 1310 3169 uerbum'.
1377 3104 1502 3169 nisi
1565 3106 1729 3170 forte
1793 3108 1921 3169 tam
1980 3105 2235 3190 elegans
2290 3104 2747 3169 uocabulorum

459 3206 796 3273 fabricator
841 3209 1117 3274 Faustus
1166 3209 1308 3285 fuit,
1366 3214 1440 3275 ut
1497 3214 1563 3275 et
1618 3212 1739 3276 hoc
1784 3212 2081 3277 Iohannis
2139 3211 2460 3276 exordium
2519 3209 2746 3287 ,uerbi-

463 3312 654 3377 dium’
696 3315 1117 3380 nominauerit
1155 3320 1408 3399 propter
1453 3318 1722 3383 uerbum
1778 3318 1945 3383 sieut
1978 3318 2139 3382 illud
2176 3321 2429 3401 propter
2464 3316 2747 3401 genesim

463 3420 900 3503 ,genesidium'
941 3440 1136 3488 ausus
1185 3425 1284 3489 est
1329 3424 1665 3507 appellare.
1717 3424 1827 3489 sed
1867 3443 1980 3489 cur
2015 3444 2138 3489 non
2176 3425 2388 3508 potius
2428 3423 2744 3508 cogitatiS,

635 3664 703 3717 20
740 3665 874 3718 Mar.
917 3667 963 3729 1,
1005 3668 1034 3719 1
1146 3667 1209 3720 21
1251 3668 1450 3722 Matth.
1497 3668 1542 3729 1,
1587 3669 1617 3723 1
1728 3668 1796 3722 23
1834 3668 1952 3723 Ioh.
1992 3670 2041 3723 1.
2086 3670 2113 3721 1

531 3814 555 3866 1
597 3814 688 3882 ad]
726 3814 792 3867 ob
831 3815 936 3867 Mb
1049 3816 1080 3869 6
1122 3834 1225 3886 que
1270 3816 1318 3871 0
1437 3819 1466 3871 7
1509 3818 1757 3871 exstituis
1794 3818 1847 3871 L
1983 3818 2105 3872 ideo
2145 3834 2247 3872 om.
2285 3817 2316 3871 b
2463 3816 2657 3871 extitui
2692 3816 2745 3868 L

455 3919 600 3955 nona
637 3907 824 3956 exorta
861 3908 947 3958 est
984 3905 1015 3957 b
1197 3906 1230 3958 8
1271 3910 1524 3977 opropter
1565 3912 1635 3967 (et
1672 3907 1732 3959 in
1768 3923 1938 3977 mary.
1987 3907 2281 3977 oporteret)
2318 3906 2393 3959 M
2424 3907 2743 3977 oporteretff‘

461 3992 526 4058 (aa
563 3992 654 4061 er.)
693 3992 745 4044 L
887 3994 977 4063 xpi
1016 3993 1115 4048 SG
1261 3996 1292 4048 9
1330 3996 1436 4065 ipsi
1473 3994 1572 4049 SG
1742 3996 1837 4050 ille
1874 3995 2067 4051 SM¹G
2216 3998 2282 4051 10
2320 3996 2522 4049 adtulit
2557 3994 2646 4059 (lit
2680 3995 2743 4047 in

455 4110 590 4173 ras.)
613 4106 666 4158 L
774 4109 840 4161 16
873 4110 1070 4162 aetiam
1100 4109 1145 4162 0
1251 4111 1317 4163 17
1349 4126 1485 4179 quur
1519 4110 1615 4163 CL
1725 4110 1791 4164 18
1822 4112 2210 4165 annuntientur
2236 4112 2284 4166 S
2307 4076 2657 4165 annuntietur
2690 4109 2739 4162 G

455 4196 521 4249 19
559 4196 808 4250 matheus
845 4197 952 4250 LC'
1089 4199 1169 4252 ita
1205 4216 1306 4252 om.
1346 4197 1377 4251 b
1488 4200 1552 4252 21
1597 4199 1961 4269 generationis
1998 4201 2064 4254 (is
2102 4203 2164 4253 in
2198 4204 2332 4268 ras.)
2372 4200 2425 4253 L
2533 4200 2599 4252 24
2640 4199 2737 4252 eli-

454 4300 586 4353 gans
624 4285 920 4339 LCSGM²
1033 4287 1101 4340 25
1139 4286 1438 4340 uerbidinm
1479 4288 1517 4357 (i
1557 4294 1689 4341 ante
1723 4306 1759 4343 u
1794 4304 1836 4342 ε.
1878 4290 1935 4352 l.)
1966 4289 2019 4342 L
2128 4290 2195 4341 2?
2235 4289 2529 4360 appellare]
2566 4287 2737 4341 nomi-

449 4389 576 4426 nare
615 4372 663 4427 S
801 4390 894 4427 cur
932 4380 999 4440 (a.
1039 4376 1102 4443 l.)
1146 4375 1196 4429 G
1235 4392 1371 4445 quur
1414 4376 1508 4429 GL

2820 1096 2849 1135 5

2790 1631 2845 1670 10

2786 2164 2841 2205 15

2784 2700 2841 2738 20

2782 3235 2837 3275 85
