3159 4984
808 490 908 545 ΠΙ.
949 490 1192 545 Contra
1230 490 1665 543 Fortunatum
1704 488 2099 559 disputatio.
2480 492 2564 555 95

267 704 416 749 cum
463 684 579 748 illa
626 683 965 766 temperari
1012 702 1136 748 non
1183 686 1404 765 posset
1449 682 1573 746 nisi
1612 701 1753 745 mea
1792 682 2213 764 corruptione,
2254 683 2569 765 quomodo

267 794 380 854 aut
424 809 571 872 pars
619 798 738 854 tua
787 790 960 854 dicor
1007 793 1118 853 aut
1163 796 1234 854 tu
1283 788 1673 853 inuiolabilis
1720 808 1939 853 manes
1986 790 2099 852 aut
2143 807 2266 853 non
2316 808 2383 853 es
2432 808 2569 853 cru-

269 894 455 972 dolis,
505 896 616 978 qui
663 914 764 959 me
812 896 946 979 pati
991 896 1259 961 uoluisti
1305 913 1418 979 pro
1465 894 1566 959 his
1614 894 1848 979 regnis,
1897 894 2127 977 quibus
2166 895 2324 959 nihil
2361 896 2572 960 noceri

267 1004 520 1085 poterat
567 1003 644 1066 ab
690 1002 806 1065 illa
851 1006 1040 1085 gente
1086 1002 1484 1066 tenebrarum
1507 1006 1537 1065 ⁴?
1588 1002 1668 1065 ad
1714 1002 1834 1067 hoc
1880 1001 2208 1085 responde,
2250 1001 2305 1066 si
2340 1002 2569 1085 placet,

209 1130 234 1167 5
269 1110 334 1171 et
401 1108 661 1191 dignare
729 1107 920 1171 etiam
981 1107 1148 1172 illud
1203 1109 1360 1172 mihi
1417 1128 1743 1191 exponere.
1800 1108 2118 1190 quomodo
2176 1108 2419 1173 dictum
2476 1112 2575 1173 est

271 1234 306 1277 a
355 1214 560 1278 Paulo
613 1216 943 1297 apostolo:
993 1234 1288 1280 eramus
1337 1216 1800 1280 naturaliter
1846 1214 2003 1278 filii
2048 1215 2223 1290 irae,
2274 1234 2433 1297 quos
2479 1234 2571 1279 re-

274 1320 651 1385 conciliatos
705 1320 864 1385 dic-it
912 1322 1048 1386 deo.
1122 1323 1177 1385 si
1225 1341 1373 1405 ergo
1423 1323 1797 1386 naturaliter
1841 1320 1975 1385 filii·
2004 1320 2131 1385 irae
2180 1324 2375 1399 erant,
2423 1342 2575 1404 quo-

270 1427 463 1493 modo
495 1426 654 1491 dicis
685 1428 1062 1492 naturaliter
1089 1447 1229 1492 esse
1261 1429 1534 1492 animam
1561 1429 1757 1494 filiam
1800 1428 1902 1492 dei
1939 1431 2004 1492 et
2038 1428 2393 1512 portionem
2431 1429 2575 1493 dei?

358 1534 577 1599 FORT.
629 1533 818 1597 dixit:
881 1532 946 1597 Si
995 1534 1348 1599 secundum
1395 1535 1668 1599 animam
1718 1535 1981 1599 dixisset
2018 1535 2366 1617 apostolus,
2405 1536 2575 1617 quod

195 1662 240 1699 ιο
275 1642 478 1707 simus
527 1642 903 1706 naturaliter
947 1640 1064 1703 filii
1117 1641 1266 1713 irae,
1325 1641 1601 1705 alienata
1654 1644 1827 1707 esset
1880 1641 2089 1705 anima
2144 1660 2247 1705 ore
2304 1642 2577 1724 apostoli

279 1766 314 1809 a
359 1747 497 1811 deo.
551 1751 615 1811 et
665 1748 784 1811 hac
831 1746 1020 1811 modo
1067 1750 1138 1810 tu
1186 1748 1430 1812 ratione
1479 1748 1785 1825 ostendis,
1835 1748 2003 1829 quod
2050 1747 2260 1812 anima
2312 1768 2433 1814 non
2492 1748 2579 1813 sit

279 1854 396 1929 dei,
463 1854 616 1936 quia
673 1853 1149 1924 naturaliter.
1205 1854 1414 1936 inquit
1471 1855 1821 1938 apostolus
1882 1873 2141 1919 sumus
2199 1854 2353 1919 irae
2398 1854 2574 1919 filii.

278 1960 333 2023 si
395 1980 551 2025 uero
625 1961 974 2025 secundum
1043 1960 1213 2041 quod
1273 1960 1416 2043 lege
1481 1960 1817 2025 tenebatur
1877 1961 2045 2025 idem
2112 1962 2441 2045 apostolus
2507 1979 2578 2025 ex

279 2068 522 2131 semine
560 2066 901 2139 Abraham,
938 2069 1013 2130 ut
1056 2067 1194 2150 ipse
1243 2070 1656 2145 contestatur,
1697 2068 2105 2145 descendam,
2145 2069 2397 2133 const-at
2432 2086 2578 2133 eum

199 2194 246 2233 15
281 2172 688 2255 corporaliter
763 2172 996 2237 dixisse
1059 2192 1174 2238 nos
1250 2174 1448 2238 fuisse
1513 2172 1681 2238 filios
1748 2174 1905 2239 irae.
1986 2174 2155 2238 sicut
2220 2176 2284 2237 et
2348 2176 2575 2237 cetera.

283 2280 520 2344 animae
569 2298 722 2344 uero
771 2280 1196 2344 substantiam
1243 2281 1540 2357 ostendit,
1580 2280 1749 2363 quod
1790 2280 1875 2345 sit
1912 2300 1982 2344 ex
2022 2279 2161 2348 deo,
2201 2282 2265 2343 et
2302 2278 2575 2343 animam

282 2386 459 2451 aliter
503 2405 628 2451 non
677 2404 866 2469 posse
914 2387 1306 2451 reconciliari
1353 2387 1470 2452 deo
1517 2387 1641 2453 nisi
1687 2405 1799 2469 per
1852 2385 2254 2469 magistrum,
2312 2386 2421 2468 qui
2478 2389 2577 2450 est

283 2491 568 2557 Christus
635 2491 836 2555 lesus.
899 2492 1232 2557 interfecta
1290 2497 1504 2557 tamen
1577 2491 1913 2556 inimicitia
1974 2491 2310 2558 uidebatur
2363 2492 2573 2557 anima

277 2594 534 2682 indigna
573 2598 857 2662 extitisse
887 2598 1042 2675 de03
1076 2599 1188 2663 sed
1227 2599 1376 2681 quia
1413 2600 1609 2663 missa
1646 2602 1765 2676 est,
1794 2599 1916 2663 hoc
1947 2598 2339 2675 confitemur,
2379 2619 2415 2663 a
2453 2599 2568 2664 deo

203 2728 254 2766 20
283 2710 485 2769 tamen
553 2706 985 2787 omnipotente
1051 2708 1117 2769 et
1181 2705 1484 2790 originem
1540 2704 1797 2770 trahens
1858 2710 1923 2770 et
1974 2707 2177 2771 missa
2232 2706 2313 2769 ad
2368 2705 2570 2789 ipsius

289 2811 677 2876 uoluntatem
725 2812 1238 2896 consignandam,
1289 2812 1821 2894 quemadmodum
1872 2815 1938 2876 et
1975 2812 2358 2877 saluatorem
2396 2812 2573 2877 Chri-

289 2920 452 2981 stum
501 2916 819 2982 credimus
867 2918 944 2982 de
993 2918 1167 2982 caelo
1223 2918 1478 2982 uenisse
1533 2920 1936 2983 uoluntatem
1989 2919 2189 3001 patris
2236 2919 2567 3000 complere.

287 3042 440 3104 quae
485 3025 787 3089 uoluntas
833 3025 1032 3108 patris
1078 3025 1238 3089 haec
1285 3028 1418 3088 erat
1473 3025 1715 3091 animas
1770 3028 2019 3091 nostras
2068 3025 2144 3089 de
2191 3025 2409 3089 eadem
2456 3025 2570 3089 ini-

289 3129 524 3194 micitia
565 3130 834 3195 liberare
891 3130 1226 3195 interfecta
1281 3132 1500 3196 eadem
1557 3132 1909 3196 inimicitia.
1976 3151 2139 3214 quae
2197 3132 2252 3196 si
2308 3132 2575 3196 aduersa

205 3258 254 3298 ιε»
291 3235 404 3301 deo
449 3256 568 3303 non
614 3237 865 3313 fuisset,
915 3256 1030 3302 nee
1073 3237 1410 3302 inimicitia
1455 3242 1808 3306 uocaretur.
1858 3240 1967 3303 ubi
2015 3244 2151 3303 erat
2185 3238 2417 3317 unitas,
2457 3257 2573 3302 nec

287 3342 632 3409 interfectio
683 3342 1000 3408 diceretur
1045 3348 1158 3407 aut
1201 3344 1399 3421 fieret,
1447 3345 1559 3408 ubi
1608 3348 1741 3409 erat
1786 3346 1939 3409 uita.

456 3535 524 3587 14
561 3534 626 3589 cf.
667 3534 822 3588 Rom.
862 3536 948 3596 11,
991 3536 1016 3589 1

360 3692 385 3744 1
412 3693 578 3761 possit
605 3691 772 3747 ABP
870 3694 904 3746 2
933 3698 1030 3747 aut
1059 3700 1217 3759 (ante
1243 3698 1386 3763 pars)
1418 3712 1520 3749 om.
1541 3695 1598 3748 A
1698 3696 1730 3749 3
1761 3698 1939 3750 noceri
1970 3696 2107 3751 nihil
2134 3697 2187 3769 A,
2280 3698 2311 3751 5
2342 3695 2567 3767 dignare

289 3779 414 3833 mihi
450 3782 479 3835 b
660 3785 745 3836 est
786 3786 847 3848 (a.
889 3783 946 3849 l.)
977 3784 1033 3835 Β
1071 3784 1146 3837 sit
1179 3783 1234 3836 A
1351 3784 1386 3837 6
1441 3784 1551 3837 irae
1612 3788 1770 3855 eraut
1827 3784 2093 3855 quomodo
2152 3784 2285 3838 dicis
2342 3801 2459 3855 sqq.
2514 3784 2570 3837 B

293 3876 638 3972 quotam—erant
693 3887 796 3924 om.
834 3870 1021 3924 BSPb
1167 3872 1200 3925 8
1246 3872 1568 3926 naturaliter
1620 3874 1853 3928 animam
1908 3872 2077 3927 filiam
2133 3888 2249 3926 esse
2309 3871 2395 3925 dei
2441 3872 2567 3927 PSb

298 3982 358 4035 10
375 3986 726 4041 simusBom.
748 3986 794 4040 S
899 3987 965 4039 11
994 3986 1095 4040 hac
1117 3988 1273 4045 (eor-r.
1296 3988 1498 4055 exhoc)
1520 3988 1695 4042 Ahoc
1718 3988 1748 4041 b
1895 3988 2184 4041 ostendens
2206 3986 2253 4041 S
2359 3988 2425 4042 13
2442 3988 2567 4057 lege

293 4113 386 4153 om.
419 4100 513 4154 PS
682 4102 750 4156 15
786 4102 1069 4206 nos]1neo'1'1n
1099 4100 1210 4154 BP
1416 4102 1578 4156 sicuti
1624 4104 1677 4155 A
1885 4108 2090 4157 ceteros
2138 4100 2212 4155 Sb
2260 4106 2439 4157 cetera
2483 4102 2569 4155 132

299 4212 358 4266 18
381 4217 576 4284 tamen]
608 4215 750 4270 enim
770 4216 894 4269 PSb
923 4232 1110 4319 tamen
1129 4216 1207 4269 Β1
1343 4234 1449 4270 non
1475 4217 1704 4288 indigna
1726 4218 1765 4267 S
1835 4220 1901 4272 19
1938 4218 2043 4272 huc
2064 4216 2104 4270 S
2243 4218 2296 4286 a]
2326 4234 2445 4271 cum
2476 4234 2508 4271 a
2532 4219 2571 4271 3

295 4326 360 4379 20
391 4332 562 4384 tamen
591 4348 695 4385 om.
727 4331 772 4384 S
839 4332 904 4385 21
947 4298 1229 4385 salua⁰rem
1269 4332 1322 4384 Β
1395 4333 1464 4386 25
1501 4350 1611 4386 non
1647 4350 1689 4387 s,
1730 4334 1764 4387 1.
1804 4333 1858 4386 Β
1931 4333 1999 4385 26
2039 4336 2132 4387 aut
2174 4334 2255 4395 (in
2291 4336 2482 4402 τηαν-9.)
2514 4332 2568 4385 A

297 4414 400 4469 uita
434 4422 544 4471 erat
580 4419 611 4472 b
