3159 4984
278 1632 328 1668 10

276 2166 328 2202 15

271 2698 326 2735 2⁰

911 458 998 511 VI.
1055 459 1344 513 Contra
1397 462 1767 515 Faustum
1823 461 1954 516 lib.
2011 463 2139 517 1111.
2525 468 2660 531 269

370 652 706 717 missiones
753 656 1138 718 testamento
1183 658 1399 719 uetere
1449 656 1755 721 contineri
1805 661 1871 721 et
1914 657 2055 722 ideo
2094 662 2285 723 uetus
2321 662 2668 724 testamen-

366 763 508 824 tum
557 760 861 843 appellari
905 780 1089 825 nemo
1137 766 1427 826 nostrum
1475 762 1769 846 ambigit,
1830 768 1895 827 et
1941 765 2109 847 quod
2156 768 2444 831 aeternae
2490 768 2671 832 uitae

365 868 700 950 promissio
745 886 1140 951 regnumque
1190 870 1508 933 caelorum
1565 870 1644 933 ad
1700 890 1939 936 nouum
1993 873 2269 955 pertinet
2320 875 2665 939 testamen-

365 974 542 1037 tum:
593 973 706 1038 sed
749 973 816 1037 in
863 973 994 1037 illis
1041 974 1497 1057 temporalibus
1544 976 1783 1059 figuras
1828 977 2028 1043 fuisse
2074 978 2453 1055 futurorum,
2502 999 2670 1061 quae

367 1078 756 1161 inplerentur
817 1080 882 1143 in
939 1080 1144 1157 nobis,
1201 1080 1264 1144 in
1325 1100 1483 1163 quos
1539 1082 1687 1147 finis
1744 1084 2145 1148 saeculorum
2204 1086 2483 1163 obuenit,
2538 1106 2663 1152 non

368 1186 650 1269 suspicio
706 1206 868 1257 mea,
928 1187 1040 1251 sed
1097 1188 1489 1270 apostolicus
1546 1188 1915 1254 intellectus
1984 1194 2083 1254 est
2140 1191 2386 1256 dicente
2440 1192 2669 1271 Pau10,

370 1312 514 1358 cum
564 1293 639 1357 de
695 1293 934 1357 talibus
991 1293 1398 1375 loqueretur:
1468 1294 1650 1359 haec
1708 1296 1953 1360 omnia
2008 1296 2301 1380 figurae
2358 1301 2663 1363 nostrae

365 1400 694 1477 fuerunt,
739 1404 802 1464 et
846 1401 1117 1464 iterum:
1166 1401 1349 1465 haec
1398 1402 1650 1466 omnia
1697 1402 1771 1465 in
1818 1401 2071 1486 figura
2118 1404 2671 1487 contingebant

367 1507 564 1583 illis;
634 1508 922 1589 scripta
977 1511 1156 1572 sunt
1209 1510 1458 1572 autem
1516 1512 1831 1592 propter
1886 1529 2047 1586 nos,
2102 1510 2177 1574 in
2235 1529 2420 1592 quos
2476 1510 2667 1575 finis

369 1615 848 1679 saeculorum
897 1614 1228 1680 obuenit.
1277 1634 1400 1681 non
1455 1633 1602 1699 ergo
1650 1618 1839 1681 uetus
1886 1619 2343 1682 testamentum
2390 1616 2470 1680 ad
2518 1636 2661 1681 con-

366 1722 718 1803 sequendas
763 1720 909 1785 illas
955 1722 1430 1804 promissiones,
1479 1722 1593 1785 sed
1642 1721 1719 1785 ad
1766 1722 2229 1806 intellegendas
2275 1724 2339 1787 in
2380 1723 2471 1787 eis
2508 1722 2661 1787 noui

363 1828 733 1893 testamenti
777 1828 1364 1911 praenuntiationes
1417 1828 1806 1911 accipimus;
1874 1830 2111 1893 ueteris
2160 1830 2392 1913 quippe
2436 1831 2661 1895 testifi-

365 1936 530 2000 catio
579 1935 769 2001 fidem
815 1955 982 2001 nouo
1033 1936 1348 2000 conciliat.
1415 1936 1585 2001 unde
1643 1935 1939 2001 dominus
1994 1939 2411 2019 posteaquam
2458 1956 2663 2000 resur-

363 2044 524 2107 rexit
589 2062 626 2106 a
687 2043 959 2108 mortuis
1025 2062 1218 2125 seque
1283 2062 1406 2107 non
1473 2043 1683 2107 solum
1750 2044 2129 2107 intuendum
2202 2043 2659 2125 discipulorum

366 2150 569 2213 oculis
636 2150 750 2214 sed
814 2149 1005 2213 etiam
1071 2150 1591 2214 contrectandum
1664 2150 1958 2213 manibus
2034 2149 2295 2225 obtulit,
2362 2168 2441 2213 ne
2508 2149 2662 2231 quid

366 2259 578 2320 tamen
636 2275 782 2319 cum
837 2256 972 2321 suis
1027 2256 1404 2321 mortalibus
1463 2259 1528 2319 et
1583 2256 1941 2320 carnalibus
2000 2256 2295 2320 sensibus
2349 2255 2669 2319 fallaciter
2774 2248 2781 2255 ’

367 2364 470 2448 agi
517 2364 985 2441 arbitrarentur,
1023 2363 1232 2447 magis
1273 2382 1382 2428 eos
1421 2363 1498 2427 de
1535 2356 1831 2427 ueterum
1868 2364 2173 2427 librorum
2210 2362 2665 2427 testificatione

365 2470 646 2533 firmauit
691 2470 946 2534 dicens:
1015 2470 1420 2552 oportebat
1472 2470 1753 2554 inpleri
1811 2470 2075 2546 omnia,
2136 2488 2321 2551 quae
2370 2469 2655 2551 scripta

365 2580 545 2641 sunt
605 2578 678 2644 in
744 2578 914 2659 lege
968 2574 1214 2659 Moysi
1277 2578 1352 2639 et
1413 2576 1813 2659 prophetis
1882 2578 1956 2640 et
2008 2575 2322 2658 psalmis
2382 2575 2465 2639 de
2522 2594 2651 2639 me.

363 2704 486 2748 non
549 2684 764 2766 itaque
830 2702 976 2766 spes
1041 2685 1256 2747 nostra
1317 2682 1383 2746 in
1453 2683 1899 2765 temporalium
1964 2701 2173 2746 rerum
2236 2682 2661 2764 promissione

362 2790 563 2854 defixa
609 2793 728 2866 est,
768 2788 1273 2872 quandoquidem
1321 2808 1438 2853 nec
1484 2788 1661 2871 ipsos
1708 2789 1886 2853 illius
1934 2788 2239 2871 temporis
2288 2791 2542 2853 sanctos
2592 2791 2666 2852 et

362 2897 678 2981 spiritales
733 2898 928 2975 uiroS,
984 2896 1374 2980 patriarchas
1433 2898 1498 2960 et
1549 2896 1913 2980 prophetae,
1978 2895 2079 2959 his
2143 2894 2407 2958 terrenis
2463 2895 2653 2959 rebus

359 3004 560 3069 fuisse
633 3004 880 3069 deditos
958 3003 1310 3078 credimus;
1385 3002 1849 3085 intellegebant
1913 3002 2079 3065 enim
2144 3002 2467 3064 reuelante
2532 3001 2656 3065 sibi

361 3110 588 3193 spiritu
636 3110 757 3184 dei,
807 3109 958 3192 quid
1004 3110 1275 3191 tempori
1319 3109 1416 3172 illi
1464 3111 1841 3192 congrueret
1879 3112 1942 3171 et
1980 3108 2211 3190 quibus
2248 3106 2456 3171 modis
2495 3106 2659 3171 deus

360 3236 474 3299 per
515 3217 659 3281 illas
709 3236 926 3281 omnes
973 3236 1073 3280 res
1123 3219 1336 3298 gestas
1385 3217 1450 3279 et
1495 3214 1699 3278 dictas
1736 3213 1952 3277 futura
1996 3214 2325 3297 figuranda
2368 3216 2434 3277 et
2477 3232 2653 3297 prae-

358 3322 708 3387 nuntianda
770 3323 1150 3395 decerneret,
1217 3320 1548 3405 magiSque
1617 3320 2001 3384 desiderium
2069 3339 2283 3385 eorum
2352 3320 2429 3385 de
2484 3340 2658 3385 nouo

357 3432 740 3494 testamento
773 3433 932 3505 erat3
975 3428 1088 3493 sed
1124 3447 1421 3511 praesens
1459 3426 1701 3490 functio
1744 3427 2083 3509 corporalis
2125 3426 2201 3489 ad
2241 3426 2655 3511 significanda

360 3556 528 3601 noua
574 3538 844 3601 uentura
888 3534 1460 3617 pollicitationibus
1508 3533 1835 3597 ueteribus
1881 3534 2319 3615 praebebatur.
2378 3533 2469 3596 ita
2511 3532 2659 3597 illo—

537 3790 567 3842 7
605 3790 632 3843 I
671 3789 788 3845 Cor.
832 3788 913 3851 10,
954 3788 1003 3842 6.
1046 3789 1108 3841 11
1222 3787 1289 3841 18
1328 3787 1454 3840 Luc.
1495 3787 1578 3849 24,
1610 3786 1680 3838 44

431 3940 456 3993 1
515 3939 686 3993 ueteri
735 3939 766 3991 b
911 3938 942 3990 2
1000 3940 1056 3991 et
1109 3954 1210 3991 om.
1257 3936 1344 3989 Lb
1489 3940 1703 3989 aeterne
1768 3936 1814 3989 0
1988 3937 2101 3990 uite
2158 3936 2211 3988 L
2356 3938 2391 3989 4
2448 3952 2551 4005 que
2606 3935 2660 3988 0

355 4030 388 4083 5
423 4028 558 4081 fines
587 4028 633 4081 S
773 4026 1072 4080 seculorum
1107 4026 1154 4079 G
1257 4027 1288 4079 6
1319 4027 1551 4096 suspicio
1586 4028 1741 4089 (corr.
1772 4042 1837 4077 m.
1870 4029 1909 4077 2
1938 4042 2002 4078 ex
2030 4026 2286 4095 suscipio)
2318 4025 2371 4077 L
2480 4026 2509 4077 7
2545 4024 2645 4076 ali-

353 4118 452 4171 bua
490 4117 542 4170 L
705 4122 833 4184 post
867 4115 1049 4169 omnia
1081 4114 1264 4184 inquit
1296 4117 1360 4168 in
1397 4116 1495 4169 SG
1669 4116 1701 4167 9
1738 4114 1794 4167 in
1832 4114 1941 4167 illis
1980 4114 2183 4169 LCSG
2340 4114 2471 4167 fines
2510 4112 2625 4167 SM
2632 4118 2643 4147 ¹

355 4206 420 4258 12
477 4205 939 4275 prenuntiationes
986 4202 1082 4257 SC'
1225 4206 1289 4257 14
1344 4204 1512 4258 oculis
1569 4202 1951 4271 discipulorum
2004 4202 2051 4257 S
2191 4204 2259 4257 15
2316 4201 2518 4255 obtulit
2569 4202 2641 4253 Ι)

355 4296 419 4347 17
457 4295 900 4362 testificationem
939 4292 992 4345 L
1148 4292 1215 4345 18
1254 4309 1356 4362 que
1402 4292 1444 4345 C
1597 4292 1665 4345 24
1705 4291 1936 4360 tempori
1975 4300 2027 4357 (e
2067 4306 2202 4345 corr.
2240 4306 2309 4343 m.
2348 4294 2387 4342 2
2422 4289 2479 4342 in
2516 4290 2552 4347 i,-
2592 4288 2651 4341 L

351 4386 420 4439 25
457 4383 857 4455 prenuntianda
901 4382 992 4436 C'S
1095 4382 1162 4435 27
1202 4398 1420 4451 presens
1463 4382 1510 4435 G
1614 4380 1683 4434 28
1720 4378 2051 4450 prebebatur
2093 4380 2140 4433 G
