3159 4984
517 453 642 515 110
1214 451 1265 501 S.
1324 447 1598 501 Aureli
1653 448 2092 516 Augustini

507 648 656 727 peto
717 647 793 709 ab
851 647 1026 709 illius
1081 645 1273 709 unius
1329 644 1781 718 misericordia,
1847 645 1913 709 in
1980 663 2103 726 quo
2171 664 2348 727 spem
2414 645 2801 711 liberationis

509 753 816 818 habemus
867 752 943 815 ab
993 752 1287 816 omnibus
1337 750 1651 815 erroribus
1699 751 2182 816 haereticorum.

597 860 811 928 FORT.
853 858 1045 922 dixit:
1093 858 1228 923 Nos
1277 857 1483 921 dicere
1522 856 1860 922 adseueras
1900 857 2222 923 crudelem
2260 878 2400 923 esse
2440 858 2629 922 deum
2668 858 2805 922 mit-

504 966 698 1031 tendo
747 963 1059 1041 animam:
1125 964 1354 1029 fecisse
1402 964 1595 1029 deum
1641 982 1792 1029 uero
1840 964 2162 1028 hominem
2209 968 2275 1029 et
2316 964 2685 1030 insufflasse
2742 964 2803 1028 in

505 1092 650 1136 eum
700 1072 1003 1141 animam:
1054 1090 1244 1153 quam
1288 1070 1510 1152 utique
1557 1090 1670 1152 pro
1719 1090 1837 1135 sua
1882 1071 2149 1135 scientia
2194 1071 2469 1135 animam
2514 1071 2794 1135 futuram
2860 1094 2883 1130 ⁵

501 1179 746 1243 inuolui
797 1181 862 1243 et
907 1177 1212 1242 beneficio
1249 1178 1564 1241 malorum
1602 1196 1727 1241 non
1765 1196 1955 1259 posse
1993 1176 2331 1241 hereditati
2370 1196 2524 1243 suae
2561 1195 2800 1259 reprae-

508 1287 760 1350 sentari.
827 1286 950 1351 hoc
1015 1288 1127 1348 aut
1187 1282 1539 1368 ignorantis
1598 1288 1699 1347 est
1752 1288 1865 1347 aut
1920 1284 2129 1349 dantis
2184 1284 2458 1349 animam
2518 1284 2595 1348 ad
2650 1284 2803 1347 haec.

497 1393 682 1467 mala,
714 1410 874 1474 quae
897 1412 1088 1474 supra
1103 1394 1456 1457 memorata
1476 1395 1646 1458 sunt.
1666 1392 1733 1456 id
1758 1392 2274 1470 commemoraui,
2296 1392 2445 1474 quia
2483 1392 2694 1457 dixisti
2712 1428 2801 1439 --

499 1502 642 1562 ante
674 1503 930 1583 tempus
961 1518 1084 1564 non
1111 1500 1391 1563 multum
1418 1536 1508 1545 -
1528 1499 1700 1582 quod
1732 1499 2133 1583 adoptauerit
2160 1499 2283 1565 sibi
2313 1500 2469 1564 deus
2500 1500 2801 1575 animam,

497 1626 620 1670 non
670 1606 838 1689 quod
887 1608 966 1671 ab
1011 1607 1154 1690 ipso
1203 1608 1324 1681 sit:
1375 1606 1550 1670 aliud
1596 1609 1698 1671 est
1744 1606 1909 1671 enim
1958 1607 2278 1690 adoptare.
2829 1618 2873 1655 ¹⁰

587 1714 692 1777 29.
749 1716 924 1784 ΑΗΘ.
975 1713 1165 1777 dixit:
1215 1713 1310 1777 De
1360 1712 1696 1796 adoptione
1744 1716 1965 1778 nostra
2007 1713 2269 1777 memini
2314 1732 2417 1777 me
2470 1716 2617 1777 ante
2663 1712 2798 1777 dies

497 1820 726 1884 dixisse
776 1818 1129 1884 secundum
1172 1818 1615 1883 testimonium
1666 1818 1961 1900 apostoli„
2012 1819 2121 1901 qui
2168 1818 2324 1881 dicit
2370 1836 2485 1883 nos
2532 1820 2802 1883 uocatos

495 1927 558 1990 in
607 1926 1011 2009 adoptionem
1057 1925 1356 2006 filiorum.
1423 1944 1546 1990 non
1605 1944 1757 2009 ergo
1812 1944 2030 1989 meum
2086 1925 2211 1989 fuit
2262 1923 2447 2001 illud,
2498 1924 2611 1989 sed
2658 1944 2801 2007 apo-

497 2033 799 2098 stolicum
845 2050 1244 2115 responsum.
1306 2031 1384 2095 de
1431 2050 1558 2113 qua
1601 2051 1689 2109 re,
1743 2031 1808 2096 id
1858 2034 1960 2096 est
2004 2032 2081 2097 de
2124 2030 2255 2096 ista
2298 2030 2637 2113 adoptione
2687 2049 2799 2095 suo

494 2148 798 2222 tempore,
839 2140 894 2205 si
931 2140 1163 2222 placet,
1200 2138 1639 2221 inquiramus:
1690 2142 1755 2203 et
1800 2139 1877 2203 de
1920 2138 2037 2202 illa
2068 2138 2501 2203 insibilatione
2539 2156 2796 2223 respon·
2838 2182 2880 2221 15

493 2247 673 2319 debo,
724 2266 870 2311 cum
915 2250 988 2310 tu
1034 2246 1197 2310 meis
1244 2245 1713 2311 obiectionibus
1764 2244 2185 2328 responderis.

582 2354 794 2423 FORT.
843 2353 1036 2417 dixit:
1082 2352 1500 2435 Progressum
1547 2352 1689 2418 dico
1744 2352 1945 2418 fuisse
1992 2353 2237 2417 animae
2283 2354 2503 2417 contra
2550 2356 2797 2417 contra-

494 2460 652 2524 riam
699 2464 1017 2537 naturam,
1067 2478 1227 2542 quae
1273 2461 1498 2523 natura
1543 2458 1662 2524 deo
1710 2460 1870 2525 nihil
1915 2478 2139 2526 nocere
2184 2462 2457 2544 potera-t.

587 2570 692 2633 30.
762 2567 936 2637 AUG.
985 2567 1177 2632 dixit:
1247 2564 1413 2645 Quid
1459 2586 1621 2650 opus
1682 2570 1817 2631 erat
1868 2567 1996 2632 isto
2051 2586 2413 2652 progressu,
2472 2566 2585 2631 ubi
2644 2567 2801 2632 nihil

497 2675 773 2739 habebat
819 2674 998 2751 dene,
1047 2673 1218 2757 quod
1263 2676 1536 2750 caueret,
1588 2672 1691 2738 cui
1738 2675 1953 2739 noceri
1996 2674 2156 2739 nihil
2202 2676 2503 2758 poterat?
2830 2687 2877 2726 ²⁰

584 2781 798 2851 FORT.
869 2781 1058 2845 dixit:
1133 2781 1398 2847 Constat
1461 2780 1631 2864 apud
1714 2781 2167 2846 conscientiam
2233 2786 2512 2846 nostram
2580 2800 2617 2844 a
2684 2781 2799 2847 deo

495 2888 750 2953 uenisse
801 2888 1178 2953 Christum?

587 2995 691 3058 31.
775 2994 952 3063 ΑΒΘ.
1030 2994 1221 3058 dixit:
1314 2994 1555 3058 Iterum
1630 3013 1733 3059 me
1806 2993 2178 3079 interrogas.
2264 2994 2341 3059 ad
2410 2994 2801 3079 interrogata

495 3101 823 3183 responde.

569 3207 804 3277 Pom.
863 3208 1053 3273 dixit:
1133 3208 1237 3274 Sic
1293 3209 1506 3292 accepi
1559 3208 1623 3272 in
1684 3207 1827 3283 fide,
1885 3208 2055 3290 quod
2116 3208 2447 3271 uoluntate
2504 3207 2605 3272 dei
2662 3208 2797 3290 ipse
2832 3220 2879 3259 2⁵

493 3314 619 3379 huc
664 3314 930 3379 uenerit.

678 3472 744 3524 12
783 3471 848 3524 cf.
887 3470 1084 3541 Ephes.
1125 3473 1174 3536 1,
1213 3474 1246 3525 5

573 3596 596 3648 1
655 3612 805 3665 spem
860 3594 1221 3650 miserationis
1279 3600 1334 3650 et
1387 3594 1727 3649 liberationis
1766 3594 1820 3647 A
1912 3574 1963 3647 2'
1984 3593 2201 3701 agmon&
2240 3593 2289 3647 S
2392 3593 2425 3647 3
2464 3592 2795 3659 adsueueras

497 3676 710 3777 0τὲᾶᾷΙὸ
747 3710 803 3763 Β
875 3712 908 3763 4
947 3727 1074 3763 uero
1113 3710 1272 3765 deum
1301 3710 1434 3765 ASb
1533 3710 1810 3765 insufflare
1839 3710 1893 3763 A
1922 3710 2173 3781 insyflare
2202 3708 2257 3763 Β
2329 3708 2362 3762 5
2393 3710 2577 3779 quam]
2608 3725 2719 3778 qua
2744 3708 2799 3761 A

499 3802 652 3872 quasi
689 3802 782 3855 ΡΒ
927 3818 1086 3871 quam
1142 3800 1332 3871 utique
1387 3800 1685 3873 praesciuit
1740 3800 1797 3854 in
1854 3800 2091 3854 futuram
2145 3798 2417 3853 miseriam
2463 3797 2680 3851 inuolui
2718 3798 2798 3852 ed.

497 3916 792 3970 Mau-rina.
931 3915 999 3969 10
1054 3915 1176 3985 ipsa
1210 3917 1266 3969 A
1320 3884 1440 3987 ipsa
1475 3917 1530 3969 Β
1671 3916 1733 3970 11
1796 3914 2151 3985 adoptatione
2206 3914 2317 3967 BP
2456 3912 2557 3967 hos
2596 3910 2801 3967 dixisse

499 4004 614 4060 dies
652 4004 694 4059 S
767 4004 831 4058 12
872 4003 1103 4059 cundum
1129 4005 1208 4057 Βι
1286 4007 1352 4060 14
1391 4005 1456 4059 de
1495 4021 1603 4076 qua
1640 4004 1995 4075 adoptatione
2027 4000 2069 4055 S
2145 4003 2211 4055 15
2246 4000 2638 4071 insibilatione]
2684 4003 2801 4057 sine

499 4120 760 4175 dilatione
821 4120 852 4173 b
1029 4087 1212 4174 lssmeis
1248 4121 1305 4173 Β
1467 4121 1533 4173 17
1574 4119 1712 4173 dixit
1748 4136 1850 4174 om.
1893 4118 1924 4172 b
2087 4134 2429 4188 progressum
2470 4119 2542 4183 (m
2579 4117 2644 4171 in
2684 4134 2800 4172 raa.

499 4226 634 4265 corr.
674 4226 738 4265 ex
775 4209 850 4277 di)
891 4211 946 4263 Β
1092 4210 1210 4264 dico
1250 4226 1351 4264 om.
1380 4208 1536 4265 BSP
1649 4209 1714 4263 18
1750 4214 1875 4278 post
1910 4212 2159 4262 naturam
2200 4206 2329 4261 add.
2366 4194 2479 4276 ἐἷα-ἑ
2516 4204 2607 4261 dix
2637 4206 2801 4271 APb,

498 4317 616 4369 etp.
636 4301 698 4353 in
716 4300 771 4353 Β
881 4299 1037 4369 quae]
1062 4316 1180 4353 cum
1201 4299 1360 4353 Pcur
1381 4298 1412 4352 b
1487 4299 1554 4353 19
1586 4314 1709 4368 aug.
1732 4314 1834 4352 om.
1864 4298 2024 4361 Apo,
2052 4312 2096 4351 s,
2128 4296 2161 4351 l.
2190 4296 2247 4351 Β
2355 4296 2445 4349 dii
2468 4311 2570 4349 om.
2600 4294 2801 4349 BAPb

499 4388 568 4443 20
605 4404 796 4442 nocere
835 4386 925 4439 ΒΡ
1033 4387 1100 4441 21
1141 4390 1322 4440 uestra
1361 4386 1392 4439 b
1537 4385 1587 4456 a]
1628 4402 1729 4440 om.
1769 4384 1822 4437 P
1932 4386 2002 4438 25
2040 4385 2179 4454 ipse]
2216 4384 2337 4453 ipsa
2375 4382 2451 4436 Sb
2489 4398 2592 4437 om.
2630 4384 2688 4435 A
