3159 4984
1022 474 1108 527 vl.
1157 472 1451 529 Contra
1495 473 1868 528 Faustum
1923 472 2054 529 lib.
2111 476 2233 530 XII.
2623 480 2751 543 335

460 667 769 734 uerbum
818 669 955 734 dei.
1024 688 1165 736 non
1214 670 1408 733 enim
1457 688 1730 747 omnes,
1781 670 1915 751 qui
1961 688 2044 733 ex
2089 670 2386 735 Israhel
2443 671 2517 735 hi
2575 676 2753 736 sunt

455 776 943 855 Israhelitae,
1008 796 1249 861 neque
1318 777 1449 859 qui
1505 778 1682 841 sunt
1747 795 1998 841 semen
2055 777 2428 855 Abrahae,
2495 798 2748 845 omnes

455 883 629 961 filii,
680 884 810 949 sed
854 884 927 949 in
975 884 1191 950 Isaac
1237 884 1646 949 uocabitur
1689 883 1837 948 tibi
1885 902 2166 949 semen:
2224 884 2364 949 hoc
2424 887 2559 962 est,
2608 904 2748 949 non

454 991 527 1054 hi
575 990 703 1073 qui
748 990 909 1055 filii
958 990 1227 1065 carnis,
1276 990 1353 1054 hi
1398 990 1556 1054 filii
1613 990 1753 1068 dei,
1813 989 1944 1056 sed
2001 992 2155 1055 filii
2211 990 2748 1074 promissionis

386 1116 413 1155 ⁵
454 1096 917 1180 deputantur
968 1098 1043 1161 in
1100 1116 1372 1162 semen.
1441 1098 1597 1179 quid
1645 1098 1722 1162 ad
1769 1098 1926 1163 haec
1972 1098 2334 1182 responsuri
2382 1102 2553 1175 sunt,
2603 1117 2748 1163 cum

453 1206 663 1287 aperte
710 1204 833 1268 alio
879 1205 1022 1270 loco
1072 1204 1147 1269 de
1195 1204 1316 1269 hoc
1363 1204 1602 1269 semine
1659 1204 1739 1268 ad
1785 1204 2104 1268 Abraham
2162 1204 2445 1270 dicatur:
2512 1205 2584 1269 in
2643 1224 2748 1269 se-

454 1310 645 1375 mine
702 1314 829 1377 tuo
884 1310 1441 1376 benedicentur
1497 1329 1752 1376 omnes
1809 1314 2076 1395 gentes
2132 1316 2422 1377 terrae?
2489 1330 2635 1376 nam
2692 1311 2747 1375 si

452 1437 525 1483 eo
578 1420 862 1502 tempore
918 1418 1067 1483 hinc
1124 1418 1612 1502 disputaremus,
1671 1436 1800 1499 quo
1864 1421 2146 1501 tempore
2209 1420 2332 1484 hoc
2399 1419 2748 1501 exponebat

451 1526 776 1607 apostolus
825 1526 1077 1591 dicens:
1135 1525 1475 1590 Abrahae
1534 1524 1784 1590 dictae
1842 1531 2021 1589 sunt
2074 1526 2625 1609 promissiones
2674 1530 2748 1589 et

360 1651 411 1687 ιο
452 1631 722 1696 semini
779 1632 942 1697 eius
1000 1636 1105 1679 —-'
1142 1650 1285 1696 non
1343 1630 1561 1697 dicit:
1621 1635 1696 1696 et
1751 1631 2175 1697 seminibus
2231 1634 2610 1715 tamquam
2669 1632 2744 1696 in

448 1737 733 1816 multis,
794 1738 923 1803 sed
979 1742 1366 1821 tamquam
1417 1738 1492 1802 in
1549 1758 1693 1804 uno
1741 1775 1830 1785 —
1877 1742 1950 1803 et
2005 1739 2280 1803 semini
2335 1745 2486 1813 tuo,
2543 1738 2744 1820 quod

450 1847 564 1909 est
630 1843 1012 1911 Christus:
1089 1846 1357 1911 fortasse
1424 1845 1656 1926 aliquis
1721 1866 1846 1913 non
1911 1849 2042 1911 tam
2105 1844 2484 1929 inpudenter
2545 1845 2746 1911 nollet

446 1950 567 2015 hoc
614 1950 884 2029 credere,
934 1955 1273 2032 antequam
1320 1951 1571 2017 uideret
1618 1970 1835 2018 omnes
1883 1956 2106 2036 gentes
2155 1952 2406 2017 credere
2454 1952 2521 2015 in
2569 1950 2743 2016 Chri-

448 2060 639 2134 stum,
698 2058 809 2138 qui
863 2058 1261 2142 praedicatur
1316 2078 1387 2122 ex
1444 2058 1684 2123 semine
1738 2058 2076 2123 Abraham.
2143 2078 2310 2124 nunc
2365 2078 2537 2129 uero,
2597 2078 2743 2123 cum

358 2184 406 2225 ιτ.
445 2163 567 2231 hoc
609 2164 837 2250 inpleri
882 2165 1237 2245 uideamus,
1286 2165 1457 2248 quod
1492 2168 1671 2231 tanto
1712 2169 1856 2230 ante
1893 2164 2407 2249 praenuntiatum
2441 2165 2738 2250 legimus,

446 2291 589 2336 cum
650 2290 868 2338 omnes
924 2276 1146 2357 gentes
1202 2272 1329 2337 iam
1384 2271 1837 2337 benedicantur
1878 2273 1944 2336 in
1994 2273 2234 2338 semine
2278 2273 2587 2349 Abrahae,
2637 2272 2740 2337 cui

446 2378 689 2443 dictum
754 2382 853 2444 est
918 2383 1061 2444 ante
1127 2399 1432 2445 annorum
1495 2380 1711 2444 milia:
1776 2380 1850 2443 in
1918 2380 2201 2445 semine
2257 2384 2388 2446 tuo
2443 2379 2739 2444 benedi-

446 2487 709 2550 centur
766 2504 1018 2551 omnes
1074 2489 1371 2570 gentes:
1438 2487 1583 2570 quis
1641 2491 1772 2552 tam
1837 2488 2244 2571 pertinaciter
2306 2486 2607 2561 insaniat,
2665 2488 2740 2548 ut

443 2592 547 2656 uel
595 2592 792 2657 alium
841 2591 1184 2671 Christum,
1233 2593 1345 2675 qui
1390 2613 1513 2659 non
1562 2592 1650 2659 sit
1706 2612 1778 2657 ex
1833 2593 2072 2658 semine
2118 2593 2428 2669 Abrahae,
2478 2597 2739 2658 conetur

354 2716 407 2754 ευ
442 2698 758 2777 inducere,
806 2700 914 2764 uel
960 2699 1037 2764 de
1083 2700 1210 2765 isto
1258 2717 1409 2766 uero
1451 2699 1704 2765 Christo
1743 2700 2114 2783 prophetias
2160 2700 2504 2777 HebraeaS,
2554 2698 2736 2763 cuius

442 2804 651 2888 gentis
698 2810 878 2891 pater
923 2810 1023 2871 est
1066 2806 1404 2884 Abraham,
1454 2806 1615 2870 nihil
1662 2807 1980 2871 existimet
2025 2806 2504 2889 praenuntiasse
2527 2810 2556 2869 Ρ

534 2914 591 2976 7.
634 2910 791 2991 Quis
840 2916 1053 2978 autem
1098 2916 1331 2996 potest,
1378 2933 1503 2979 non
1552 2912 1692 2978 dico
1740 2931 1867 2978 una
1901 2913 2080 2978 breui
2115 2912 2543 2995 responsione,
2583 2929 2733 2993 qua-

440 3018 533 3083 les
578 3019 643 3083 in
690 3019 813 3085 hoc
859 3037 1043 3104 opere
1090 3019 1319 3085 habere
1368 3023 1742 3098 coartamur,
1792 3019 1906 3085 sed
1953 3019 2242 3102 quolibet
2277 3018 2519 3103 ingenti
2551 3019 2731 3083 uolu-

439 3126 607 3190 mine
655 3126 864 3192 omnia
908 3145 1397 3192 commemorare
1444 3126 1779 3209 praeconia
1822 3126 2271 3211 prophetarum
2300 3125 2732 3190 Hebraeorum

349 3252 405 3291 25
442 3231 517 3295 de
566 3232 818 3297 domino
866 3236 931 3299 et
977 3234 1291 3299 saluatore
1356 3236 1570 3300 nostro
1636 3234 1786 3299 Iesu
1851 3232 2145 3299 Christo?
2221 3231 2731 3315 quandoquidem

442 3337 668 3415 omnia,
735 3356 896 3418 quae
961 3338 1091 3403 illis
1158 3338 1559 3404 continentur
1620 3338 1822 3415 libris,
1888 3339 1995 3403 uel
2058 3337 2134 3403 de
2180 3337 2320 3421 ipso
2369 3336 2538 3401 dicta
2583 3338 2734 3401 sunt

439 3444 546 3507 uel
588 3447 842 3529 propter
884 3445 1115 3529 ipsum.
1165 3446 1279 3511 sed
1321 3448 1577 3529 propter
1624 3445 2063 3510 excitationem
2111 3444 2470 3527 quaerentis
2518 3447 2584 3508 et
2627 3442 2730 3506 de-

436 3549 840 3615 lectationem
886 3550 1267 3618 inuenientis
1314 3554 1517 3619 multo
1563 3554 1750 3636 plura
1782 3552 1873 3616 ibi
1910 3572 2023 3634 per
2049 3551 2385 3637 allegorias
2420 3553 2484 3616 et
2521 3550 2722 3633 aenig-

437 3659 608 3721 mata
650 3658 879 3741 partim
924 3659 1140 3725 uerbis
1188 3659 1342 3725 solis
1385 3660 1806 3737 insinuantur,
1853 3658 2082 3741 partim
2130 3658 2323 3723 etiam
2377 3656 2544 3721 facta
2589 3676 2729 3719 nar-

613 3832 645 3885 6
685 3832 819 3886 Gen.
857 3833 943 3896 31,
982 3834 1019 3887 4
1126 3836 1159 3887 9
1199 3832 1317 3888 Gal.
1357 3834 1410 3898 3,
1452 3834 1517 3887 16

506 3956 539 4007 2
576 3954 777 4010 abrahe
814 3956 863 4011 S
962 3958 997 4010 4
1032 3957 1092 4010 hi
1130 3962 1259 4011 ante
1292 3956 1395 4011 filii
1429 3973 1474 4011 a.
1513 3958 1549 4012 1.
1591 3958 1638 4012 S
1740 3960 1774 4012 5
1813 3964 1980 4013 semle
2019 3959 2050 4012 b
2161 3958 2194 4011 8
2231 3957 2358 4012 hinc
2398 3961 2449 4026 (c
2487 3957 2616 4011 add.
2657 3972 2728 4009 m.

434 4042 487 4112 2)
525 4042 573 4099 S
728 4046 763 4099 9
802 4044 945 4099 dicte
982 4046 1030 4100 S
1151 4046 1221 4101 13
1257 4052 1363 4115 :Tp‘o
1401 4045 1502 4101 SG
1629 4048 1697 4100 15
1733 4046 1980 4101 uidemus
2019 4046 2084 4103 8¹
2213 4047 2280 4102 18
2319 4046 2462 4117 quis]
2500 4046 2592 4116 qui
2629 4044 2729 4097 SG

434 4132 504 4187 20
537 4133 629 4188 uel
664 4138 719 4203 (e
756 4150 821 4189 ex
857 4140 909 4203 a)
950 4135 997 4189 S
1133 4135 1226 4189 uel
1265 4135 1355 4205 de]
1390 4135 1563 4190 uaelde
1610 4135 1684 4191 G'1
1830 4136 2093 4191 haebreas
2138 4134 2186 4189 0
2351 4136 2420 4188 22
2460 4135 2636 4206 qualis
2673 4134 2726 4188 L

433 4222 503 4275 24
534 4222 855 4277 hebreorum
891 4222 982 4278 OS
1074 4225 1143 4279 27
1182 4228 1404 4295 propter
1429 4230 1562 4294 post
1588 4225 1686 4279 sed
1713 4242 1816 4281 om.
1851 4224 1898 4279 G
2038 4226 2476 4281 exercitationem
2515 4223 2670 4279 GSM
2675 4224 2726 4277 G

436 4311 716 4381 quaerenti
760 4310 809 4365 0
990 4312 1349 4367 delectionem
1394 4312 1459 4367 0¹
1639 4313 1709 4367 28
1746 4312 2047 4367 inuenienti
2095 4317 2144 4381 (s
2193 4318 2286 4381 er.)
2334 4312 2381 4366 0
2571 4314 2724 4381 enig-

438 4403 587 4455 mata
622 4390 896 4455 LCSMG
1008 4403 1077 4456 29
1114 4402 1259 4456 facta
1297 4402 1452 4471 (corr.
1493 4417 1559 4456 ex
1597 4402 1747 4471 facti)
1793 4402 1845 4457 G
