3159 4984
536 421 674 495 ¹90
1283 419 1333 471 S.
1391 418 1671 471 Aureli
1726 419 2126 487 Augustin

587 616 718 678 lata
765 620 863 677 est
911 616 975 676 et
1022 617 1263 677 saneta.
1329 613 1433 677 hic
1479 632 1634 678 uero
1694 614 2015 695 quaeritur
2060 632 2098 677 a
2142 614 2347 689 nobie,
2402 616 2618 676 utrum
2675 613 2867 677 anima

591 740 662 785 ex
710 719 826 784 deo
877 720 962 783 sit
1011 738 1226 784 neone.
1296 719 1464 801 quod
1519 740 1639 784 nos
1684 720 1957 783 fatemur
2004 722 2069 784 et
2113 720 2509 785 ostendimus
2559 739 2631 783 ex
2678 720 2867 783 salua-

586 827 744 892 toris
775 826 1074 901 aduentn,
1107 845 1178 889 ex
1214 826 1416 908 ipsius
1459 830 1681 890 sancta
1718 826 2203 908 praedieatione,
2240 845 2311 889 ex
2348 826 2553 908 ipsius
2590 825 2867 903 lectione,

590 933 741 997 dum
770 933 994 997 animis
1023 931 1357 997 miseretur
1391 937 1455 996 et
1483 932 1833 997 secundum
1867 933 2003 997 eius
2036 933 2364 997 arbitrium
2396 933 2607 997 anima
2632 933 2869 997 uenisse

591 1039 839 1115 dicitur,
900 1042 974 1103 ut
1029 1039 1292 1103 eandem
1350 1040 1425 1103 de
1483 1042 1687 1104 morte
1743 1039 2045 1103 liberaret
2090 1043 2154 1104 et
2199 1040 2574 1123 perduceret
2622 1059 2759 1105 eam
2802 1039 2867 1103 ad
2918 1057 2937 1096 ⁵

589 1149 907 1211 aeternam
958 1146 1223 1231 gloriam
1275 1148 1338 1209 et
1381 1146 1752 1209 restitueret
1796 1145 1978 1228 patri.
2038 1146 2190 1229 quid
2236 1165 2385 1211 uero
2435 1146 2512 1211 de
2562 1148 2769 1211 anima
2808 1149 2869 1208 tu

585 1253 722 1336 ipse
774 1252 930 1316 dieis
981 1255 1092 1315 aut
1139 1270 1375 1334 speraS,
1423 1254 1641 1315 utrum
1690 1251 1773 1315 sit
1812 1271 1850 1315 a
1886 1252 2023 1325 deo,
2063 1257 2309 1316 neone?
2360 1256 2424 1316 et
2462 1253 2868 1317 substantiam

586 1359 706 1437 dei,
756 1378 828 1423 ex
875 1377 1004 1441 qua
1054 1376 1247 1441 neges
1302 1374 1442 1421 esse
1489 1357 1783 1435 animam,
1831 1360 2027 1423 nullis
2072 1360 2475 1442 passionibus
2512 1378 2703 1441 posse
2740 1360 2869 1423 sub-

582 1468 790 1531 iacere
813 1470 842 1530 Ρ

683 1576 783 1638 12.
832 1574 1007 1637 AUG.
1058 1573 1247 1637 dixit:
1313 1571 1605 1635 Animam
1668 1571 1761 1636 sic
1816 1571 2046 1655 negaui
2094 1590 2233 1636 esse
2282 1572 2709 1637 substantiam
2754 1571 2863 1635 dei.
2898 1582 2938 1619 1⁰

587 1684 662 1745 ut
705 1701 932 1765 negem
985 1699 1124 1745 esse
1172 1678 1349 1743 illam
1397 1677 1609 1754 deum,
1670 1678 1783 1742 sed
1838 1682 2049 1741 tamen
2108 1696 2177 1741 ex
2235 1677 2353 1741 deo
2411 1682 2668 1743 auctore
2722 1698 2867 1743 esse.

588 1789 736 1871 quia
769 1788 941 1852 facta
977 1790 1078 1851 est
1113 1806 1150 1849 a.
1188 1785 1324 1849 deo,
1365 1784 1539 1849 aliud
1588 1788 1689 1849 est
1734 1784 1842 1867 qui
1880 1784 2048 1854 fecit,
2088 1784 2261 1849 aliud
2309 1784 2477 1865 quod
2530 1785 2722 1861 fecit3
2777 1786 2869 1867 qui

587 1895 757 1971 feeit,
807 1892 1238 1977 corruptibilis
1289 1910 1428 1956 esse
1477 1892 1733 1957 omnino
1782 1912 1905 1957 non
1952 1894 2203 1975 potest3
2254 1891 2425 1973 quod
2462 1896 2677 1956 autem
2712 1892 2868 1961 fecit,

590 2000 948 2067 omnimodo
997 2019 1120 2065 non
1168 1986 1384 2082 potest
1431 1998 1691 2079 aequale
1738 1998 1836 2061 illi
1883 2018 2044 2063 esse.
2094 1998 2204 2080 qui
2248 1998 2422 2062 fecit.

676 2109 891 2173 FORT.
941 2106 1168 2171 dixit·.
1196 2105 1334 2195 Neo
1381 2124 1500 2188 ego
1549 2104 1675 2168 dixi
1722 2104 1994 2168 animam
2042 2104 2316 2169 similem
2365 2123 2505 2169 esse
2565 2104 2705 2171 dee.
2768 2103 2868 2171 sed
2901 2112 2939 2151 1⁵

592 2218 738 2299 quia
797 2214 1010 2281 dixisti
1079 2212 1395 2277 facticiam
1467 2230 1609 2290 esse
1674 2212 1948 2275 animam
2016 2214 2080 2275 et
2144 2211 2303 2274 nihil
2366 2215 2614 2294 praeter
2678 2211 2868 2283 deum,

592 2344 843 2409 quaero,
891 2320 1207 2387 undenam
1257 2318 1414 2384 deus
1461 2318 1726 2382 animae.
1757 2317 2177 2383 substantiam
2227 2318 2569 2383 adiuuenit.

684 2434 785 2495 13.
849 2429 1026 2494 Ano.
1084 2426 1276 2491 dixit:
1345 2426 1617 2489 Tantum
1685 2428 2005 2490 memento
2061 2444 2165 2488 me
2218 2425 2599 2508 respondere
2655 2425 2733 2489 ad
2786 2443 2865 2497 ea,

587 2557 748 2621 quae
791 2538 1168 2619 interrogas.
1219 2536 1284 2596 te
1334 2534 1546 2595 autem
1596 2529 1675 2594 ad
1723 2549 1813 2605 ea,
1863 2549 2025 2613 quae
2069 2532 2410 2615 interrogo,
2449 2550 2572 2595 non
2630 2550 2865 2613 rospon-

589 2645 753 2709 dere.
803 2644 1076 2708 animam
1127 2641 1265 2705 dico
1313 2640 1544 2703 factam
1594 2656 1631 2700 a
1678 2637 1815 2709 deo,
1861 2642 1937 2702 ut
1975 2641 2183 2703 cetera
2218 2638 2448 2713 omnia,
2489 2656 2650 2719 quae
2688 2656 2723 2702 a
2758 2638 2860 2701 deo
2896 2642 2939 2681 ²⁰

592 2753 762 2815 facta
816 2758 986 2827 sunt,
1045 2751 1110 2813 et
1162 2748 1329 2812 inter
1380 2746 1513 2819 illa,
1572 2762 1733 2827 quae
1791 2744 1946 2809 deus
1994 2745 2393 2828 omnipotens
2438 2746 2611 2822 fecit,
2657 2743 2865 2829 prinoi-

585 2858 797 2941 palem
842 2859 1058 2922 locum
1105 2854 1326 2919 datum
1373 2872 1513 2918 esse
1551 2852 1817 2916 animae.
1866 2852 1921 2917 si
1959 2856 2173 2917 autem
2213 2851 2483 2934 quaeris,
2518 2850 2685 2915 unde
2720 2849 2887 2913 deus·

587 2964 741 3029 fecit
785 2962 1077 3037 animam,
1125 2962 1444 3023 memento
1495 2957 1779 3022 confiteri
1827 2978 1928 3021 me
1984 2960 2199 3021 tecum
2248 2976 2389 3021 esse
2448 2957 2635 3021 deum
2684 2953 2861 3019 omni—

587 3071 934 3155 potentem.
1004 3064 1412 3147 omnipotens
1479 3066 1691 3128 autem
1756 3084 1880 3130 non
1948 3068 2065 3135 est,
2132 3064 2240 3146 qui
2296 3064 2545 3146 quaerit
2597 3059 2863 3127 adiuuari

591 3176 803 3257 aliqua
844 3173 1130 3247 materia,
1179 3170 1348 3236 unde
1391 3169 1587 3235 faciat
1622 3172 1792 3253 quod
1829 3172 2006 3236 uelit.
2057 3190 2128 3235 ex
2167 3190 2291 3253 quo
2332 3175 2433 3235 est
2468 3186 2861 3251 consequens,
2893 3176 2937 3215 *ὅ

590 3284 666 3346 ut
694 3281 1044 3347 secundum
1070 3280 1261 3345 fidem
1291 3280 1574 3342 nostram
1612 3278 1843 3355 omnia,
1884 3296 2043 3359 quae
2084 3277 2240 3343 deus
2276 3277 2431 3341 fecit
2464 3296 2577 3360 per
2612 3275 2857 3340 uerbum

667 3566 692 3618 l
735 3569 821 3620 est
855 3582 956 3619 om.
998 3562 1045 3618 S
1186 3564 1342 3617 nobis
1382 3564 1428 3618 S
1521 3566 1558 3617 4
1632 3520 1851 3629 animi?
1863 3563 1975 3617 Bvb
2123 3564 2451 3618 et—dicitur
2487 3581 2590 3619 om.
2631 3564 2676 3617 S
2742 3562 2771 3615 5
2803 3558 2862 3611 li·

589 3680 746 3735 beret
781 3680 834 3733 A
869 3644 1158 3733 libeieth
1303 3678 1334 3731 7
1380 3696 1560 3749 speres
1607 3680 1661 3731 A
1709 3648 1889 3748 speres
1934 3678 1991 3732 B
2153 3680 2227 3732 sit
2272 3696 2375 3733 om.
2416 3678 2461 3732 S
2618 3642 2783 3747 ne}ne
2816 3672 2865 3725 Β

594 3798 670 3865 et]
710 3760 830 3864 {¹13
876 3812 978 3850 om.
1015 3794 1145 3847 PSb
1292 3792 1599 3848 substantia
1645 3794 1748 3847 AS
1852 3794 1885 3847 8
1924 3792 2011 3847 dei
2048 3797 2113 3847 ut
2148 3810 2342 3864 negem
2379 3793 2529 3847 illam
2570 3810 2685 3847 esse
2722 3790 2861 3844 deum

594 3884 690 3939 sed
723 3888 907 3939 tamen
946 3898 1008 3937 ex
1048 3883 1148 3937 deo
1188 3900 1250 3937 ex
1289 3900 1397 3953 qua
1435 3882 1480 3937 S
1619 3887 1788 3953 n‘egas
1827 3884 1858 3935 b
1938 3883 2002 3937 12
2042 3886 2094 3954 a]
2133 3900 2195 3937 ex
2231 3881 2473 3937 BAPSb
2620 3881 2751 3935 aliua
2777 3884 2803 3932 e
2828 3874 2870 3929 S

597 3972 662 4027 13
709 3972 925 4026 omnino
974 3988 1091 4025 esse
1139 3970 1186 4027 S
1350 3971 1415 4024 14
1463 3972 1793 4039 omnimodo]
1841 3972 2056 4025 omnino
2108 3972 2138 4023 b
2284 3971 2533 4041 equalem
2584 3969 2631 4024 S
2762 3981 2865 4021 esse

593 4078 694 4115 om.
725 4060 773 4116 S
841 4061 910 4114 16
937 4060 1198 4114 facturam
1230 4060 1261 4113 b
1295 4060 1377 4126 (in
1410 4078 1582 4129 marg.
1614 4061 1688 4114 al.
1720 4060 1955 4129 facticia)
2033 4061 2101 4114 17
2129 4059 2271 4114 unde
2294 4102 2305 4113 .
2326 4076 2452 4113 nam
2478 4058 2585 4114 AS
2653 4058 2718 4113 19
2752 4053 2865 4122 non]

594 4166 694 4205 om.
735 4150 781 4204 S
912 4149 982 4203 20
1039 4150 1240 4203 factam
1297 4166 1413 4203 esse
1452 4147 1499 4203 S
1542 4165 1660 4202 esse
1708 4149 1907 4203 saetam
1947 4150 1978 4203 b
2088 4149 2157 4203 23
2204 4148 2437 4202 animam
2486 4148 2621 4201 fecit
2656 4147 2687 4200 b
2816 4147 2865 4197 te

595 4264 836 4319 confiteri
871 4280 1082 4319 mecum
1118 4263 1224 4317 AS
1257 4263 1498 4317 confiteri
1535 4224 1779 4319 meneum
1817 4263 1874 4317 B
1911 4263 2153 4318 confiteri
2190 4280 2399 4316 mecum
2431 4262 2485 4315 P
2520 4280 2606 4317 me
2644 4256 2868 4317 confiteri

594 4360 774 4408 tecum
812 4353 843 4405 b
989 4353 1058 4406 24
1096 4356 1276 4406 autem
1316 4369 1418 4405 om.
1457 4354 1510 4405 A
