3159 4984
511 414 594 477 86
1213 410 1264 463 S.
1321 408 1601 463 Aureli
1656 409 2088 479 Augustini

509 605 749 669 animas
816 603 894 667 ad
955 622 1222 686 regnum
1290 602 1390 666 dei
1453 621 1817 668 reuersuras
1886 621 2025 668 esse
2101 604 2453 668 secundum
2518 607 2799 669 sanctam

509 711 713 794 ipsius
759 709 1307 793 pollicitationem,
1357 709 1467 790 qui
1513 709 1709 773 dixit:
1778 729 1915 794 ego
1976 728 2137 774 sum
2192 709 2337 786 uia,
2385 711 2681 774 ueritas
2728 713 2815 794 et¹

510 819 742 882 ianua
810 825 892 877 et:
948 835 1156 880 nemo
1213 819 1474 899 potest
1528 815 1618 879 ad
1672 819 1961 899 patrem
2014 816 2433 900 peruenire,
2482 817 2633 881 nisi
2678 837 2803 900 per

509 943 638 988 me.
706 923 807 988 his
862 923 1054 987 rebus
1111 941 1226 988 nos
1284 921 1621 999 credimus,
1681 923 1830 1004 quia
1884 922 2040 986 alias
2096 923 2362 998 animae,
2420 924 2487 987 id
2534 928 2635 989 est
2680 925 2802 990 alio

509 1030 828 1094 mediante
874 1049 996 1094 non
1044 1032 1343 1113 poterunt
1389 1028 1468 1092 ad
1512 1047 1779 1112 regnum
1827 1028 1927 1092 dei
1966 1028 2218 1105 reuerti,
2256 1029 2380 1093 nisi
2416 1030 2632 1113 ipsum
2666 1049 2801 1113 rep·
2862 1049 2885 1087 ⁵

507 1136 799 1220 poterint,
839 1134 1194 1212 ueritatem,
1235 1134 1408 1197 uiam
1456 1136 1520 1197 et
1563 1135 1837 1198 ianuam.
1884 1135 2023 1217 ipse
2072 1135 2241 1199 enim
2279 1134 2470 1200 dixit:
2521 1138 2649 1218 qui
2692 1155 2803 1200 me

511 1243 734 1320 uidit,
773 1241 974 1306 uidit
1012 1245 1086 1305 et
1121 1243 1411 1324 patrem
1460 1251 1540 1301 et:
1596 1241 1719 1323 qui
1758 1240 1829 1304 in
1868 1260 1979 1306 me
2018 1242 2450 1320 crediderit,
2490 1247 2803 1308 mortem

511 1369 650 1414 non
717 1348 1068 1433 gustabit
1131 1349 1204 1412 in
1269 1349 1688 1425 aeternum,
1758 1348 1889 1413 sed
1953 1349 2361 1414 transitum
2426 1349 2665 1414 faciet
2718 1351 2804 1415 de

511 1459 751 1521 morte
809 1455 897 1519 ad
952 1455 1189 1518 uitam
1247 1457 1320 1518 et
1374 1454 1449 1518 in
1502 1454 1873 1519 iudicium
1930 1474 2070 1520 non
2118 1457 2398 1520 ueniet.
2466 1456 2567 1522 his
2614 1456 2803 1522 rebus

507 1583 620 1628 nos
669 1561 983 1627 credimus
1033 1564 1096 1626 et
1148 1561 1306 1626 haec
1363 1563 1462 1624 est
1514 1561 1677 1625 ratio
1732 1561 1879 1625 fidei
1936 1564 2189 1626 nostrae
2256 1566 2322 1626 et
2384 1581 2495 1644 pro
2552 1563 2799 1627 uiribus
2842 1573 2889 1610 ¹⁰

511 1669 702 1733 animi
747 1667 949 1732 nostri
995 1667 1309 1732 mandatis
1358 1667 1493 1731 eius
1543 1668 1973 1751 obtemperare
2020 1687 2213 1732 unam
2259 1668 2449 1733 fidem
2486 1672 2807 1734 sectantes

511 1774 704 1838 huius
751 1774 1078 1850 trinitatiS,
1126 1773 1322 1856 patris
1373 1775 1438 1837 et
1481 1773 1597 1837 filii
1646 1777 1712 1838 et
1758 1774 2019 1856 spiritus
2070 1775 2292 1839 sancti.

603 1882 663 1943 4.
713 1879 886 1944 AUG.
947 1878 1138 1942 dixit:
1203 1879 1338 1943 Has
1395 1878 1658 1954 animaS,
1717 1897 1875 1960 quas
1934 1879 2011 1943 de
2064 1881 2268 1944 morte
2310 1879 2404 1968 'ad
2448 1879 2655 1944 uitam
2697 1900 2813 1964 per

519 1985 843 2051 Christum
880 1984 1097 2049 uenire
1134 1984 1440 2061 fatemini,
1481 2003 1641 2067 quae
1681 2003 1872 2049 causa
1906 1985 2350 2069 praecipitauit
2382 1985 2447 2050 in
2484 1989 2759 2052 mortem
2780 1991 2809 2051 Ρ

591 2091 804 2155 FORT.
853 2090 1043 2154 dixit:
1075 2090 1241 2155 Hinc
1279 2091 1406 2154 iam
1444 2090 1698 2174 dignare
1736 2091 2031 2174 prosequi
2072 2096 2136 2156 et
2174 2093 2501 2167 contraire,
2542 2093 2601 2158 si
2646 2093 2806 2158 nihil
2848 2095 2891 2136 ¹⁵

507 2200 758 2281 praeter
803 2197 1012 2261 deum.

603 2307 662 2368 5.
711 2306 887 2371 AUG.
929 2303 1126 2368 dixit:
1171 2303 1374 2369 Immo
1421 2307 1494 2367 tu
1544 2303 1799 2387 dignare
1846 2304 2225 2387 respondere
2272 2306 2357 2382 id,
2399 2306 2570 2388 quod
2616 2307 2809 2372 inter-

517 2411 780 2496 rogaris,
827 2411 942 2475 has
989 2410 1230 2475 animas
1278 2429 1438 2492 quae
1486 2429 1681 2476 causa
1722 2411 1915 2477 morti
1961 2411 2223 2478 dederit.

596 2517 812 2589 FORT.
873 2517 1064 2582 dixit:
1140 2517 1342 2582 Immo
1397 2519 1470 2581 tu
1528 2516 1785 2601 dignare
1850 2517 2075 2594 dicere,
2144 2521 2359 2583 utrum
2424 2519 2670 2600 aliquid
2728 2520 2815 2586 sit

509 2627 756 2707 praeter
801 2623 1010 2700 deum,
1060 2643 1136 2688 an
1186 2624 1398 2688 omnia
1442 2625 1504 2688 in
1554 2624 1671 2689 deo
1720 2628 1887 2690 sunt.
2846 2633 2895 2672 ²⁰

605 2734 666 2796 6.
711 2731 886 2796 AUG.
937 2730 1129 2794 dixit:
1189 2730 1361 2794 Illud
1407 2749 1526 2814 ego
1572 2731 1953 2816 respondere
2000 2751 2284 2815 possum,
2333 2733 2505 2814 quod
2552 2753 2655 2798 me
2706 2733 2815 2799 do-

509 2839 720 2903 minus
759 2857 948 2904 nosse
985 2837 1195 2903 uoluit
1224 2836 1413 2902 deum
1449 2838 1894 2902 necessitatem
1933 2838 2065 2921 pati
2100 2839 2341 2902 nullam
2378 2859 2567 2922 posse
2605 2859 2815 2923 neque

513 2963 585 3008 ex
634 2944 846 3026 aliqua
889 2946 1066 3028 parte
1112 2944 1339 3009 uiolari
1387 2947 1576 3026 atque
1626 2945 1961 3029 corrumpi.
2029 2944 2199 3027 quod
2246 2964 2391 3010 cum
2436 2949 2509 3010 tu
2558 2965 2817 3029 quoque

510 3050 788 3126 fatearis,
830 3069 1081 3133 quaero,
1122 3069 1248 3132 qua
1285 3051 1666 3115 necessitate
1702 3050 1830 3114 huc
1866 3051 2116 3115 miserit
2150 3052 2414 3130 animas,
2451 3071 2613 3134 quas
2652 3053 2816 3118 dicis

509 3176 623 3240 per
669 3157 989 3222 Christum
1039 3157 1262 3222 redire.
2852 3164 2901 3204 ²⁵

591 3263 806 3328 FORT.
874 3263 1067 3328 dixit:
1147 3261 1332 3343 Quod
1395 3268 1468 3328 tu
1536 3264 1771 3340 dixisti,
1830 3263 1980 3346 quia
2034 3264 2161 3330 huc
2215 3284 2419 3348 usque
2474 3265 2594 3330 tibi
2654 3265 2817 3330 deus

689 3481 739 3534 2.
777 3479 895 3536 Ioh.
937 3483 1021 3546 14,
1061 3482 1094 3535 6
1240 3482 1274 3535 6
1309 3479 1427 3534 Ioh.
1471 3482 1554 3545 14,
1596 3483 1629 3536 9
1776 3481 1805 3534 '7
1843 3479 1963 3535 Ioh.
2002 3483 2054 3547 ὃ,
2095 3482 2166 3534 24

582 3657 604 3708 1
648 3671 824 3709 rerum
861 3655 1070 3708 animas
1107 3655 1254 3725 ipsas
1293 3655 1341 3709 S
1443 3655 1475 3708 2
1513 3654 1708 3725 ipsius]
1746 3671 1898 3708 suam
1935 3655 1991 3707 A
2102 3656 2135 3710 3
2172 3657 2358 3727 ianua]
2395 3659 2515 3711 uita.
2550 3658 2606 3710 A
2763 3665 2821 3714 et

505 3745 684 3814 nemo]
721 3759 877 3798 nemo
914 3742 1072 3798 APS
1093 3816 1106 3848 ι
1155 3759 1413 3871 uffissre
1452 3743 1554 3798 AS
1638 3745 1676 3797 4
1710 3761 1809 3798 nos
1850 3745 1933 3803 (in
1968 3761 2138 3814 mar-9.
2180 3745 2257 3798 al.
2272 3749 2444 3850 ι.ιτιοιι)
2486 3745 2518 3799 b
2710 3749 2819 3819 alie

505 3862 633 3912 sunt
680 3859 856 3930 anime
901 3859 1033 3914 PSb
1081 3859 1218 3913 alias
1266 3860 1442 3929 anime
1488 3858 1544 3911 B
1750 3858 1859 3912 alio
1905 3858 2163 3928 modossss
2212 3865 2339 3914 ante
2389 3860 2445 3913 B
2493 3860 2602 3915 8110
2648 3863 2819 3918 modo

504 3953 630 4002 ante
667 3947 770 4002 PS
945 3947 976 4001 7
1015 3948 1170 4003 uidet
1207 3949 1238 4002 b
1421 3955 1631 4020 patrem
1666 3965 1847 4004 meum
1884 3949 2015 4004 PSb
2200 3950 2234 4004 8
2270 3950 2403 4004 fecit
2438 3951 2493 4004 Β
2544 3951 2683 4007 facit
2722 3953 2827 4010 ΡΒ

509 4063 574 4117 10
613 4063 734 4132 nos]
763 4080 870 4117 non
898 4063 954 4116 Β
983 4081 1084 4118 om.
1113 4064 1244 4118 PSb
1391 4068 1476 4119 est
1503 4081 1605 4118 om.
1636 4065 1667 4118 b
1779 4061 1845 4117 18
1876 4067 2035 4134 quae]
2065 4081 2173 4134 qua
2200 4065 2253 4118 A
2398 4067 2561 4120 morti
2594 4069 2645 4134 (e
2676 4084 2819 4124 corr.

503 4153 566 4206 in
592 4152 632 4217 i)
665 4151 722 4204 B
795 4153 866 4207 19
895 4150 1071 4218 utrim
1098 4153 1154 4206 Β
1227 4153 1297 4207 20
1327 4154 1438 4207 sint
1465 4153 1599 4208 ASb
1674 4155 1740 4208 21
1771 4169 1898 4223 ergo
1920 4153 2030 4207 AB
2122 4153 2191 4206 22
2230 4155 2349 4225 pati
2385 4171 2545 4226 posse
2580 4156 2743 4212 nulla
2780 4157 2829 4213 S

505 4241 619 4310 pati
683 4240 833 4295 nullo
900 4239 1063 4295 modo
1136 4257 1296 4312 posse
1352 4242 1442 4295 A²
1512 4239 1721 4296 nnllam
1793 4243 1913 4312 pati
1984 4258 2147 4313 posse
2204 4242 2236 4297 b
2438 4247 2495 4297 et
2548 4259 2732 4314 neque
2790 4245 2825 4299 b

505 4329 574 4382 23
613 4327 758 4398 quod
794 4332 856 4383 tu
894 4345 1107 4399 quoque
1146 4345 1264 4383 cum
1300 4330 1397 4384 fat.
1437 4329 1485 4384 S
1622 4329 1693 4383 24
1731 4329 1950 4400 quaero]
1990 4347 2092 4386 om.
2132 4332 2187 4385 A
2295 4331 2365 4385 26
2403 4329 2618 4386 dixistis
2658 4332 2713 4386 S
