3159 4984
993 466 1406 523 VLContra
1454 468 1824 521 Faustum
1873 466 2004 520 lib.
2043 466 2158 519 XV.
2584 470 2715 534 429

422 664 708 730 domini
766 663 886 729 dei
940 664 1085 739 tui,
1154 661 1666 745 quandoquidem
1723 664 1796 725 111
1855 662 2047 727 9113111
2102 662 2317 746 ipsum
2375 661 2721 741 Christum,

422 772 531 854 qui
568 773 825 854 propter
863 770 1143 836 carnales
1186 788 1222 833 a
1253 768 1488 833 carnali
1517 768 1800 833 uanitate
1831 768 2227 833 mundandos
2261 769 2454 834 etiam
2483 770 2722 834 carneis

427 878 629 943 oculis
667 897 859 943 uerus
897 877 961 941 in
1001 876 1271 941 ueritate
1312 876 1515 940 carnis
1557 879 1811 940 exortus
1852 878 1969 953 est,
2007 874 2073 939 in
2111 874 2400 940 fallaciae
2437 876 2724 941 uanitate

421 984 751 1069 posuisti?
800 983 1117 1067 quomodo
1168 983 1287 1047 tibi
1335 1002 1459 1047 non
1509 982 1597 1047 sit
1643 980 1981 1047 aduersum
2018 982 2280 1047 tertium
2314 986 2724 1067 praeceptum

357 1114 386 1151 5
424 1091 500 1155 de
549 1090 799 1155 sabbati
846 1090 1087 1173 requie,
1138 1108 1300 1173 quae
1347 1092 1449 1154 tot
1493 1089 1944 1173 figmentorum
1980 1088 2406 1154 inlusionibus
2442 1088 2727 1171 inquieta

424 1198 633 1261 anima
678 1196 1064 1262 uentilaris‘?
1121 1186 1280 1260 haec
1326 1196 1451 1259 tria
1492 1197 1834 1279 praecepta
1881 1194 2198 1277 quomodo
2244 1196 2603 1279 pertineant
2646 1196 2726 1259 ad
2813 1250 2820 1255 .

424 1304 832 1369 dilectionem
873 1303 993 1381 dei,
1023 1302 1274 1386 quando
1316 1302 1549 1385 capies,
1582 1301 1832 1385 quando
1871 1302 2102 1383 sapies,
2143 1302 2390 1385 quando
2432 1302 2723 1367 amabis?

422 1411 819 1476 inmoderata
876 1430 944 1475 es
1003 1413 1069 1475 et
1122 1409 1311 1475 foeda
1368 1412 1434 1473 et
1489 1407 1924 1474 contentiosa:
1991 1408 2317 1486 tumuisti,
2385 1408 2724 1485 euanuisti,

423 1517 703 1597 uiluisti,
782 1516 1113 1582 excessisti
1186 1516 1451 1582 modum
1523 1492 1740 1591 11111111,
1810 1515 2083 1599 turpasti
2158 1515 2448 1593 decorem
2519 1518 2724 1593 tuum,

348 1644 400 1681 ιο
429 1624 707 1689 turbasti
745 1624 1031 1690 ordinem
1067 1626 1277 1688 tuum.
1327 1622 1478 1687 talis
1528 1622 1698 1707 apud
1745 1624 1809 1721 19
1855 1622 1970 1698 fui,
2030 1621 2184 1687 noui
2245 1626 2329 1686 te.
2379 1640 2500 1705 quo
2540 1626 2726 1705 pacto

429 1750 577 1813 ergo
626 1733 691 1795 te
737 1749 905 1795 nunc
953 1729 1216 1795 doceam
1264 1729 1420 1793 haec
1466 1728 1590 1792 tria
1633 1732 1976 1811 praecepta
2031 1728 2109 1792 ad
2165 1728 2569 1793 dilectionem
2625 1729 2728 1793 dei

426 1836 759 1917 pertinere,
811 1854 883 1899 ex
931 1855 1057 1918 quo
1106 1838 1173 1900 et
1215 1854 1331 1919 per
1378 1854 1569 1917 quem
1620 1837 1686 1898 et
1728 1834 1794 1898 in
1844 1854 1968 1917 quo
2027 1839 2180 1900 sunt
2235 1834 2494 1900 omnia?
2560 1835 2726 1900 unde

426 1944 545 2006 hoc
591 1942 937 2026 intellegis,
987 1941 1241 2025 quando
1298 1960 1415 2006 1190
1472 1940 1586 2005 1113
1644 1943 1910 2024 septem,
1971 1961 2129 2024 quae
2187 1942 2267 2006 ad
2323 1942 2727 2007 dilectionem

426 2048 693 2132 proximi
754 2047 1113 2130 pertinent,
1191 2067 1315 2129 qua
1390 2046 1705 2112 humanae
1771 2045 1942 2112 uitae
2009 2046 2283 2113 societas
2348 2050 2728 2125 continetur,

334 2177 387 2216 15
430 2154 653 2219 erroris
702 2154 799 2219 tui
850 2154 1227 2219 detestanda
1271 2153 1692 2237 peruersitate
1739 2172 1927 2218 nosse
1977 2157 2168 2237 atque
2218 2156 2555 2221 obseruare
2593 2174 2729 2239 per-

428 2261 757 2326 mitteris?
804 2262 869 2324 in
920 2261 1152 2343 quibus
1200 2260 1574 2324 mandatum
1621 2260 1897 2342 primum
1938 2264 2074 2326 est:
2123 2261 2406 2327 honora
2439 2266 2730 2346 patrem

424 2369 642 2433 tuum
691 2372 768 2433 et
812 2370 1129 2433 matrem
1176 2370 1403 2445 tuam,
1454 2367 1623 2449 quod
1671 2370 1737 2431 et
1773 2368 2012 2433 Paulus
2061 2372 2516 2435 commemorat
2557 2389 2732 2434 man-

430 2474 648 2539 datum
714 2474 994 2559 primum
1061 2474 1126 2537 in
1192 2474 1685 2555 repromissione
1743 2474 1962 2539 eadem
2019 2478 2207 2558 atque
2263 2476 2484 2541 itidem
2534 2476 2727 2540 etiam

426 2582 563 2665 ipse
591 2582 1010 2665 praecipiens.
1045 2584 1118 2645 tu
1149 2583 1364 2644 autem
1396 2580 1684 2646 doctrina
1713 2580 2082 2648 daemonica
2119 2582 2400 2648 didicisti
2434 2582 2727 2649 inimicos

334 2710 391 2747 20
429 2688 731 2771 deputare
779 2690 1074 2771 parentes
1123 2689 1293 2763 tuos,
1343 2686 1514 2770 quod
1551 2689 1616 2751 te
1653 2706 1767 2770 per
1804 2688 2212 2752 concubitum
2249 2688 2313 2752 in
2354 2706 2536 2753 carne
2572 2688 2728 2772 liga—

428 2796 637 2859 uerint
703 2796 768 2859 et
832 2794 953 2859 hoc
1007 2794 1198 2859 modo
1258 2794 1481 2876 utique
1540 2794 1658 2858 deo
1718 2796 1828 2858 tuo
1884 2794 2220 2859 inmundas
2280 2794 2592 2878 conpedes
2637 2795 2728 2860 in-

425 2901 774 2982 posuerint.
825 2901 975 2965 hinc
1024 2899 1216 2966 9113111
1266 2918 1662 2983 consequens
1706 2904 2136 2984 praeceptum,
2187 2901 2356 2983 quod
2402 2904 2536 2966 est:
2586 2921 2726 2967 non

426 3000 975 3086 moechaberi'S,
1034 3008 1129 3072 ita
1186 3006 1470 3084 uiolatis,
1526 3010 1603 3070 ut
1656 3008 1778 3072 hoc
1834 3008 2102 3073 maxime
2158 3008 2223 3073 in
2280 3008 2576 3092 coniugio
2625 3008 2729 3073 de-

427 3114 788 3192 testemini,
857 3114 1027 3197 quod
1092 3113 1211 3178 filii
1274 3116 1713 3196 procreantur,
1783 3132 1855 3179 ac
1920 3114 2011 3180 sic
2073 3112 2391 3180 auditores
2454 3116 2728 3191 uestros,

336 3240 392 3279 85
429 3221 583 3285 dum
630 3226 879 3299 cauent,
928 3241 1007 3286 ne
1054 3220 1351 3299 feminae,
1400 3220 1633 3303 quibus
1680 3221 2052 3299 miscentur,
2102 3222 2478 3306 concipiant,
2540 3222 2730 3289 etiam

429 3347 693 3394 uxorum
733 3329 1057 3395 adulteros
1097 3328 1369 3394 faciatis.
1421 3328 1666 3393 ducunt
1704 3330 1872 3393 enim
1911 3348 2016 3393 eas
2058 3348 2128 3393 ex
2164 3331 2309 3414 lege
2343 3329 2732 3395 matrimonii

427 3436 667 3501 tabulis
740 3436 1283 3519 proclamantibus
1360 3435 1708 3501 liberorum
1772 3436 2303 3520 procreandorum
2370 3455 2562 3502 causa
2583 3488 2599 3515 ,
2667 3441 2732 3501 et

606 3629 673 3681 12
712 3626 781 3682 cf.
816 3628 968 3684 Rom.
1012 3629 1092 3694 11,
1131 3628 1202 3684 30
1314 3630 1383 3683 19
1421 3628 1487 3683 cf.
1526 3629 1624 3683 Ex.
1661 3628 1749 3693 20,
1791 3628 1892 3693 12;
1929 3627 2128 3698 Ephe&
2167 3628 2217 3693 6,
2256 3628 2290 3679 2
2385 3697 2393 3707 ι

498 3734 531 3787 3
569 3734 800 3803 carnalis
837 3734 892 3787 L
938 3734 1165 3789 carnalis
1210 3734 1289 3839 qb
1513 3735 1758 3789 fallatiae
1802 3735 1850 3789 0
1891 3733 2103 3789 fallacie
2141 3734 2195 3787 L
2338 3736 2374 3789 4
2409 3735 2640 3789 tercium
2687 3733 2736 3788 0

426 3850 460 3901 8
496 3849 621 3921 feda
660 3849 714 3903 G-
749 3849 875 3904 feda
918 3849 1027 3905 08¹
1206 3850 1442 3922 trmuisti
1486 3849 1533 3903 0
1641 3850 1672 3903 9
1710 3848 1946 3904 turbasti
1981 3850 2044 3915 (s,
2085 3850 2120 3903 b
2161 3867 2198 3903 a
2234 3867 2302 3905 m.
2341 3855 2374 3903 1
2411 3850 2540 3905 add.
2580 3851 2637 3920 p)
2677 3849 2732 3903 L

430 3938 497 3992 18
530 3938 943 4009 repmissionem
978 3938 1033 3991 L
1068 3939 1421 4010 promissione
1458 3938 1514 3991 P
1546 3939 1893 4010 pmissionem
1933 3938 2104 3994 SMG
2276 3938 2342 3992 19
2382 3938 2732 3992 daemoniaca

430 4031 484 4094 (a
518 4028 655 4081 med.
701 4044 771 4081 m.
810 4028 843 4080 2
890 4032 1181 4097 superscr.)
1232 4028 1287 4081 L
1336 4028 1648 4081 doemonica
1696 4026 1820 4082 862
1868 4028 2180 4081 demoniaca
2231 4026 2310 4083 Ob
2491 4027 2560 4081 22
2604 4026 2730 4081 hinc

430 4116 594 4169 etiam
660 4116 1107 4171 considerandum
1173 4120 1259 4171 est
1316 4116 1459 4186 quod
1515 4132 1746 4187 sequens
1804 4120 2150 4187 praeceptum
2209 4131 2320 4185 sqq.
2377 4114 2430 4168 L
2485 4114 2728 4170 conside·

428 4204 657 4258 randum
702 4208 787 4260 est
821 4206 885 4259 in
938 4222 1108 4276 mary.
1167 4206 1299 4259 add.
1338 4205 1453 4270 SG,
1492 4206 1652 4259 umis
1687 4206 1817 4261 incl.
1863 4205 1912 4261 C'
2069 4211 2152 4260 est
2199 4210 2466 4274 (wsupra
2505 4221 2532 4259 9
2572 4221 2642 4260 er.
2683 4212 2733 4259 et

428 4295 481 4345 st
530 4292 709 4348 adeor.
758 4310 825 4362 m.
873 4294 927 4360 2)
976 4294 1029 4347 L
1174 4294 1242 4347 23
1280 4291 1615 4347 mechaberis
1668 4294 1716 4347 0
1746 4293 2114 4348 moechaberis
2155 4296 2207 4361 (o
2247 4308 2288 4347 8.
2331 4296 2364 4349 l.
2407 4312 2443 4347 a
2481 4310 2549 4347 m.
2597 4294 2648 4361 1)
2680 4295 2730 4347 L

427 4380 493 4433 27
534 4381 991 4451 proclamantibus
1030 4384 1069 4454 (l
1107 4399 1148 4437 8.
1192 4384 1251 4449 l.)
1296 4382 1344 4436 (J
