3159 4984
966 443 1057 495 VI.
1099 442 1389 497 Contra
1444 444 1816 497 Faustum
1873 444 2001 499 lib.
2039 445 2192 499 XIII.
2597 452 2732 513 393

434 638 721 721 sequitur
765 638 935 701 idem
981 638 1292 722 propheta
1350 641 1415 702 et
1468 640 1797 718 tamquam
1854 642 2070 704 motus
2127 640 2325 703 animi
2383 641 2521 707 eius
2571 643 2734 707 ordi-

434 745 765 810 natissime
822 744 1139 827 excipiens
1197 744 1385 809 docet
1448 764 1592 808 eum
1655 746 1992 810 ecclesiam
2044 744 2284 811 Christi
2340 748 2546 831 ipsam
2595 768 2742 814 esse

435 852 843 936 praedictam.
896 870 1055 933 quae
1105 850 1402 915 omnibus
1452 851 1692 915 eminet
1750 856 1815 916 et
1871 853 2151 935 adparet.
2220 855 2362 937 ipsa
2419 856 2581 919 enim
2643 860 2748 919 est

441 960 623 1024 sedes
655 959 914 1043 gloriae,
950 950 1025 1023 de
1058 978 1181 1040 qua
1220 958 1377 1022 dicit
1412 959 1788 1041 apostolus:
1830 959 2200 1043 templum
2241 962 2360 1026 dei
2399 966 2742 1027 sanctum

384 1097 407 1131 ⁵
445 1070 580 1134 est.
622 1066 817 1147 quod
860 1066 1050 1130 estis
1090 1085 1245 1129 uos,
1293 1065 1461 1129 unde
1499 1064 1626 1130 iste
1668 1066 1861 1133 dicit:
1904 1067 2121 1131 sedes
2163 1071 2410 1133 autem
2450 1070 2744 1153 gloriae

446 1174 783 1237 exaltata
822 1176 957 1247 est,
1000 1172 1525 1237 sanctificatio
1566 1175 1847 1237 nostra.
1889 1178 2146 1256 propter
2183 1176 2299 1239 hos
2331 1176 2497 1239 enim
2527 1183 2746 1241 motus

442 1280 877 1363 paruulorum.
909 1280 1019 1362 qui
1049 1282 1323 1362 possunt
1360 1279 1578 1344 seduci
1621 1280 1699 1343 ab
1739 1279 2129 1345 hominibus.
2169 1282 2744 1348 manifestationem

448 1386 758 1450 claritatis
788 1385 1101 1449 ecclesiae
1131 1384 1426 1448 dominus
1458 1404 1716 1466 quoque
1755 1384 2098 1469 prouidens
2147 1386 2273 1449 ait:
2313 1406 2452 1452 non
2490 1393 2748 1470 potest

449 1492 733 1557 ciuitas
784 1490 1149 1556 abscondi
1200 1510 1427 1573 supra
1472 1498 1795 1556 montem
1849 1492 2298 1573 constituta,
2340 1494 2488 1575 quia
2523 1496 2748 1577 utique

358 1632 409 1669 10
452 1600 673 1663 sedes
723 1600 1015 1683 gloriae
1068 1599 1407 1663 exaltata
1446 1602 1586 1673 est,
1629 1598 2158 1674 sanctificatio
2196 1604 2471 1677 nostra,
2513 1605 2790 1668 utnon.

448 1706 785 1770 audiantur
828 1705 946 1769 illi.
998 1705 1106 1785 qui
1154 1706 1233 1769 ad
1271 1704 1654 1787 religionum
1695 1705 2008 1769 scissuras
2044 1706 2389 1771 traducunt
2425 1708 2748 1773 dicentes:

450 1830 619 1877 ecce
667 1812 789 1877 hic
836 1816 956 1877 est
1002 1812 1377 1880 Christus.
1430 1830 1605 1876 ecce
1655 1809 1844 1875 illic.
1913 1814 2123 1894 partes
2183 1814 2351 1877 enim
2402 1814 2753 1880 ostendunt

451 1918 780 1983 dicentes:
822 1938 995 1983 ecce
1034 1919 1175 1995 hic,
1218 1938 1389 1983 ecce
1430 1918 1618 1982 illic.
1661 1938 1806 1982 curn
1838 1919 1952 1982 illa
1983 1919 2210 1983 ciuitas
2241 1939 2433 2003 super
2465 1924 2746 1985 montem
2807 1978 2816 1985 .

452 2026 555 2096 sit,
608 2044 797 2107 quem
846 2028 1149 2094 montem,
1200 2026 1323 2089 nisi
1372 2044 1538 2090 eum.
1589 2026 1697 2106 qui
1737 2026 2086 2091 secundum
2125 2010 2520 2110 prophetiam
2560 2029 2750 2091 Dani-

364 2160 417 2200 15
458 2131 620 2197 helis
688 2152 759 2197 ex
825 2133 1093 2217 paruulo
1150 2132 1359 2215 lapide
1418 2134 1622 2197 creuit
1679 2135 1744 2197 et
1795 2134 2004 2198 factus
2063 2136 2161 2198 est
2216 2154 2400 2199 mons
2457 2154 2750 2217 magnus,

453 2240 543 2303 ita
588 2245 663 2304 ut
706 2241 980 2323 inpleret
1028 2241 1393 2305 uniuersam
1442 2242 1727 2302 terram?
1775 2259 1893 2304 nec
1938 2240 2037 2303 illi
2081 2240 2440 2317 audiantur,
2489 2242 2596 2323 qui
2643 2260 2750 2307 no-

452 2347 619 2411 mine
660 2348 842 2429 quasi
882 2350 1162 2411 secretae
1203 2352 1267 2410 et
1302 2346 1699 2429 apocryphae
1738 2346 2029 2410 ueritatis
2071 2350 2130 2408 et
2173 2346 2498 2411 hominum
2536 2346 2752 2430 pauci-

455 2453 609 2516 tatis
670 2440 927 2517 dicun't:
1000 2470 1171 2516 ecce
1240 2452 1307 2514 in
1378 2451 1785 2525 cubiculis,
1850 2470 2021 2515 ecce
2081 2452 2146 2513 in
2211 2452 2533 2520 deserto,
2603 2454 2752 2534 quia

456 2578 595 2622 non
643 2562 905 2641 potest
942 2558 1306 2622 abscondi
1350 2558 1635 2621 ciuitas
1675 2562 2261 2639 supermontem
2303 2559 2750 2627 constituta.

374 2692 425 2730 ευ
469 2664 617 2745 quia
674 2664 894 2729 sedes
952 2665 1243 2748 gloriae
1302 2665 1636 2727 exaltata
1692 2668 1826 2732 est.
1889 2663 2414 2729 sanctificatio
2471 2674 2748 2730 nostra.

548 2772 648 2836 14.
702 2771 861 2837 Cum
912 2790 1062 2855 ergo
1112 2772 1233 2835 iste
1282 2772 1541 2855 gentilis
1590 2772 1691 2835 his
1740 2776 1928 2853 atque
1977 2770 2344 2835 huiusmodi
2391 2771 2533 2834 aliis
2573 2771 2750 2835 testi-

430 2878 683 2959 ‚moniis
748 2879 1197 2962 prophetarum
1264 2878 1340 2941 de
1395 2880 1840 2962 persecutione
1913 2898 2146 2961 regum
2215 2880 2278 2941 et
2346 2877 2750 2960 populorum,

456 2984 529 3047 113
598 2986 717 3047 11113
783 3005 1003 3066 regum
1074 2988 1139 3048 et
1225 2986 1630 3067 populorum,
1701 2986 1776 3048 de
1842 2985 2186 3049 abolitione
2268 2983 2605 3050 idolorum.
2673 2982 2750 3047 de

454 3093 757 3157 caecitate
796 3093 1199 3165 Iudaeorum,
1250 3092 1325 3156 de
1372 3092 1748 3175 probat-ione
1798 3092 2091 3155 codicum
2141 3092 2218 3155 ab
2264 3090 2422 3172 ipsis
2472 3088 2750 3153 custodi—

368 3220 418 3259 25
454 3200 682 3265 torum.
716 3198 792 3262 de
823 3199 1103 3269 amentia
1128 3198 1615 3262 haereticorum.
1649 3197 1724 3260 de
1756 3196 2130 3260 excellentia
2159 3197 2413 3259 sanctae
2445 3194 2753 3259 ecclesiae

625 3443 662 3494 4
697 3442 726 3495 1
762 3440 881 3497 Cor.
920 3440 969 3500 3,
1014 3443 1076 3494 17
1208 3444 1241 3495 5
1278 3440 1426 3495 Hier.
1470 3440 1552 3503 17,
1595 3440 1662 3493 10
1701 3456 1816 3509 sqq.
1984 3438 2017 3493 8
2055 3438 2254 3493 Matth.
2295 3444 2342 3503 5,
2390 3440 2454 3493 14
2579 3441 2643 3491 16
2683 3440 2749 3492 cf.

448 3530 591 3585 Dan.
633 3532 685 3595 2,
724 3531 791 3585 34
829 3547 909 3601 sq.
1027 3531 1089 3584 18
1126 3530 1324 3584 Matth.
1364 3532 1449 3590 ⁶24,
1490 3530 1558 3583 25
1598 3546 1677 3597 sq.

523 3681 548 3734 1
591 3681 705 3735 eius
742 3698 843 3735 om.
885 3680 983 3735 SG
1132 3681 1163 3733 3
1202 3684 1285 3734 est
1323 3679 1463 3734 enim
1505 3678 1711 3733 SGMb
1882 3680 1914 3729 4
1955 3676 2260 3731 sedis-DS
2269 3676 2338 3730 'G
2487 3678 2748 3747 templum

448 3771 589 3823 enim
628 3769 658 3823 b
771 3770 800 3823 7
841 3769 1351 3823 admanifestatione
1394 3767 1448 3835 (d
1485 3784 1527 3823 s.
1570 3768 1606 3821 l.
1645 3772 1696 3821 et
1733 3792 1800 3811 »v
1843 3767 1973 3820 add.
2014 3784 2082 3821 m.
2123 3770 2182 3832 2)
2225 3766 2276 3818 L
2315 3784 2347 3820 a
2381 3766 2749 3819 manifestati-

447 3876 547 3912 one
586 3854 687 3913 Mb
723 3858 1165 3912 manifestatione
1204 3855 1298 3910 SG'
1406 3856 1439 3907 8
1485 3855 1808 3926 praeuidens
1852 3854 1901 3909 0
2041 3855 2174 3909 (licit
2211 3854 2242 3907 b
2357 3856 2388 3907 9
2427 3855 2752 3925 constituta}

444 3950 625 4019 posita
661 3946 709 4001 S
868 3948 935 4000 12
972 3952 1066 4015 xps
1106 3946 1166 4015 (3.
1209 3944 1242 4002 l.
1280 3962 1349 3999 m.
1390 3946 1447 4012 2)
1495 3944 1543 3997 O
1716 3928 2087 4014 partes—illic
2131 3945 2210 4009 (in
2246 3961 2424 4013 super.
2464 3961 2635 4013 mary.
2676 3960 2746 3996 m.

446 4038 503 4103 2)
542 4035 589 4089 0
697 4036 761 4089 13
790 4036 970 4105 super]
1002 4050 1096 4104 per
1124 4032 1223 4087 SG
1336 4034 1403 4087 14
1434 4032 1612 4103 quem]
1651 4050 1748 4106 per
1788 4049 1946 4103 quem
1976 4032 2042 4087 8²
2151 4035 2217 4086 15
2255 4050 2421 4103 paruo
2460 4032 2508 4085 0
2610 4032 2752 4101 lapi-

444 4122 511 4179 de
570 4126 659 4193 (111.
719 4130 811 4190 er.)
858 4122 1083 4177 LSMG
1230 4123 1295 4177 17
1353 4126 1557 4175 secrete
1607 4122 1638 4173 b
1785 4121 2054 4191 apocrifae
2103 4120 2286 4192 113111,
2331 4119 2654 4190 apocriphas
2709 4120 2754 4171 0

446 4212 747 4283 apocryphe
786 4212 818 4266 b
1007 4210 1243 4265 hominis
1283 4210 1313 4263 b
1501 4212 1565 4263 19
1607 4210 1800 4263 ciuitas
1857 4210 2114 4263 abscondi
2161 4209 2206 4263 C
2385 4210 2454 4261 ‘20
2493 4206 2636 4261 sedis
2674 4206 2748 4261 Ι,ι

444 4300 507 4353 21
552 4301 773 4370 gentilis
811 4300 915 4354 iste
962 4299 1048 4353 Gb
1195 4300 1263 4352 22
1302 4314 1521 4368 regmm
1562 4300 1620 4368 (n
1667 4300 1760 4369 er.)
1811 4300 1863 4352 L
2009 4300 2078 4352 24
2126 4299 2353 4351 cecitate
2411 4298 2456 4351 C
2598 4297 2748 4350 iudc-

446 4406 591 4443 orum
639 4389 686 4442 0
792 4388 861 4440 25
896 4388 1255 4441 hereticorum
1297 4387 1405 4441 LO
1544 4388 1802 4456 ecclesiae
1848 4388 1896 4441 G
