3159 4984
958 459 1046 513 VI.
1106 458 1399 515 Contra
1452 461 1814 517 Faustum
1873 462 2003 516 lib.
2058 462 2174 518 XV.
2589 470 2728 533 433

418 658 744 743 cognoui
790 657 941 723 nisi
987 677 1117 740 per
1162 660 1429 743 legem.
1478 677 1643 724 nam
1684 660 2388 743 concupiscentiam
2433 662 2721 727 nescie-

416 768 601 843 bam,
642 766 795 831 nisi
839 765 957 829 lex
1005 765 1325 831 diceret:
1375 786 1517 832 non
1567 768 2090 852 concupisces.
2142 769 2543 835 occasione
2584 770 2718 833 ita-

418 894 557 956 que
625 876 937 957 accepta
1000 876 1400 956 peccatum
1454 893 1588 957 per
1641 874 2074 939 mandatum
2128 874 2424 940 fefellit
2476 895 2589 940 me
2647 880 2722 941 et

415 1000 547 1064 per
590 980 791 1045 illud
838 980 1145 1045 occidit.
1195 980 1461 1064 itaque
1508 982 1628 1045 lex
1674 980 1976 1064 quidem
2016 984 2278 1047 sancta
2315 985 2390 1047 et
2424 981 2718 1046 manda-

362 1091 573 1152 ⁵tum
622 1090 967 1153 sanctum
1014 1091 1091 1153 et
1134 1088 1425 1152 iustum
1474 1091 1549 1152 et
1593 1088 1890 1152 bonum.
1957 1087 2155 1171 quod
2212 1108 2387 1173 ergo
2443 1090 2718 1153 bonum

420 1198 562 1273 est,
628 1195 916 1259 factum
980 1197 1097 1259 est
1150 1194 1339 1258 mihi
1393 1198 1634 1259 mors?
1681 1195 1906 1259 absit.
1965 1194 2099 1261 sed
2145 1198 2576 1279 peccatum,
2641 1198 2725 1259 ut

419 1301 780 1385 adpareat
852 1303 1279 1385 peccatum,
1356 1321 1487 1385 per
1549 1302 1826 1367 bonum
1889 1303 2078 1367 mihi
2144 1305 2538 1387 operatum
2605 1306 2722 1367 est

416 1411 751 1474 mortem.
819 1409 979 1473 haec
1034 1408 1180 1485 ista,
1240 1408 1345 1472 cui
1376 1411 1471 1472 ·tu
1526 1408 1822 1485 insultas,
1868 1407 2213 1491 intellegit,
2261 1408 2411 1491 quia
2457 1426 2721 1493 gemens

413 1515 597 1599 petit,
655 1514 803 1597 quia
857 1514 1120 1579 humilis
1177 1515 1445 1598 quaerit,
1513 1514 1663 1597 quia
1713 1513 1892 1579 mitis
1947 1515 2201 1598 pulsat;
2270 1518 2335 1580 et
2392 1515 2486 1580 sic
2542 1514 2723 1579 uidet

336 1638 389 1676 10
420 1640 545 1687 non
594 1621 969 1705 reprehendi
1016 1623 1253 1705 legem,
1304 1640 1451 1685 cum
1501 1621 1774 1685 dicitur:
1832 1608 2099 1685 littera
2147 1621 2453 1698 occidit,
2503 1621 2717 1705 spiri-

418 1731 545 1793 tus
594 1732 843 1793 autem
890 1728 1283 1811 uiuificat,
1334 1728 1506 1793 sicut
1550 1747 1675 1793 non
1722 1728 2206 1812 reprehenditur
2244 1729 2531 1806 scientia,
2572 1748 2718 1793 cum

421 1836 690 1901 dicitur:
773 1835 1107 1901 scientia
1169 1836 1429 1914 inflat,
1509 1835 1790 1900 caritas
1855 1854 2032 1900 uero
2109 1835 2494 1901 aedificat.
2569 1855 2718 1899 nam

420 1944 645 2024 utique
693 1944 831 2025 ipse
881 1942 1159 2007 dixerat:
1230 1941 1545 2016 scimus,
1604 1943 1780 2024 quia
1835 1962 2088 2008 omnes
2147 1942 2548 2007 scientiam
2600 1942 2718 2005 ha-

418 2049 701 2127 bemuS‚
761 2052 827 2114 et
881 2051 1037 2112 tunc
1094 2048 1426 2133 adiungit:
1496 2049 1824 2113 scientia
1879 2048 2136 2128 inflat,
2196 2051 2480 2113 caritas
2537 2068 2715 2113 uero

332 2168 381 2209 1⁵
419 2155 805 2221 aedificat.
853 2154 1085 2237 utquid
1134 2174 1282 2239 ergo
1332 2154 1612 2219 habebat
1653 2155 1814 2237 ipse,
1864 2175 1988 2237 quo
2025 2155 2367 2233 inflaretur,
2406 2150 2532 2220 nisi
2569 2156 2720 2237 quia

418 2280 562 2325 cum
610 2262 873 2325 caritate
921 2280 1046 2326 non
1096 2262 1307 2325 solum
1349 2246 1477 2325 hon
1524 2260 1709 2324 inflat
1745 2261 2031 2341 scientia,
2071 2260 2185 2325 sed
2223 2262 2415 2325 etiam
2453 2261 2716 2325 firmat?

414 2368 507 2431 ita
549 2368 765 2432 littera
813 2387 961 2432 cum
1010 2369 1236 2451 spiritu
1288 2371 1355 2433 et
1407 2370 1508 2433 lex
1565 2387 1713 2433 cum
1769 2369 1977 2453 gratia
2028 2369 2158 2433 iam
2213 2388 2336 2435 non
2397 2388 2470 2435 eo
2527 2370 2715 2434 modo

413 2474 629 2539 littera
694 2478 760 2538 et
822 2475 923 2538 lex
992 2476 1382 2558 appellatur,
1452 2475 1628 2540 sicut
1688 2495 1800 2559 per
1865 2496 1932 2542 se
1996 2476 2206 2560 ipsam
2272 2496 2416 2541 cum
2485 2476 2764 2563 occidit,

415 2581 779 2646 abundante
821 2581 1079 2646 delicto.
1129 2582 1223 2645 ita
1271 2582 1438 2646 enim
1486 2584 1588 2647 lex
1636 2587 1702 2648 et
1746 2584 1996 2649 uirtus
2043 2584 2343 2666 peccati
2382 2583 2556 2648 dicta
2595 2585 2714 2660 est,

327 2700 380 2739 2⁰
416 2706 561 2751 cum
619 2692 817 2772 auget
876 2690 1014 2754 eius
1072 2690 1322 2754 noxiam
1380 2690 1871 2755 delectationem
1925 2710 2039 2773 per
2092 2709 2379 2755 seueram
2438 2689 2714 2772 prohibi-

416 2794 675 2860 tionem.
745 2815 862 2861 nec
908 2799 1121 2860 tamen
1172 2796 1361 2861 etiam
1413 2798 1507 2861 sic
1562 2798 1734 2861 mala
1790 2800 1925 2872 est;
1994 2797 2124 2861 sed
2177 2800 2577 2879 peccatum
2633 2799 2717 2860 ut

417 2901 782 2984 adpareat
826 2904 1245 2985 peccatum,
1293 2923 1424 2986 per
1469 2904 1742 2968 bonum
1793 2906 2183 2986 operatum
2224 2906 2340 2967 est
2376 2904 2710 2967 mortem.

412 3008 506 3070 ita
568 3009 776 3072 multa
841 3008 1227 3091 quibusdam
1294 3012 1445 3074 sunt
1508 3010 1710 3087 noxia,
1779 3010 2076 3092 quamuis
2141 3030 2264 3074 non
2331 3009 2461 3074 sint
2521 3009 2711 3072 mala.

414 3133 559 3178 nam
609 3117 675 3179 et
722 3134 839 3179 uos
889 3134 1035 3178 cum
1084 3118 1306 3181 oculos
1356 3116 1611 3191 doletis,
1662 3116 1854 3180 etiam
1903 3120 2121 3181 contra
2178 3116 2366 3179 deum
2422 3118 2712 3181 uestrum

324 3234 375 3273 2⁵
415 3220 619 3285 solem
682 3220 996 3287 fenestras
1064 3224 1383 3290 clauditis,
1460 3223 1618 3288 haec
1680 3222 1882 3308 igitur
1944 3241 2177 3305 sponsa
2244 3222 2510 3299 Christi,
2585 3222 2714 3286 iam

413 3331 666 3393 mortua
710 3329 863 3413 legi,
912 3329 977 3393 id
1028 3333 1127 3394 est
1170 3334 1457 3415 peccato,
1497 3330 1669 3412 quod
1713 3330 1878 3415 legis
1923 3330 2351 3413 prohibitione
2399 3330 2473 3393 fit
2519 3330 2713 3394 abun-

415 3434 691 3514 dantius,
742 3456 888 3501 cum
936 3438 1035 3501 lex
1084 3437 1219 3502 sine
1268 3439 1475 3522 gratia
1519 3438 1720 3516 iubet,
1777 3458 1901 3503 non
1935 3438 2150 3501 iuuat.
2217 3438 2334 3501 tali
2383 3456 2532 3521 ergo
2579 3436 2714 3519 legi

413 3546 682 3612 mortua,
732 3547 807 3606 ut
862 3544 950 3607 sit
1003 3545 1289 3622 alterius,
1349 3546 1458 3628 qui
1516 3564 1588 3608 ex
1643 3545 1915 3610 mortuis
1981 3545 2340 3621 resurrexit,
2409 3544 2714 3607 discernit

594 3786 659 3839 10
695 3786 749 3839 H
786 3784 905 3841 Cor.
947 3789 995 3851 3,
1034 3788 1068 3839 6
1218 3789 1282 3841 12
1318 3789 1347 3842 1
1385 3785 1505 3842 Cor.
1544 3786 1595 3849 8,
1635 3790 1662 3840 1
1719 3814 1724 3817 ·
1816 3787 1881 3839 19
1922 3785 1987 3839 cf.
2026 3786 2055 3839 Ι
2093 3785 2212 3840 Cor.
2257 3788 2338 3850 15,
2379 3786 2446 3839 56

485 3938 511 3989 1
554 3954 765 4005 cognou
824 3947 948 4007 (cog
982 3938 1045 3991 in
1079 3955 1191 3991 ras.
1240 3954 1374 3994 corr.
1424 3956 1489 3992 ex
1526 3940 1654 4007 non)
1703 3940 1750 3993 0·
1913 3940 1949 3992 4
1987 3946 2129 4008 scam
2167 3937 2220 3990 L
2392 3940 2423 3991 6
2461 3936 2625 3991 michi
2669 3937 2714 3989 (J

410 4027 444 4079 8
480 4026 755 4096 intellegit
790 4026 865 4079 L¹
1002 4029 1035 4081 9
1076 4028 1254 4096 querit
1298 4026 1345 4081 G
1448 4029 1516 4082 10
1551 4029 1888 4099 repraehendi
1933 4030 1989 4083 L
2091 4031 2153 4083 11
2195 4026 2620 4099 repraehenditur
2657 4025 2708 4077 L

415 4114 481 4167 13
518 4114 800 4169 scientiam
840 4116 947 4183 (am
988 4132 1030 4168 8.
1081 4116 1140 4182 l.)
1180 4114 1235 4168 L
1378 4119 1445 4170 15
1484 4117 1763 4171 infloretur
1807 4118 1884 4171 L¹
2033 4119 2098 4171 16
2138 4118 2365 4171 caritate
2403 4120 2484 4185 (m
2525 4116 2619 4179 er.)
2665 4115 2712 4168 C

414 4204 475 4255 17
514 4218 621 4256 non
658 4218 759 4257 om.
802 4202 832 4255 b
974 4204 1038 4257 18
1078 4207 1136 4257 et
1170 4220 1271 4259 om.
1313 4203 1344 4257 b
1480 4204 1549 4257 20
1588 4204 2007 4260 delectationem
2049 4212 2128 4274 (ta
2165 4222 2207 4259 s,
2249 4208 2307 4271 l.)
2353 4204 2401 4257 0
2541 4205 2612 4257 24
2651 4209 2706 4256 et

407 4292 523 4361 uos]
565 4296 621 4345 et
658 4292 703 4345 si
742 4308 839 4345 uos
882 4292 933 4345 G
972 4296 1028 4346 et
1062 4281 1168 4362 ipsi
1206 4310 1303 4346 uos
1344 4294 1423 4363 (ip
1462 4309 1506 4347 3.
1548 4295 1582 4347 l.
1624 4312 1662 4348 a
1697 4312 1766 4349 m.
1806 4297 1862 4363 2)
1896 4295 1941 4349 S
2074 4296 2142 4349 26
2173 4302 2258 4349 est
2297 4296 2373 4363 (ετ
2410 4310 2455 4348 8⁶.
2495 4295 2528 4348 Ζ.
2571 4294 2698 4347 add.

406 4398 471 4437 m.
511 4380 568 4448 2)
608 4380 661 4433 L
804 4380 1165 4451 prohibitione
1207 4382 1257 4451 (e
1298 4382 1430 4437 add.
1467 4398 1536 4435 m.
1576 4382 1724 4449 2)L.

455 4504 591 4542 xxv.
625 4506 743 4551 Aua.
775 4512 885 4543 sect.
916 4507 958 4545 c.
2473 4489 2542 4541 28
