3159 4984
558 420 682 482 126
1251 416 1304 468 S.
1360 414 1633 469 Aureli
1692 414 2119 483 Augustini

643 615 702 675 6.
737 613 831 676 De
862 631 934 677 eo
967 611 1135 693 quod
1165 612 1474 693 scriptum
1505 614 1605 675 est
1632 611 1694 675 in
1728 610 1962 677 exodo:
2002 610 2284 675 honora
2311 613 2599 691 patrem
2630 612 2849 671 tunm

554 725 629 785 et
683 724 990 783 matrem
1052 722 1274 782 tuam.
1344 718 1494 782 huic
1551 720 1742 782 etiam
1797 720 1961 795 loco,
2008 718 2119 782 ubi
2178 717 2253 781 de
2313 715 2694 781 honorandis
2746 734 2850 798 pa-

554 826 842 891 rentibus
910 826 1065 890 deus
1130 824 1477 909 praecepit,
1552 825 1737 889 illum
1813 824 2129 909 euangelii
2199 825 2413 889 locum
2488 821 2849 887 Manichaei

555 933 778 997 dicunt
841 951 980 997 esse
1049 932 1456 997 contrarium.
1524 931 1635 994 ubi
1700 931 1995 997 dominus
2062 931 2313 996 cuidam
2379 930 2649 995 dicenti:
2706 928 2845 998 ,ibo

551 1040 900 1124 primum.
969 1042 1052 1102 ut
1117 1039 1484 1121 sepeliam
1557 1042 1847 1121 patrem
1920 1038 2179 1101 meum'
2240 1036 2601 1119 respondit:
2680 1034 2844 1099 sine
2902 1053 2925 1093 ⁵

552 1149 917 1221 mortuoS,
965 1149 1303 1209 mortuos
1353 1164 1533 1210 suos
1594 1144 1999 1228 sepeliant3
2067 1149 2147 1207 tu
2214 1148 2467 1207 autem
2530 1143 2707 1207 ueni
2776 1144 2848 1206 et

553 1253 918 1317 adnuntia
953 1272 1262 1335 regnum
1303 1252 1440 1315 dei.
1492 1252 1661 1333 quod
1700 1252 1921 1317 eodem
1958 1251 2147 1316 modo
2188 1249 2481 1317 soluitur.
2522 1268 2645 1331 quo
2682 1247 2847 1311 illud

551 1361 864 1444 superius,
913 1360 1024 1424 ubi
1071 1360 1147 1424 de
1203 1378 1394 1424 uxore
1449 1358 1860 1440 relinquenda
1917 1358 2159 1423 dietum
2216 1361 2315 1421 est
2374 1358 2701 1440 ,propter
2746 1374 2845 1419 re-

551 1488 772 1550 gnum
823 1468 1243 1542 caelorum’,
1295 1467 1442 1548 quia
1490 1470 1554 1529 et-
1597 1468 1891 1548 parentes
1938 1464 2242 1529 honorare
2290 1463 2595 1527 debemus
2634 1464 2700 1526 et
2736 1480 2842 1526 eos

552 1578 762 1638 tamen
809 1577 1066 1656 propter
1129 1572 1677 1637 adnuntiationem
1722 1571 1901 1655 regni
1956 1569 2057 1633 dei
2111 1570 2289 1634 nulla
2340 1568 2643 1650 inpietate
2700 1586 2843 1631 con·
2876 1589 2921 1628 ιο

551 1682 917 1745 temnimus.
949 1700 1092 1743 nam
1123 1680 1180 1744 si
1207 1683 1424 1743 uetere
1461 1682 1848 1744 testamento
1887 1677 2271 1742 contrarium
2309 1679 2409 1740 est
2442 1675 2841 1758 euangelium

550 1791 806 1869 propter
849 1788 1040 1852 istam
1089 1786 1488 1858 sententiam,
1535 1785 1763 1868 incipit
1809 1784 2001 1848 etiam
2058 1784 2347 1866 apostolo
2406 1801 2545 1847 esse
2602 1784 2839 1845 contra-

553 1895 737 1959 rium.
805 1895 913 1978 qui
972 1898 1034 1959 et
1090 1894 1256 1958 filios
1302 1896 1538 1965 monet,
1587 1895 1662 1955 ut
1707 1893 2018 1957 honorent
2061 1893 2373 1973 parentes,
2421 1892 2487 1953 et
2529 1892 2835 1971 parentes,

551 2003 626 2064 ut
672 1999 942 2083 diligant
985 2000 1170 2064 filios.
1219 2020 1343 2064 non
1391 1999 1601 2064 solum
1648 2002 1885 2074 autem,
1933 1996 2046 2061 sed
2092 1996 2283 2061 etiam
2331 1994 2623 2059 dominus
2670 1994 2835 2059 uide-

553 2106 723 2169 bitur
769 2105 891 2171 sibi
939 2125 1079 2171 esse
1129 2106 1477 2171 contrarius
1523 2142 1613 2153 -
1660 2104 1827 2186 quod
1876 2104 2125 2169 eredere
2171 2103 2347 2167 nefas
2396 2105 2495 2165 est
2538 2137 2648 2170 —,
2696 2100 2835 2182 quia
2870 2120 2913 2159 15

551 2213 692 2277 loco
732 2212 854 2277 alio
887 2212 1042 2276 dicit
1069 2211 1311 2277 homini
1341 2211 1666 2293 quaerenti
1692 2211 1896 2274 uitam
1928 2212 2282 2275 aeternam:
2325 2207 2389 2273 si
2425 2207 2545 2273 uis
2584 2206 2832 2271 uenire

553 2320 641 2383 ad
689 2318 944 2383 uitam.
995 2338 1214 2384 serua
1270 2317 1638 2395 mandata,
1694 2319 1759 2381 in
1818 2318 2049 2400 quibus
2108 2317 2299 2381 etiam
2352 2314 2516 2379 illud
2572 2331 2835 2378 comme-

553 2430 786 2491 morat:
828 2428 1110 2492 honora
1138 2429 1422 2508 patrem
1465 2429 1538 2489 et
1565 2430 1896 2490 matrem.
1938 2424 2170 2505 quibus
2203 2421 2517 2485 mandatis
2544 2420 2835 2503 perfectis

552 2532 740 2597 etiam
791 2532 869 2597 ad
917 2532 1321 2597 dilectionem
1372 2532 1471 2596 dei
1521 2533 1847 2607 crescitur,
1895 2532 1957 2595 in
2008 2550 2128 2612 qua
2178 2532 2277 2594 est
2329 2532 2467 2592 tota
2519 2526 2828 2610 perfectio·

549 2657 695 2703 nam
745 2638 1000 2703 dilectio
1047 2638 1313 2722 proximi
1360 2640 1573 2703 certus
1621 2638 1853 2722 gradus
1902 2641 2001 2703 est
2048 2637 2128 2701 ad
2165 2637 2569 2701 dilectionem
2608 2636 2721 2699 dei.
2764 2636 2831 2697 et
2864 2656 2915 2695 zo

545 2743 688 2809 ideo
715 2745 1139 2827 respondenti,
1171 2744 1341 2827 quod
1371 2746 1603 2821 ,omnia
1637 2745 1746 2808 illa
1784 2744 2081 2809 mandata
2118 2744 2407 2820 seruaui’‚
2449 2743 2606 2807 dicit
2640 2760 2825 2807 unum

550 2850 607 2915 ei
655 2850 896 2927 deesse,
946 2851 1002 2915 si
1038 2851 1186 2916 uult
1224 2870 1364 2917 esse
1401 2852 1742 2935 perfectuS‚
1780 2853 1855 2914 ut
1892 2850 2127 2916 uendat
2162 2851 2391 2925 omnia,
2431 2868 2594 2932 quae
2632 2848 2827 2923 habet,

547 2960 614 3020 et
651 2956 758 3019 det
793 2958 1175 3040 pauperibus
1215 2962 1280 3022 et
1325 2961 1629 3041 sequatur
1674 2977 1839 3023 eum.
1888 2978 1959 3021 ex
2007 2976 2131 3039 quo
2177 2957 2589 3021 manifestum
2636 2960 2732 3020 est
2772 2958 2829 3019 et

548 3062 850 3128 honorem
897 3068 1232 3147 parentum
1277 3065 1340 3129 in
1389 3065 1589 3150 gradu
1629 3084 1743 3131 suo
1785 3084 1924 3130 esse
1964 3063 2345 3129 seruandum
2382 3066 2449 3129 et
2484 3082 2596 3128 eos
2632 3066 2825 3127 tamen

555 3170 619 3234 in
659 3170 860 3234 diuini
897 3172 1130 3238 amoris
1169 3173 1656 3256 comparatione,
1685 3172 2055 3254 praesertim
2112 3172 2165 3238 si
2202 3172 2635 3255 inpedimento
2674 3172 2824 3244 sunt,
2855 3202 2903 3241 ,⁵

548 3276 724 3340 nulla
803 3277 1196 3343 dubitatione
1271 3282 1557 3361 oportere
1633 3279 1968 3344 contemni.
2044 3298 2187 3343 nam
2254 3282 2318 3343 et
2378 3278 2445 3342 in
2512 3276 2823 3361 scripturis

548 3384 874 3449 ueteribus
921 3384 1117 3449 habes
1161 3386 1481 3468 positum:
1540 3386 1668 3468 qui
1716 3386 1906 3451 dicit
1948 3386 2149 3469 patri
2206 3390 2349 3450 aut·
2388 3386 2641 3450 matri:
2696 3401 2822 3448 non

549 3490 723 3553 noui
784 3509 938 3568 uos,
999 3494 1072 3555 et
1123 3490 1340 3557 filios
1399 3512 1575 3559 suos
1634 3512 1775 3558 non
1835 3493 2205 3577 agnoscit,
2269 3495 2427 3578 ipse
2476 3490 2823 3577 cognouit

729 3634 758 3684 1
798 3630 892 3684 Ex.
931 3630 1020 3695 20,
1061 3632 1127 3685 12
1344 3634 1379 3686 4
1415 3631 1546 3687 Luc.
1585 3634 1636 3699 9,
1674 3635 1743 3688 59
1782 3674 1797 3689 .
1835 3633 1905 3688 60
2116 3634 2181 3689 13
2220 3636 2285 3689 cf.
2324 3634 2524 3705 EpheS.
2562 3635 2613 3693 6.
2650 3634 2685 3687 2
2720 3646 2822 3701 sqq.

548 3718 664 3775 Col.
703 3721 753 3778 3,
791 3720 860 3773 20
898 3736 977 3790 sq.
1087 3720 1156 3773 22
1196 3720 1260 3774 cf.
1299 3720 1496 3775 Matth.
1539 3722 1621 3782 19,
1664 3722 1729 3775 17
1768 3739 1885 3793 sqq.
1987 3724 2055 3777 ‘27
2092 3723 2255 3777 Deut.
2295 3724 2380 3785 33,
2420 3726 2452 3777 9

621 3847 649 3899 1
694 3843 898 3898 exhodo
938 3844 993 3898 P
1097 3846 1130 3897 2
1168 3847 1318 3898 tuam
1357 3862 1459 3900 om.
1509 3846 1559 3896 Γ
1736 3846 2004 3917 huic—pa
2044 3850 2193 3913 (unc.
2232 3846 2460 3913 rubr-ic.)
2491 3848 2546 3902 P
2652 3849 2683 3901 5
2719 3846 2819 3899 sine

547 3937 611 3987 ut
664 3933 862 3987 mortui
917 3936 1158 3987 mortuos
1213 3950 1338 3987 suos
1395 3934 1666 4003 sepeliant
1720 3935 1752 3989 b
1891 3936 1923 3989 6
1979 3940 2219 4041 mortnos
2275 3938 2423 4005 suos]
2480 3941 2541 3991 nt
2596 3938 2817 3989 mortuos

549 4064 675 4102 suos
721 4048 783 4115 T,
811 4064 853 4101 8.
885 4048 920 4101 l.
957 4048 1004 4102 C
1121 4050 1182 4102 11
1223 4050 1292 4117 sil
1330 4053 1386 4102 et
1423 4051 1469 4103 si
1509 4050 1541 4103 b
1579 4050 1625 4103 si
1668 4050 1724 4121 in
1752 4050 1831 4104 P2
1976 4056 2159 4117 uetere
2188 4052 2265 4105 Ρ1
2375 4050 2441 4105 12
2474 4068 2589 4104 esse
2618 4053 2815 4121 aposto-

547 4163 602 4217 lo
651 4162 700 4213 Γ
809 4165 874 4217 15
931 4162 1057 4234 sibi]
1114 4164 1217 4218 sibi
1274 4165 1379 4235 ipsi
1443 4164 1673 4220 TCSJb
1808 4132 1917 4220 ”iias
1953 4166 2033 4221 Ρ2
2068 4168 2272 4238 nephas
2323 4168 2370 4218 Γ
2474 4166 2538 4221 21
2582 4164 2817 4219 mandata

547 4251 644 4305 illa
682 4252 712 4305 b
894 4253 1134 4306 seruauit.
1188 4254 1377 4307 Tct’b
1523 4255 1593 4307 22
1632 4254 1817 4309 deesse
1867 4255 1917 4309 ei
1979 4254 2023 4304 V
2126 4257 2194 4309 25
2246 4258 2355 4310 sint
2403 4256 2456 4307 V
2558 4256 2625 4310 28
2663 4256 2735 4322 et]
2768 4256 2817 4306 et

552 4340 644 4409 qui
688 4340 922 4393 TCSl’b
1067 4342 1180 4410 ipse
1221 4348 1398 4397 autem
1446 4343 1617 4397 TC>b
