3159 4984
703 530 784 592 76
1409 525 1461 578 S.
1517 525 1799 616 Aureli
1856 525 2292 595 Augustini

701 739 846 784 cum
891 721 1074 802 panis
1123 720 1502 784 uen'ssimus
1535 724 1756 785 noster
1791 719 2097 801 spiritalis
2138 721 2240 784 sit.
2293 741 2437 786 cum
2472 721 2688 786 labore
2726 741 2963 802 namque

697 846 865 890 nunc
915 827 1310 892 comedimus
1356 847 1605 910 panem.
1654 847 1857 909 neque
1898 828 2065 891 enim
2104 828 2279 892 nullo
2318 828 2383 892 in
2422 828 2735 911 subplicio
2772 847 2963 893 sumus

698 936 960 1015 peccato
1010 935 1536 1016 transgressionis
1583 935 1890 998 mortales
1930 953 2001 997 ex
2038 933 2482 998 inmortalibus
2518 935 2692 999 facti.
2742 953 2811 998 eo
2848 953 2965 998 con-

702 1040 913 1124 tingit,
967 1043 1040 1104 ut
1090 1059 1235 1105 cum
1292 1041 1370 1104 ad
1419 1041 1683 1104 meliora
1731 1040 2105 1104 conantibus
2154 1039 2335 1104 nobis
2386 1041 2777 1106 consuetudo
2828 1042 2967 1105 faeta

701 1165 846 1211 cum
898 1167 1078 1211 carne
1137 1151 1204 1212 et
1256 1151 1521 1230 peccata
1575 1151 1795 1211 nostra
1850 1147 2124 1228 quodam
2189 1146 2379 1211 modo
2444 1147 2720 1211 militare
2782 1153 2967 1213 contra
3010 1171 3027 1206 z.

701 1273 818 1319 nos
859 1258 921 1318 et
951 1254 1392 1319 difficultatem
1432 1253 1617 1318 nobis
1654 1255 1857 1319 facere
1898 1255 2236 1337 coeperint.
2277 1255 2566 1319 nonnulli
2604 1255 2787 1320 stulti
2823 1255 2967 1318 aliud

701 1381 902 1446 genus
952 1361 1323 1428 anima-rum.
1374 1361 1544 1443 quod
1592 1380 1714 1425 non
1766 1361 1851 1424 sit
1898 1381 1968 1424 ex
2008 1361 2145 1427 deo.
2186 1361 2637 1443 superstitione
2687 1361 2968 1424 obtunsis-

700 1468 862 1532 sima
909 1467 1335 1548 suspicentur.
1628 1468 1633 1472 ’

791 1576 894 1637 20.
945 1572 1342 1656 Quamquam
1399 1575 1592 1638 etiam
1632 1575 1687 1637 si
1728 1575 1819 1638 eis
1860 1574 2246 1638 concedatur
2281 1575 2572 1638 inferiore
2611 1575 2735 1639 alio
2776 1593 2969 1658 genere

701 1682 1052 1745 animarum
1100 1699 1216 1744 nos
1266 1680 1440 1744 inlici
1488 1681 1568 1744 ad
1618 1681 1846 1763 turpia.
1906 1700 2029 1745 non
2087 1679 2233 1743 inde
2292 1681 2637 1744 conficiunt
2693 1688 2805 1744 aut
2854 1681 2969 1744 illas
3014 1701 3030 1734 0

699 1791 926 1851 natura
963 1788 1164 1850 malas
1202 1805 1344 1850 esse
1386 1790 1497 1849 aut
1533 1787 1691 1851 istas
1732 1806 2053 1851 summum
2092 1787 2351 1853 bonum.
2392 1787 2526 1850 fieri
2564 1787 2731 1850 enim
2770 1791 2970 1870 potest.

699 1898 774 1957 ut
837 1894 1091 1976 propria
1157 1893 1304 1958 illae
1365 1893 1699 1958 uoluntate
1760 1894 2133 1977 adpetendo,
2192 1895 2360 1976 quod
2415 1913 2538 1958 non
2585 1895 2838 1963 licebat.
2880 1894 2971 1957 hoc

701 2003 800 2065 est
863 2001 1214 2083 peccando,
1283 2020 1352 2064 ex
1418 2001 1603 2066 bonis
1694 2001 1899 2065 factae
1976 2002 2107 2065 sint
2178 2003 2384 2066 malae
2461 2020 2806 2082 rursusque
2866 2000 2971 2064 fieri

699 2107 902 2172 bonae
948 2108 1219 2189 possint.
1261 2107 1372 2172 sed
1419 2110 1494 2171 ut
1539 2109 1615 2171 fit
1662 2108 1963 2190 quamdiu
2008 2113 2268 2172 manent
2314 2109 2376 2172 in
2422 2110 2709 2191 peceato,
2750 2108 2823 2171 ad
2860 2125 2971 2172 sese

703 2215 860 2278 alias
909 2216 1162 2279 occulta
1208 2215 1482 2297 quadam
1549 2215 1845 2279 suasione
1892 2215 2266 2292 traducant;
2316 2215 2560 2288 deinde,
2618 2219 2695 2278 ut
2751 2214 2969 2279 omnino
3014 2231 3029 2265 :-

703 2321 906 2386 malae
973 2340 1096 2386 non
1169 2322 1317 2388 sint.
1377 2321 1489 2386 sed
1547 2322 1611 2384 in
1668 2341 1785 2386 suo
1844 2341 2070 2405 genere
2129 2321 2421 2403 quamuis
2478 2321 2770 2385 inferiore
2842 2337 2970 2402 opus

704 2428 1028 2510 proprium
1077 2428 1212 2492 sine
1259 2428 1393 2492 ullo
1441 2431 1704 2511 peccato
1754 2430 2117 2504 exerceant3
2166 2429 2327 2492 istae
2377 2431 2591 2494 autem
2628 2427 2971 2510 superiores
3082 2493 3084 2510 Ι

706 2535 938 2616 quibus
974 2535 1288 2599 actionem
1325 2536 1514 2618 longe
1545 2535 2071 2617 praestantiorem
2098 2553 2309 2598 rerum
2346 2533 2725 2599 moderatrix
2761 2531 2973 2596 iustitia

715 2661 966 2706 summa
1009 2641 1330 2705 tribuerit.
1381 2641 1435 2705 si
1485 2641 1632 2705 illas
1680 2641 2247 2723 inferiores-sequi
2297 2644 2361 2706 et
2407 2640 2643 2705 imitari
2687 2637 2971 2704 noluerint

708 2748 1029 2830 peccando
1061 2749 1224 2812 fiunt
1252 2749 1479 2817 malae.
1510 2767 1634 2813 non
1668 2749 1819 2830 quia
1854 2748 2077 2825 malas»,
2118 2747 2231 2813 sed
2271 2748 2419 2830 quia
2452 2747 2619 2811 male
2654 2745 2971 2810 imitantur.
2998 2765 3029 2799 :o

708 2855 786 2918 ab
851 2855 982 2919 illis
1051 2857 1215 2920 enim
1285 2857 1494 2941 agitur
1556 2855 1906 2938 proprium,
1966 2856 2043 2919 ab
2100 2856 2245 2920 istis
2302 2855 2625 2937 adpetitur
2688 2853 2969 2918 alienum:

705 2960 872 3025 unde
921 2961 1068 3026 illae
1116 2963 1179 3025 in
1231 2982 1346 3027 suo
1396 2961 1597 3046 gradu
1645 2965 1923 3038 manent,
1961 2963 2123 3026 istae
2163 2961 2243 3025 ad
2282 2960 2573 3024 inferiora
2610 2963 2971 3043 merguntur.

707 3069 892 3131 uelut
937 3087 1082 3132 cum
1133 3068 1420 3133 homines
1466 3068 1667 3133 serina
1714 3073 2055 3133 sectantur.
2123 3068 2387 3151 pulchre
2444 3085 2717 3148 namque
2768 3063 2971 3129 incedit
3080 3103 3082 3106 ι

711 3174 1198 3257 quadrupedans
1265 3194 1505 3256 equus;
1573 3179 1641 3239 at
1696 3175 1753 3240 si
1807 3175 1930 3239 hoc
1994 3175 2184 3239 homo
2250 3174 2519 3256 pedibus
2586 3173 2971 3252 manibusque

705 3281 1071 3356 meditetur,
1122 3283 1264 3362 quis
1313 3300 1458 3346 eum
1505 3283 1613 3346 uel
1660 3283 1985 3365 palearum
2034 3281 2175 3345 cibo
2226 3280 2487 3364 dignum
2535 3283 2769 3363 putet?
2828 3279 3027 3342 rectem

705 3389 904 3473 igitur
947 3387 1321 3470 plerumque
1368 3388 1777 3471 inprobamus
1824 3388 2199 3464 imitantem,
2250 3405 2395 3450 cum
2435 3407 2601 3454 eum.
2640 3406 2825 3469 quem
2861 3383 2969 3448 imi-

777 3658 800 3709 1
844 3659 1000 3728 panis
1037 3659 1196 3712 uiuus
1235 3662 1292 3711 et
1327 3658 1710 3712 uerissimusA
1785 3657 1817 3709 2
1849 3656 2055 3712 edimus
2084 3656 2286 3712 MASb
2414 3655 2642 3726 suplicio
2672 3657 2725 3708 A
2796 3655 2830 3708 3
2856 3669 2968 3707 mor·
3078 3679 3080 3698 ι

699 3775 837 3828 tales
888 3781 966 3838 (es
1014 3790 1148 3828 corr.
1202 3790 1282 3826 esc.
1333 3773 1397 3835 is)
1441 3773 1494 3825 B
1636 3773 1694 3827 in
1734 3789 1795 3826 eo
1837 3771 1913 3826 sb
1952 3773 2072 3828 ideo
2113 3739 2347 3842 contigit
2384 3775 2436 3824 A
2580 3771 2615 3824 6
2656 3770 2892 3852 ceperint·
2916 3765 2969 3819 M

699 3889 1012 3959 ceperintB
1120 3887 1331 3942 nulliA
1405 3888 1435 3940 7
1456 3889 1847 3960 supersticione
1866 3889 1921 3940 A
2032 3889 2379 3944 obtusissima
2400 3889 2445 3942 S
2515 3886 2548 3939 8
2586 3842 2969 3955 sugfilsszffilB

701 4005 766 4058 12
803 4003 902 4060 ina
937 4003 1096 4058 Am
1226 4005 1291 4057 13
1329 3959 1486 4075 ῃᾟᾞίζᾏ
1521 4005 1576 4058 Β
1648 4003 1777 4075 sint]
1818 4007 1873 4062 se
1910 4007 1963 4058 A
2090 4006 2161 4059 14
2196 4005 2294 4059 sed
2329 4005 2405 4059 sio
2442 4005 2503 4054 ut
2541 4003 2584 4056 s
2620 3958 2813 4072 ξέιίἶίι
2844 3997 2901 4052 fit
2926 3993 2969 4047 Β

701 4123 764 4173 ut
799 4119 876 4174 sic
914 4120 945 4173 b
1093 4125 1338 4174 maneret
1373 4122 1428 4173 A
1573 4077 1789 4176 arnsese
1826 4121 1881 4174 B
1995 4121 2059 4174 15
2096 4123 2159 4173 ut
2196 4137 2297 4174 om.
2337 4121 2391 4173 A
2466 4119 2533 4172 16
2572 4119 2712 4173 male
2741 4117 2814 4171 M
2874 4113 2967 4216 ¹ill·

699 4235 894 4288 teriore
933 4235 988 4288 A
1164 4235 1227 4288 17
1265 4235 1357 4288 isti
1397 4237 1448 4288 A
1614 4233 1681 4288 18
1718 4235 1935 4290 iusticia
1971 4236 2025 4288 A
2190 4237 2257 4289 19
2296 4236 2342 4289 si
2378 4243 2397 4288 1
2433 4235 2530 4288 ina
2568 4236 2623 4287 A
2694 4233 2895 4298 imitare
2926 4225 2969 4278 B
3076 4203 3078 4226 '

698 4348 762 4401 21
805 4348 1048 4419 apetitur
1081 4350 1136 4403 Β
1343 4350 1414 4455 ²3,
1447 4316 1702 4418 inferior}
1739 4351 1794 4404 Β
2000 4350 2069 4403 23
2107 4350 2297 4420 ferina]
2336 4351 2506 4404 forma
2546 4350 2577 4403 b
2686 4347 2891 4419 pulchre
2926 4341 2966 4393 A

697 4463 938 4518 incaedit
973 4464 1028 4517 B
1135 4465 1204 4519 25
1241 4465 1477 4520 meditur
1511 4466 1582 4518 M
1614 4467 1857 4520 imitetur
1894 4466 1925 4520 b
