3159 4984
243 1671 295 1708 10

242 2204 296 2242 15

808 495 899 550 VI.
958 493 1249 550 Contra
1302 467 1673 548 Fau-stum
1731 493 1860 550 lib.
1899 493 2171 547 XXVIIII.
2501 497 2647 560 745.

334 689 681 756 dominus
730 709 937 754 meus
988 695 1061 753 et
1109 689 1293 753 deus
1342 708 1568 754 meus.
1640 691 1704 753 et
1757 700 1970 752 tamen
2018 689 2398 771 persuadere
2448 707 2631 752 cona-

331 798 489 862 mini
535 797 754 881 lingua
798 816 917 862 uos
964 796 1142 878 loqui
1188 815 1435 886 uerum,
1475 816 1621 862 cum
1663 795 1986 862 Christum
2037 795 2262 860 dicatis
2310 798 2447 860 toto
2497 813 2629 859 cor-

332 923 483 987 pore
530 905 730 969 fuisse
777 905 1139 970 mentitum.
1208 904 1363 968 haec
1421 907 1592 980 sunt,
1650 922 1809 986 quae
1856 903 2044 970 uobis
2092 903 2475 980 obiciuntur,
2526 902 2636 984 qui.

334 1011 528 1075 talem
579 1011 903 1077 Christum
954 1011 1140 1076 uobis
1187 1011 1478 1088 finxistis,
1530 1011 1713 1076 cuius
1763 1011 2060 1094 discipuli
2107 1012 2244 1076 ueri
2292 1031 2413 1077 non
2465 1010 2630 1087 sitis,

336 1117 457 1182 nisi
513 1107 852 1182 mendaces
910 1137 1030 1183 uos
1096 1136 1351 1201 quoque
1404 1118 1676 1182 fueritis.
1743 1138 1866 1183 non
1935 1124 2148 1183 autem
2212 1118 2355 1183 ideo
2422 1116 2634 1200 magia

333 1224 535 1289 uideri
583 1227 798 1306 potest
844 1226 992 1286 nata
1039 1243 1109 1288 ex
1156 1223 1405 1307 uirgine
1453 1223 1728 1288 hominis
1778 1242 1941 1301 caro,
2000 1225 2150 1308 quia
2207 1243 2348 1288 caro
2399 1221 2635 1287 Christi

337 1331 475 1396 sola
519 1331 613 1395 ita
659 1334 807 1394 nata
855 1333 973 1408 est,
1024 1331 1193 1394 sicut
1238 1349 1356 1396 nec
1400 1331 1515 1395 illa
1558 1331 1772 1415 magia
1828 1334 1948 1409 est,
2008 1331 2158 1415 quia
2212 1332 2350 1396 sola
2398 1329 2634 1395 Christi

336 1457 478 1502 caro
521 1437 621 1502 die
659 1437 850 1502 tertio
888 1438 1245 1516 resurrexit,
1286 1457 1634 1521 numquam
1673 1438 1942 1502 ulterius
1979 1437 2306 1501 moritura.
2356 1436 2634 1519 alioquin

337 1543 549 1607 omnia
594 1544 903 1607 miracula
941 1543 1041 1608 dei
1078 1542 1330 1628 magica
1368 1547 1570 1620 erunt,
1613 1545 1762 1627 quia
1800 1542 2207 1627 singulariter
2243 1545 2412 1608 facta
2449 1546 2630 1617 sunt;

336 1649 447 1714 sed
494 1669 643 1714 uere
690 1651 859 1714 facta
907 1653 1057 1716 sunt
1102 1669 1455 1734 uerumque
1504 1651 1942 1728 ostenderunt,
1991 1670 2114 1716 non
2164 1649 2385 1715 oculos
2434 1647 2634 1712 homi-

335 1775 487 1820 num
551 1755 914 1840 praestigiis
979 1755 1317 1821 fallacibus
1389 1757 1785 1821 inluserunt:
1862 1776 2024 1840 quae
2091 1755 2349 1840 quidem
2415 1759 2634 1820 contra

334 1867 624 1928 naturam
673 1864 1048 1946 plerumque
1096 1863 1516 1946 appellantur,
1564 1884 1690 1929 non
1749 1864 1913 1946 quod
1975 1867 2238 1927 naturae
2297 1862 2634 1926 aduersen-

332 1972 459 2047 tur,
496 1969 607 2034 sed
648 1970 818 2052 quod
856 1974 1118 2034 naturae
1157 1970 1441 2046 modum,
1476 1970 1585 2052 qui
1623 1970 1807 2036 nobis
1849 1973 1948 2036 est
1975 1969 2279 2048 usitatus,
2311 1968 2654 2033 excedant„

332 2076 603 2158 repellat
625 2095 771 2160 ergo
795 2075 1090 2142 dominus
1114 2097 1149 2141 a
1168 2078 1581 2160 paruulorum
1613 2097 1872 2143 suorum
1893 2076 2240 2153 mentibus,
2265 2075 2434 2158 quod
2456 2075 2641 2158 quasi

338 2181 736 2248 admonendo
775 2183 1057 2248 Faustus
1095 2185 1477 2266 persuadere
1518 2187 1786 2248 conatus
1826 2187 1944 2262 est,
1985 2186 2060 2247 ut
2097 2183 2290 2247 etiam
2330 2201 2446 2247 nos
2482 2179 2628 2245 ima·

335 2288 666 2373 ginariam,
713 2310 838 2355 non
886 2309 1103 2353 ueram
1152 2289 1557 2355 natiuitatem
1600 2290 1838 2356 Christi
1875 2291 2287 2374 profiteamur
2322 2291 2511 2371 atque
2547 2289 2642 2352 ita

334 2396 499 2459 inter
554 2415 670 2460 nos
729 2396 934 2461 omnis
994 2397 1314 2462 contentio
1372 2398 1650 2476 finiatur,
1706 2399 1904 2464 immo
1953 2417 2104 2462 uero
2151 2400 2409 2461 maneat
2453 2397 2660 2460 nobis.

336 2503 643 2568 aduersus
699 2503 847 2568 illos
903 2504 1121 2586 potius
1177 2524 1290 2588 pro
1348 2505 1620 2569 ueritate
1679 2507 1998 2569 certamen
2057 2523 2247 2585 quam
2304 2521 2452 2567 cum
2496 2503 2648 2582 illis⁴

332 2609 397 2673 in
446 2609 728 2676 falsitate
778 2612 1135 2677 concordia.

427 2721 485 2779 3.
546 2717 1001 2784 Uerumtamen
1060 2738 1293 2801 qua-ero
1351 2720 1428 2783 ab
1489 2720 1602 2796 εἰς,
1661 2720 1716 2784 si
1773 2723 1990 2784 nostra
2047 2717 2368 2783 contentio
2415 2717 2623 2780 termi-

334 2823 540 2899 natur,
591 2841 736 2886 cum
784 2823 907 2889 hoc
954 2823 1317 2900 dixerimu8‚
1367 2844 1479 2890 cur
1524 2824 1647 2889 hoc
1693 2825 1817 2908 ipsi
1863 2843 1985 2888 non
2035 2823 2306 2888 dicunt?
2354 2842 2465 2888 cur
2509 2823 2631 2887 hoc

334 2926 460 3008 ipsi
516 2932 785 2992 mortem
842 2948 965 2993 non
1022 2948 1261 3005 ueram,
1322 2928 1432 2994 sed
1488 2929 1931 3014 imaginariam
1982 2927 2218 2995 Christi
2276 2927 2651 3005 adfirmant‚.

336 3035 740 3099 natiuitatem
787 3039 1003 3101 autem
1050 3055 1175 3101 non
1224 3037 1453 3102 saltem
1498 3037 1718 3116 talem,
1781 3036 1894 3102 sed
1938 3056 2199 3121 prorsus
2247 3035 2491 3100 nullam
2541 3035 2650 3100 di·-

338 3161 476 3206 cere
526 3142 954 3227 delegerunt?
1020 3145 1073 3209 si
1123 3144 1528 3210 auctoritatis
1577 3144 1984 3228 euangelicae
2030 3142 2308 3226 pondere
2367 3143 2650 3206 ombus--

272 3267 296 3304 5
336 3251 485 3313 runt
531 3253 595 3312 et
639 3250 784 3315 ideo
833 3270 955 3316 non
1016 3251 1157 3316 ausi
1213 3255 1366 3317 sunt
1414 3251 1738 3317 Christum
1796 3271 1920 3316 non
1979 3251 2206 3316 saltem
2262 3249 2648 3334 imaginarie·

334 3373 597 3437 passum
664 3356 910 3435 dicere,
980 3358 1385 3423 natiuitatem
1454 3376 1705 3440 quoque
1774 3357 1911 3422 eius
1979 3357 2198 3422 eadem
2266 3356 2636 3440 euangelica

335 3463 613 3526 testatur
660 3463 1025 3529 auctoritas.
1077 3465 1197 3530 etsi
1247 3465 1413 3530 enim
1463 3465 1588 3530 duo
1638 3464 2072 3549 euangelistae
2119 3464 2331 3547 ipsum
2379 3467 2632 3545 partum

514 3671 545 3723 1
584 3668 701 3724 loh.
739 3669 827 3735 20,
865 3670 935 3724 28

406 3793 439 3847 3
478 3809 583 3862 que
626 3791 674 3846 G
775 3794 813 3845 4
849 3792 963 3846 cuis
1000 3792 1049 3848 S
1080 3794 1165 3848 eui
1209 3793 1261 3848 G
1368 3795 1401 3847 5
1438 3794 1726 3850 mandaces
1765 3794 1810 3851 S
1913 3795 1949 3850 8
1985 3796 2098 3848 tcio
2140 3799 2229 3864 (ev
2257 3811 2377 3863 sup.
2405 3815 2432 3848 τ
2461 3795 2556 3858 er.)
2590 3793 2636 3846 G

333 3897 571 3951 numqua
605 3881 892 3935 multerius
936 3881 982 3936 G
1160 3884 1221 3936 11
1264 3883 1543 3953 prestigiis
1581 3882 1634 3936 L
1824 3901 1928 3955 que
1973 3884 2018 3939 Ο
2207 3884 2272 3937 13
2311 3883 2546 3936 usitatus
2584 3883 2654 3950 (s-

332 3971 429 4038 fin.
466 3972 531 4024 in
562 3986 677 4024 ras.
717 3987 754 4024 a
789 3987 857 4024 m.
897 3974 963 4038 2)
1002 3971 1056 4024 L
1267 3973 1333 4026 14
1369 3990 1402 4026 a
1438 3988 1539 4027 om.
1580 3973 1644 4026 in
1681 3972 1782 4028 SG
1983 3974 2049 4027 16
2096 3981 2226 4027 uera
2263 3973 2350 4043 (m
2393 3971 2524 4025 add.
2561 3987 2630 4023 m.

336 4063 401 4128 2)
448 4059 493 4112 C
672 4060 1132 4129 atque—finiatur
1170 4061 1258 4121 (in
1295 4077 1463 4130 mary.
1505 4061 1636 4116 add.
1684 4079 1753 4117 m.
1801 4065 1933 4129 rec.)
1979 4061 2028 4116 G
2241 4061 2306 4115 17
2354 4059 2630 4114 contentio

338 4148 377 4214 (i
414 4165 459 4202 s.
498 4147 559 4216 Ζ.)
596 4145 651 4202 L
760 4149 827 4202 21
868 4165 1007 4218 quur
1034 4147 1087 4202 L
1232 4167 1368 4220 quur
1395 4150 1517 4204 Lar
1659 4151 1779 4221 hoc]
1818 4151 1920 4205 hoc
1960 4145 2134 4220 (exp.)
2173 4148 2417 4212 L28262,
2458 4164 2559 4202 om.
2599 4147 2655 4201 b·-

334 4237 404 4290 24
441 4236 805 4307 auctoritatis]
842 4238 1093 4292 ueritatis
1132 4237 1233 4293 SG
1378 4239 1616 4309 pondera
1653 4239 1754 4295 SG
1790 4239 2016 4310 ponderi
2054 4238 2308 4294 L¹M¹Pb
2419 4236 2488 4290 25
2523 4253 2632 4290 non

333 4341 437 4380 om.
485 4325 608 4380 86¹
771 4343 879 4380 non
928 4326 1119 4380 saltem
1167 4343 1268 4383 om.
1318 4326 1441 4382 86¹
1605 4329 1784 4383 saltim
1823 4329 1877 4382 L
2051 4329 2403 4399 imaginariae
2447 4325 2664 4380 LG10-

333 4413 402 4467 27
439 4417 647 4484 partem
685 4415 759 4469 Ρ1
