3159 4984
501 493 629 558 608
1219 490 1585 542 S.Aureli
1639 491 2077 560 Augustini

501 709 642 754 mus
691 707 806 754 nec
853 688 1030 752 nulla
1077 705 1216 752 esse
1262 705 1378 750 nec
1422 687 1612 753 leuia.
1681 687 1865 752 uelut
1910 687 2080 769 quod
2128 689 2396 772 exempli
2442 691 2643 773 gratia-
2686 709 2805 773 po-

502 798 748 862 suimus
819 797 896 860 de
961 797 1144 859 ueste
1209 793 1508 876 nuptiali,
1577 793 2183 872 demonstraremus,
2254 799 2561 878 quantum
2628 802 2809 862 esset

499 904 676 968 nefas
725 921 935 968 sacras
982 901 1236 984 nuptias
1285 901 1454 965 adire
1502 905 1907 982 quaerentem
1955 901 2045 967 ibi
2094 903 2361 986 gloriam
2397 921 2519 968 non
2560 903 2803 986 sponsi,

502 1009 614 1076 sed
663 1029 842 1075 suam
870 1061 884 1088 ,
931 1010 1039 1073 uel
1087 1009 1142 1074 si
1180 988 1529 1090 quid'forte
1569 1007 1741 1072 aliud
1780 1007 1893 1071 illa
1928 1008 2130 1073 uestis
2168 1009 2427 1074 meliore
2466 1009 2803 1074 intellectu

501 1117 860 1201 significare
891 1115 1307 1190 inueniretur;
1341 1116 1453 1177 aut
1480 1113 1651 1195 quod
1684 1117 1827 1178 ante
1859 1115 2078 1180 oculos
2110 1115 2277 1200 regis
2310 1115 2803 1195 interficiuntur,
2880 1140 2913 1177 5

502 1223 610 1305 qui
669 1242 814 1287 eum
873 1222 995 1286 s’ibi
1051 1239 1310 1304 regnare
1365 1220 1728 1297 noluerunt,
1786 1240 1910 1286 non
1956 1221 2021 1284 in
2066 1222 2257 1306 longo
2304 1223 2465 1286 forte
2512 1241 2805 1288 sermone

500 1333 715 1395 nostro
764 1328 1112 1412 adpareret,
1151 1346 1274 1392 non
1323 1326 1857 1410 quemadmodum
1906 1329 2083 1392 nulla
2129 1330 2315 1412 culpa
2361 1333 2461 1394 est
2504 1329 2805 1399 hominis,

505 1437 557 1501 si
623 1436 824 1501 nollet
889 1435 1011 1500 sibi
1074 1453 1334 1519 regnare
1400 1452 1785 1516 quemquam
1850 1433 2190 1513 hominem,
2255 1436 2347 1500 ita
2401 1437 2641 1501 nullam
2694 1437 2809 1500 uel

501 1561 762 1626 paruam
813 1561 955 1608 esse
1003 1542 1256 1624 culpam
1305 1560 1451 1605 eum
1498 1540 1622 1606 sibi
1678 1541 1847 1606 nolle
1903 1561 2185 1624 regnare,
2242 1542 2307 1606 in
2365 1543 2547 1608 cuius
2604 1543 2809 1609 solius

499 1669 695 1731 regno
742 1651 934 1726 recte,
982 1647 1166 1712 beate
1213 1665 1583 1730 semperque
1626 1647 1896 1730 uiuitur.
2846 1671 2905 1709 ιο

563 1758 700 1819 ·2Ο.
749 1755 882 1819 Iam
929 1755 1094 1818 illud
1140 1739 1440 1818 ultimum
1480 1753 1649 1834 quod
1686 1753 1969 1818 Faustus
2016 1755 2236 1838 posuit
2278 1755 2583 1820 insidians
2633 1761 2813 1820 uete-

501 1861 677 1926 ribus
723 1861 904 1925 libris
951 1864 1279 1942 tamquam
1325 1859 1842 1942 uituperantibus
1892 1860 2099 1938 deum,
2142 1863 2309 1944 quod
2354 1863 2631 1927 minet-ur
2676 1863 2811 1947 gla-

504 1967 698 2034 dium.
749 1988 873 2050 quo
923 1967 1158 2030 nemini
1207 1968 1440 2049 parcat,
1480 1985 1597 2030 nec
1631 1966 1808 2032 iusto
1848 1987 1963 2032 nec
2001 1970 2337 2051 peccatori,
2379 1989 2523 2034 cum
2559 1988 2811 2054 pagano

505 2077 938 2157 exponeretur,
981 2073 1296 2155 quomodo
1345 2072 1781 2155 accipiendum
1834 2074 1937 2151 sit,
1977 2075 2268 2140 fortassis
2315 2095 2431 2141 nec
2478 2095 2644 2141 nouo
2692 2095 2813 2142 nec

503 2181 706 2245 ueteri
751 2182 1139 2244 testamento
1186 2179 1530 2252 resisteret,
1583 2180 1766 2260 eique
1813 2180 2094 2263 placeret
2138 2182 2489 2247 similitudo
2538 2201 2815 2266 euange-
2852 2203 2907 2243 ιε,

501 2286 645 2363 lica,
694 2305 854 2368 quae
905 2286 1071 2362 istis,
1113 2286 1223 2368 qui
1269 2303 1338 2351 se
1386 2284 1765 2351 christianos
1812 2287 2030 2351 haberi
2076 2290 2327 2366 uolunt,
2376 2293 2489 2352 aut
2532 2309 2655 2354 non
2704 2289 2815 2352 ad-

502 2396 682 2475 paret
759 2396 833 2455 ut
890 2393 1092 2457 caecis
1161 2396 1272 2456 aut
1337 2391 1635 2474 displicet
1699 2397 1773 2455 ut
1825 2395 2162 2475 peruersis.
2230 2414 2519 2460 summus
2576 2394 2814 2478 quippe

499 2500 610 2563 ille
668 2500 822 2565 uitis
898 2498 1178 2582 agricola
1241 2499 1424 2562 aliter
1483 2501 1667 2579 parat
1744 2499 1971 2564 falcem
2039 2501 2376 2565 sarmentis
2440 2501 2814 2566 fructuosis,

504 2606 686 2670 aliter
728 2605 1169 2677 infructuosis,
1217 2609 1430 2668 tamen
1479 2625 1605 2670 non
1655 2607 1860 2688 parcit
1904 2625 2019 2672 nec
2066 2608 2281 2690 probis
2335 2626 2451 2672 nec
2506 2607 2819 2691 reprobiS‚

415 2698 420 2704 ⁴
503 2713 633 2777 illis
689 2712 1062 2799 purgandis,
1119 2712 1249 2776 illis
1307 2712 1736 2795 amputandis,
1802 2713 2020 2778 nullus
2087 2714 2252 2778 enim
2316 2713 2647 2778 hominum
2708 2717 2811 2778 est
2860 2735 2917 2774 zo

503 2821 682 2884 tanta
725 2819 980 2883 iustitia
1028 2817 1372 2900 praeditus,
1415 2817 1518 2883 cui
1555 2837 1678 2883 non
1722 2820 1808 2884 sit
1842 2821 2200 2884 necessaria
2236 2820 2570 2904 temptatio
2612 2820 2817 2884 tribu-

503 2927 762 2991 lationis
809 2925 916 2990 uel
963 2925 1042 2988 ad
1088 2925 1532 3008 perficiendam
1581 2926 1689 2989 uel
1737 2925 1815 2990 ad
1863 2926 2353 2991 confirmandam
2400 2928 2508 2991 uel
2554 2927 2635 2990 ad
2670 2945 2819 3008 pro·

503 3033 776 3098 bandam
827 3033 1156 3109 uirtutem,
1207 3031 1330 3096 nisi
1377 3031 1536 3096 forte
1583 3051 1701 3097 nec
1746 3033 2019 3097 Paulum
2072 3033 2183 3097 isti
2240 3033 2599 3116 apostolum
2650 3032 2823 3096 inter

507 3141 713 3205 iustos
743 3141 1097 3202 numerant.
1130 3138 1237 3220 qui
1268 3138 1561 3220 quamuis
1592 3138 1921 3203 humiliter
1950 3143 2015 3203 et
2042 3138 2352 3217 ueraciter
2388 3157 2507 3202 sua
2540 3141 2821 3220 praeter-

507 3247 600 3310 ita
643 3248 906 3328 peccata
940 3245 1237 3322 fateatur,
1275 3248 1488 3308 tamen
1539 3265 1607 3309 se
1656 3263 1725 3308 ex
1774 3245 1897 3310 fide
1934 3247 2083 3310 Iesu
2123 3245 2357 3310 Christi
2396 3245 2817 3310 iustificatum
2860 3268 2911 3306 85

402 3361 406 3366 ’
513 3353 744 3436 gratias
793 3351 945 3436 agit.
1013 3371 1092 3415 an
1137 3370 1290 3416 uero
1336 3351 1433 3415 illi
1478 3353 1779 3434 parcebat
1826 3353 1958 3431 ille,
2008 3371 2197 3434 quem
2244 3351 2394 3415 uani
2450 3369 2571 3416 non
2631 3352 2821 3416 intel-

511 3459 738 3541 legunt
775 3457 1115 3522 dicentem:
1155 3477 1279 3523 non
1317 3477 1591 3540 parcam,
1630 3477 1747 3522 nec
1783 3458 1954 3524 iusto
1994 3477 2111 3523 nec
2146 3457 2516 3541 peccatori?
2555 3458 2824 3522 audiant

518 3584 665 3647 ergo
731 3564 980 3648 ipsum:
1050 3570 1122 3630 et
1185 3586 1272 3630 ne
1337 3565 1892 3649 magnitudine,
1951 3566 2185 3648 inquit,
2243 3567 2815 3631 reuelationum

697 3757 730 3810 2
767 3757 832 3810 cf.
872 3757 1068 3810 Matth.
1109 3759 1194 3822 22,
1236 3759 1298 3811 11
1340 3773 1458 3828 sqq.
1598 3759 1631 3812 6
1670 3759 1735 3813 cf.
1774 3758 1905 3812 Luc.
1948 3759 2032 3822 19,
2071 3758 2137 3812 27
2289 3757 2355 3810 18
2393 3757 2460 3811 cf.
2498 3757 2616 3810 Ioh.
2658 3757 2744 3820 15,
2788 3759 2813 3809 1

519 3847 588 3898 25
627 3845 693 3898 cl.
730 3845 758 3898 I
796 3845 931 3898 Tim.
973 3848 1022 3909 1,
1064 3847 1130 3900 13
1240 3846 1307 3900 28
1344 3847 1404 3901 11
1440 3845 1560 3901 Cor.
1604 3849 1685 3909 12,
1726 3849 1756 3899 7
1798 3863 1914 3917 sqq.

592 3971 624 4022 2
659 3969 905 4038 nuptiale
949 3969 1214 4024 G¹LSM¹
1339 3971 1374 4024 ὃ
1410 3969 1688 4023 inuenitur
1730 3969 1777 4023 G
1916 3973 2012 4024 aut
2061 3967 2229 4039 quod]
2267 3985 2391 4038 atq:
2438 3967 2487 4021 (J
2626 3969 2658 4019 6
2698 3967 2813 4020 nol·

521 4059 698 4112 uerint
741 4058 805 4111 0¹
987 4059 1044 4112 in
1082 4075 1182 4113 om.
1223 4059 1268 4112 (1
1445 4059 1476 4110 7
1526 4058 1996 4127 quemammodum
2042 4056 2222 4111 LS'G-
2400 4057 2435 4108 9
2472 4071 2733 4126 pai-uuam
2775 4055 2821 4109 S

525 4149 591 4200 10
625 4151 805 4210 rectae
850 4146 901 4201 G·
941 4149 1120 4202 rectae
1159 4147 1284 4200 ΕΜ
1422 4147 1615 4202 beatae
1663 4147 1737 4200 M
1776 4147 2033 4216 beataeq:
2082 4149 2139 4214 (a
2185 4162 2307 4216 exp.
2355 4151 2404 4198 et
2450 4163 2510 4214 q:
2547 4159 2813 4212 super-scr.

525 4253 590 4289 m.
630 4239 688 4293 2)
729 4235 781 4288 L
927 4237 1151 4306 seper-‘ll
1190 4239 1276 4302 (ev
1317 4237 1447 4291 add.
1486 4255 1554 4290 m.
1595 4240 1655 4303 2)
1694 4236 1747 4289 L
1926 4237 1995 4290 12
2040 4233 2541 4305 inuituperantibus
2579 4231 2627 4286 S
2672 4229 2811 4298 inui-

523 4325 898 4393 tuperantibus
945 4326 996 4378 (γ’
1179 4327 1246 4378 13
1291 4326 1492 4378 nemini
1542 4327 1580 4390 (i
1628 4327 1723 4392 fin.
1772 4341 1809 4378 a
1858 4343 1923 4377 m.
1970 4330 2001 4376 1
2036 4341 2077 4379 8.
2119 4329 2169 4388 e)
2208 4323 2261 4377 L
2445 4323 2513 4376 15
2550 4323 2676 4391 eiqu
2706 4337 2733 4373 e
2774 4319 2819 4372 S

529 4413 716 4480 ciquae
761 4411 812 4464 (τ’
926 4413 990 4465 16
1027 4413 1214 4465 haberi
1257 4413 1296 4478 (i
1334 4429 1399 4465 ca:
1438 4421 1465 4466 e
1505 4430 1637 4466 corr.
1678 4430 1745 4466 m.
1787 4414 1839 4478 1)
1880 4414 1931 4465 L
