3159 4984
802 434 1028 488 11.De
1087 433 1389 488 duabus
1447 434 1874 489 animabus
2393 439 2473 502 77

201 635 372 700 tatur.
441 632 802 713 probemus,
867 632 1276 713 inprobamus
1345 633 1554 694 autem
1636 650 1754 695 non
1816 631 1966 714 quia
2046 650 2170 695 non
2230 630 2318 693 sit
2373 629 2477 693 ad-

202 741 459 814 secutus,
507 739 620 802 sed
669 738 818 820 quia
865 737 1116 802 omnino
1165 737 1431 819 adsequi
1477 739 1707 802 uoluit.
1776 738 1843 802 in
1900 757 2063 820 equo
2122 737 2289 800 enim
2336 755 2475 818 pro-

201 845 406 908 bamus
474 844 666 914 illud,
744 846 848 909 cui
913 849 1220 926 quantum
1283 846 1729 928 praeponimus
1794 845 2150 920 hominem,
2228 845 2479 906 tantum

203 951 570 1022 offendimur,
620 951 791 1034 quod
835 951 1128 1017 inferiora
1175 955 1474 1016 sectatur.
1523 952 1728 1034 quid?
1766 952 1932 1017 inter
1965 952 2141 1034 ipsos
2182 949 2473 1016 homines

155 1083 174 1118 ε,
200 1057 255 1120 111
281 1058 648 1122 inmittenda
675 1077 834 1124 uoce
863 1077 1066 1122 nonne
1097 1058 1266 1140 quod
1295 1077 1518 1141 praeco
1547 1059 1709 1122 bene
1739 1058 1911 1132 facit,
1953 1057 2206 1122 etiamsi
2244 1056 2477 1120 clarius

203 1183 264 1228 ac
303 1165 526 1230 melius
583 1165 650 1228 id
703 1166 898 1230 faciat
951 1169 1218 1248 praetor,
1276 1166 1539 1230 insanus
1599 1169 1749 1230 est?
1818 1165 2123 1229 caelestia
2180 1162 2475 1244 suspice:

201 1271 400 1335 lucens
459 1272 614 1335 luna
675 1272 970 1336 laudatur
1034 1292 1277 1354 suoque
1342 1272 1641 1337 laudatur
1703 1291 1895 1336 cursu
1972 1277 2163 1351 atque
2221 1269 2475 1334 uicibus

203 1378 342 1442 bene
397 1378 939 1444 considerantibus
1006 1379 1164 1444 satis
1229 1380 1474 1463 placet3
1541 1382 1753 1442 tamen
1822 1378 1877 1442 si
1946 1397 2085 1443 eam
2153 1377 2252 1441 301
2320 1376 2481 1439 33111

205 1485 416 1548 imitari
459 1521 548 1531 -—
592 1485 910 1570 fingamus
959 1487 1127 1551 enim
1175 1505 1284 1572 eos
1329 1506 1521 1569 posse
1569 1486 1801 1550 habere
1849 1483 2217 1550 huiusmodi
2255 1484 2480 1547 uolun-

135 1617 176 1652 ιο
204 1597 352 1660 tates
397 1633 502 1670 —,
551 1597 656 1660 cui
703 1616 828 1660 non
876 1615 1122 1660 summe
1173 1615 1244 1660 ac
1289 1594 1427 1658 iure
1475 1593 1862 1677 displiceat?
1920 1612 1993 1657 ex
2041 1591 2273 1674 quibus
2319 1588 2480 1653 illud

206 1703 310 1766 est.
356 1703 518 1782 quod
555 1702 848 1786 intellegi
884 1703 1052 1768 uolo,
1103 1704 1292 1767 etiam
1333 1702 1388 1767 si
1425 1705 1576 1766 sunt
1612 1701 1857 1765 animae
1894 1737 1983 1746 -
2023 1697 2191 1780 quod
2227 1695 2481 1760 interim

205 1808 491 1872 incertum
540 1813 643 1874 est
679 1847 768 1856 -
807 1809 1122 1892 corporeis
1171 1809 1399 1874 officiis
1443 1829 1568 1874 non
1616 1810 1899 1891 peccato,
1948 1806 2061 1870 sed
2107 1808 2333 1869 natura
2379 1802 2481 1866 de-

207 1913 357 1978 ditae
402 1935 664 1999 nosque,
703 1935 1088 1998 quamquam
1127 1916 1256 1981 sint
1290 1915 1639 1991 inferiores,
1681 1915 1895 1996 aliqua
1931 1917 2145 1978 tamen
2184 1909 2481 1976 interiore

207 2020 510 2088 uicinitate
577 2023 974 2107 contingunt,
1041 2042 1164 2088 non
1228 2023 1374 2087 illas
1430 2021 1572 2086 ideo
1632 2022 1836 2085 malas
1892 2018 2113 2084 haberi
2172 2018 2479 2099 oportere,

139 2147 178 2185 ιε
209 2127 342 2208 quia
374 2147 506 2206 nos,
547 2148 692 2194 cum
732 2149 838 2194 eas
877 2131 1204 2212 sequimur
1241 2135 1306 2194 et
1343 2147 1642 2212 corporea
1673 2127 2023 2212 diligimus,
2053 2124 2207 2188 mali
2236 2139 2479 2188 sumus,

207 2236 516 2316 propterea
579 2235 746 2300 enim
814 2255 1112 2319 corporea
1175 2236 1495 2320 diligendo
1548 2253 1911 2319 peccamus,
1968 2232 2117 2315 quia
2172 2228 2483 2313 spiritalia

211 2339 450 2424 diligere
510 2347 576 2407 et
627 2342 876 2407 iustitia
927 2344 1222 2408 iubemur
1279 2347 1344 2408 et
1398 2346 1625 2440 natura
1677 2359 2020 2425 possumus
2087 2340 2153 2402 et
2208 2340 2361 2400 tunc
2416 2335 2480 2399 in

211 2451 406 2513 nostro
451 2468 677 2533 genere
726 2450 952 2532 optimi
999 2452 1064 2514 et
1108 2449 1466 2514 beatissimi
1511 2468 1757 2514 sumus,
2156 2499 2163 2508 .

291 2556 388 2618 21.
436 2553 860 2634 Quamobrem
898 2557 1050 2639 quid
1088 2557 1281 2621 habet
1318 2557 1677 2641 argumenti
1714 2557 2015 2620 aestuans
2053 2553 2117 2616 in
2155 2555 2489 2630 utramque

140 2679 182 2718 2⁰
212 2663 432 2739 partem
497 2663 866 2729 deliberatio
922 2665 1113 2730 modo
1170 2665 1232 2728 in
1290 2667 1625 2748 peccatum
1679 2681 1896 2746 prona,
1953 2660 2142 2726 modo
2199 2658 2265 2721 in
2320 2657 2489 2719 recte

211 2765 430 2833 factum
476 2770 805 2847 subuecta‚
853 2774 930 2834 31
975 2771 1099 2835 (130
1157 2772 1508 2835 animarum
1567 2790 1823 2854 genera,
1889 2787 2159 2851 quorum
2226 2763 2491 2829 alterius

213 2879 416 2940 natura
467 2895 540 2941 ex
595 2877 714 2942 deo
773 2877 880 2954 sit,
939 2878 1200 2942 alterius
1257 2897 1380 2944 non
1440 2879 1544 2956 sit,
1606 2895 1906 2961 cogamur
1970 2875 2274 2957 accipere,
2343 2889 2490 2934 cum

217 2982 357 3046 alias
396 2987 492 3049 tot
545 3002 772 3048 causas
829 2985 1202 3049 alternantis
1260 2984 1669 3068 cogitationis
1728 2983 2013 3048 conicere
2068 2981 2311 3045 liceat?
2378 2975 2489 3042 sed

215 3087 356 3153 haec
397 3091 662 3156 obscura
707 3110 848 3156 esse
898 3095 964 3156 et
1007 3092 1334 3156 incassum
1391 3091 1467 3154 ab
1526 3091 1753 3154 animis
1810 3088 2226 3172 lippientibus
2276 3081 2494 3168 quaeri

145 3209 186 3246 ²⁵
220 3195 482 3279 quisquis
526 3199 738 3264 bonus
782 3219 994 3263 rerum
1043 3199 1433 3264 existimator
1471 3201 1589 3274 est,
1630 3197 1827 3263 uidet.
1879 3214 2069 3278 quare
2106 3195 2220 3258 illa
2256 3191 2492 3275 potiuS,

219 3321 364 3383 quae
424 3305 496 3369 de
558 3306 890 3370 uoluntate
957 3309 1146 3387 atque
1211 3309 1472 3389 peccato
1542 3305 1715 3368 dicta
1778 3305 1949 3378 sunt,
2016 3302 2149 3377 1113,
2212 3300 2492 3382 inquam,

219 3427 364 3489 quae
408 3431 652 3477 summa
693 3413 946 3478 iustitia
1001 3414 1316 3478 neminem
1372 3413 1612 3477 ratione
1668 3414 1957 3476 utentem
2012 3410 2300 3493 ignorare
2356 3425 2491 3489 per-

218 3516 420 3590 mittit,
463 3518 572 3582 illa
618 3537 778 3600 quae
828 3519 885 3583 si
930 3519 1302 3583 auferuntur
1346 3518 1550 3594 nobis,
1600 3516 1760 3580 nihil
1798 3517 1915 3592 est,
1956 3514 2123 3579 unde
2164 3512 2493 3596 disciplina

286 3683 316 3736 3
349 3687 492 3738 131110
529 3687 583 3739 A
724 3687 756 3738 5
794 3686 851 3739 in
889 3703 990 3740 om.
1029 3687 1083 3739 A
1262 3682 1589 3738 inmittenda
1634 3681 1867 3736 Hartel:
1904 3679 2195 3735 imittenda
2232 3678 2305 3732 M
2338 3678 2493 3733 emit-

221 3770 374 3824 tenda
403 3773 527 3828 Bsb
562 3775 832 3830 imitanda
864 3777 919 3829 A
1048 3775 1080 3828 6
1119 3791 1180 3828 ac
1217 3775 1412 3828 melius
1450 3789 1552 3827 om.
1592 3771 1711 3826 SM
1882 3787 2074 3841 praeco
2111 3771 2166 3823 A
2206 3770 2425 3822 senator
2462 3767 2493 3820 b

223 3861 412 3930 suscipe
445 3865 594 3918 ABs
787 3864 818 3916 7
858 3865 956 3918 alt.
994 3864 1138 3918 laud.
1179 3879 1279 3918 om.
1319 3862 1452 3917 SAb
1670 3877 1827 3914 cursu
1866 3863 2028 3930 atque
2066 3875 2284 3912 recursu
2323 3859 2419 3910 aut
2455 3854 2501 3908 S

233 3975 288 4026 :4
311 3976 640 4049 uicinitateA
786 3980 1068 4050 contingat
1088 3979 1120 4032 b
1244 3935 1468 4032 ¹:aberiB
1545 3977 1611 4031 15
1633 3979 1690 4031 31
1704 3993 1805 4030 nos
1827 3975 1860 4028 b
1889 3975 2044 4030 eosA
2122 3974 2186 4029 17
2216 3971 2496 4026 iusticiaA

225 4061 286 4114 18
321 4062 496 4121 obtimi
529 4067 604 4120 M
748 4068 813 4122 19
849 4067 1052 4122 habeat
1085 4067 1245 4122 ABS
1385 4071 1604 4121 estuans
1641 4066 1696 4119 A
1851 4066 1907 4118 in
1945 4068 2171 4134 utraque
2210 4065 2363 4133 parte
2398 4059 2503 4114 BS

224 4150 284 4202 20
316 4157 454 4209 rectu
487 4157 540 4210 A
629 4155 699 4210 22
734 4172 820 4226 pr.
859 4157 934 4210 sit
969 4173 1067 4210 om.
1109 4157 1166 4210 A
1256 4157 1325 4211 23
1363 4155 1696 4209 alternantes
1736 4155 2097 4225 cogitationes
2134 4151 2223 4206 Bb
2304 4151 2377 4253 24
2412 4150 2495 4202 in-

228 4281 390 4320 casum
413 4269 464 4322 B
603 4271 754 4342 queri
772 4273 826 4325 A
917 4271 987 4325 25
1017 4288 1120 4343 que
1150 4272 1332 4342 potius
1350 4271 1404 4324 A
1488 4271 1556 4323 27
1586 4271 1852 4336 rationem
1870 4269 1926 4321 B
2009 4267 2078 4322 28
2109 4269 2425 4322 auferuntur
2443 4263 2500 4316 B

229 4354 512 4411 auferantur
549 4358 624 4412 sb
771 4361 876 4429 est]
913 4358 1063 4413 aliud
1102 4362 1186 4413 est
1224 4359 1255 4412 b
