3159 4984
541 452 671 515 500
1242 448 1295 500 S.
1352 446 1633 499 Aureli
1695 445 2130 514 Augustini

538 646 602 707 te
662 658 920 705 necesse
980 639 1065 703 sit
1119 639 1427 703 Iudaeum
1484 638 1640 705 fieri.
1699 657 1777 701 ne
1837 638 2028 701 etiam
2085 655 2254 701 nunc
2315 637 2526 720 legem
2593 637 2842 701 soluere

537 764 928 830 perseuereS,
978 764 1172 827 quam
1217 744 1354 826 ipse
1401 763 1522 808 non
1574 743 1790 809 soluit.

629 854 690 919 4.
758 853 841 916 Et
886 854 1098 917 tamen
1147 851 1268 916 hoc
1316 850 1372 915 si
1418 849 1577 915 mihi
1622 850 2088 915 Nazaraeorum
2145 848 2423 913 obiceret
2477 850 2840 933 quisquam,

537 978 701 1043 quos
759 959 867 1022 alii
927 958 1447 1042 symmachianos
1506 956 1848 1040 appellant,
1917 956 2092 1040 quod
2155 956 2322 1020 enim
2378 957 2561 1022 Iesus
2619 956 2846 1021 dixerit

539 1084 663 1131 non
731 1084 799 1129 se
866 1063 1121 1129 uenisse
1198 1063 1447 1128 soluere
1521 1064 1754 1147 legem,
1832 1062 2291 1146 aliquantisper
2343 1063 2696 1129 haesissem
2751 1064 2842 1128 in—
2917 1084 2948 1123 ⁵

538 1174 773 1249 certus,
814 1170 971 1254 quid
1000 1169 1058 1236 ei
1088 1169 1555 1252 responderem.
1606 1188 1723 1234 nec
1767 1169 2100 1243 inmerito;
2149 1169 2448 1233 ueniebat
2495 1168 2662 1233 enim
2710 1188 2842 1235 cor—

538 1296 689 1360 pore
769 1281 961 1359 atque
1036 1276 1245 1341 animo
1328 1277 1522 1342 simul
1593 1277 1737 1359 lege
1814 1275 2061 1341 obsitus
2137 1294 2210 1339 ac
2273 1276 2620 1360 prophetie.
2697 1296 2842 1341 nam

537 1383 927 1461 huiusmodi,
977 1403 1139 1467 quos
1189 1384 1309 1462 aio,
1362 1386 1426 1447 et
1474 1381 2024 1447 circumcisionem
2070 1384 2327 1463 portant
2381 1386 2447 1446 et
2502 1384 2844 1447 obseruant

536 1490 878 1554 sabbatum
936 1492 1003 1554 et
1055 1490 1314 1573 porcina
1368 1508 1441 1553 ac
1505 1489 1774 1570 reliquis
1841 1488 2164 1553 abstinent
2223 1488 2612 1567 huiusmodi,
2679 1508 2840 1571 quae

535 1595 860 1679 praecepit
903 1597 1026 1674 leit,
1078 1597 1195 1661 sub
1246 1595 1574 1660 christiani
1621 1594 1917 1677 quamuis
1964 1594 2240 1659 nominis
2295 1594 2688 1677 professione
2737 1596 2840 1660 de-
2891 1614 2950 1654 ιο

540 1702 711 1785 cepti
760 1703 953 1767 etiam
997 1703 1141 1785 ipsi,
1191 1705 1267 1766 ut
1309 1702 1602 1786 intellegi
1649 1702 1854 1779 datur,
1894 1701 2015 1765 hoc
2060 1700 2200 1784 ipso
2251 1702 2550 1785 capitulo,
2602 1702 2728 1767 duo
2780 1706 2844 1767 et

532 1812 631 1885 tu,
673 1809 825 1890 quia
863 1808 1155 1874 Christus
1202 1828 1325 1874 non
1376 1808 1455 1873 ad
1502 1808 1874 1873 soluendam
1923 1809 2131 1892 legem
2180 1828 2248 1873 se
2296 1808 2548 1873 uenisse
2596 1808 2840 1876 dixerit.

534 1914 652 1979 sed
693 1915 770 1978 ad
808 1915 1189 1997 inplendam.
1239 1934 1434 1999 quare
1484 1934 1632 1980 cum
1668 1914 1906 1979 talibus
1947 1917 2120 1979 esset
2156 1914 2314 1978 mihi
2348 1934 2472 1979 non
2509 1915 2842 1998 pusillum,

532 2025 609 2085 ut
657 2021 802 2098 dixi,
854 2025 1190 2101 certamen,
1241 2022 1440 2087 donec
1502 2018 1778 2109 capituli}
1835 2021 2026 2087 huius
2086 2041 2122 2085 a
2176 2042 2277 2086 me
2324 2022 2688 2086 molestiam
2735 2022 2842 2087 de-

536 2128 813 2205 molirer,
865 2128 984 2193 tibi
1030 2148 1182 2194 uero
1231 2146 1633 2211 nequaquam
1681 2128 1981 2212 congredi
2026 2131 2310 2192 metuam
2356 2128 2551 2193 nullis
2600 2129 2842 2194 confiso
2889 2144 2948 2183 1⁵

536 2234 786 2299 uiribus
856 2237 921 2299 et
980 2235 1355 2318 inpudentia
1407 2236 1622 2319 potius
1679 2235 2040 2313 lacessenti,
2100 2239 2174 2298 ut
2225 2236 2476 2299 facilius
2541 2236 2839 2318 temptat,

536 2360 637 2405 me
703 2343 921 2424 putem
989 2342 1100 2406 abs
1162 2346 1226 2405 te
1293 2361 1485 2424 quam
1543 2342 1706 2426 cogi,
1766 2345 1840 2406 ut
1895 2342 2144 2406 credam
2200 2342 2432 2407 dixisse
2490 2340 2840 2419 Christum,

533 2447 710 2529 quod
763 2466 880 2512 nec
936 2450 1000 2512 te
1056 2448 1309 2512 uideam
1368 2447 1731 2513 credidisse.
1802 2468 1916 2512 nec
1974 2448 2140 2511 enim
2206 2448 2548 2530 quicquam
2616 2466 2840 2512 eorum

536 2552 912 2635 praeferens,
963 2554 1198 2637 quibus
1245 2555 1343 2617 lex
1394 2558 1459 2618 et
1504 2554 1848 2636 prophetae
1909 2574 2032 2619 non
2094 2554 2260 2619 solui
2316 2554 2673 2630 uideantur,
2723 2556 2842 2619 sed

536 2660 863 2743 adinpleri,
924 2680 1029 2725 me
1092 2664 1421 2742 tamquam
1470 2660 1754 2725 desidem
1805 2660 2100 2744 obiurgas
2150 2680 2222 2725 ac
2268 2662 2838 2743 praeuaricatorem
2885 2678 2944 2716 το

534 2786 609 2831 ex
655 2766 847 2831 huius
898 2766 1253 2831 obiectione
1303 2765 1581 2848 capituli.
1635 2784 1710 2829 an
1761 2774 1827 2829 et
1872 2770 1944 2829 tu
1993 2766 2119 2830 iam
2158 2766 2234 2830 de
2271 2770 2706 2832 truncatorum
2745 2768 2838 2831 in-

532 2874 803 2958 guinum
870 2874 1181 2938 obscaeno
1237 2873 1350 2938 illo
1410 2873 1739 2957 signaculo
1799 2873 2110 2956 gloriaris,
2175 2875 2505 2954 tamquam
2559 2874 2840 2939 Iudaeus

532 2982 647 3043 aut
690 2979 1104 3044 Nazaraeus?
1172 2998 1246 3043 an
1298 2978 1710 3060 supercilium
1761 2978 1836 3043 de
1888 2979 2326 3044 obseruatione
2377 2979 2564 3063 erigis
2613 2981 2840 3044 sabba—

534 3089 797 3151 torum?
867 3104 944 3150 an
994 3084 1069 3150 de
1117 3087 1409 3167 porcinae
1458 3086 1842 3150 abstinentia
1888 3086 2006 3150 tibi
2055 3087 2350 3151 conscius
2398 3085 2690 3170 gaudes?
2760 3106 2838 3150 an

534 3192 810 3274 denique
860 3191 936 3255 de
983 3192 1389 3255 uictimarum
1448 3192 1753 3276 sanguine
1813 3195 1878 3257 et
1933 3193 2453 3257 holocaustorum
2505 3191 2840 3257 nidoribus
2885 3212 2938 3248 2⁵

535 3298 917 3362 Iudaeorum
1012 3302 1077 3363 te
1154 3302 1547 3364 exsaturasse
1627 3299 1814 3363 deum
1919 3299 2213 3363 exultas?
2310 3299 2542 3381 quodsi
2604 3300 2835 3363 horum

530 3404 745 3469 fecisti
814 3403 992 3481 nihil,
1055 3405 1209 3487 quid
1266 3407 1355 3471 ita
1411 3406 1735 3472 Christum
1793 3425 1917 3470 non
1975 3406 2226 3469 uenisse
2284 3406 2494 3489 legem
2561 3406 2839 3483 soluere,

532 3510 648 3573 sed
698 3510 1021 3592 adinplere
1071 3512 1451 3577 contendis?

612 3702 637 3752 1
670 3702 834 3769 nunc}
864 3718 993 3753 num
1020 3700 1323 3757 ῙᾺΡΜἮ1
1362 3703 1488 3756 dum
1527 3702 1654 3757 SG2
1686 3704 1793 3772 fill]
1839 3702 1886 3757 0
2025 3702 2058 3755 2
2097 3716 2372 3756 asseueres
2409 3702 2568 3771 (corr.
2607 3718 2674 3755 ex
2710 3720 2840 3773 per—

530 3804 751 3843 seueres
792 3791 862 3843 M
970 3790 1001 3842 3
1038 3806 1383 3843 nazareorum
1421 3790 1714 3845 LGGMS1
1827 3793 1861 3844 4
1900 3791 2253 3845 sinmatianos
2300 3791 2348 3846 S
2386 3790 2748 3846 simachianos
2799 3794 2848 3846 C

533 3878 893 3933 sinmacianos
938 3878 986 3932 G
1027 3879 1402 3931 simmacianos
1432 3879 1586 3933 LMb
1627 3880 2002 3934 simmatianos
2037 3879 2094 3933 P
2201 3880 2333 3949 quid
2359 3880 2409 3933 L
2520 3880 2663 3948 enirn
2698 3880 2840 3933 6:112

528 3968 567 4019 5
604 3968 784 4037 legem
822 3967 1031 4021 soluere
1068 3968 1115 4021 0
1218 3966 1475 4021 hesisscm
1505 3968 1614 4021 LG
1718 3970 1749 4023 6
1789 3967 2074 4023 ueniebam
2104 3967 2302 4023 S¹GM
2409 3970 2475 4022 12
2504 3969 2573 4023 ad
2602 3974 2667 4035 (ε.
2699 3972 2760 4037 l.)
2799 3972 2846 4027 S

540 4056 603 4107 15
641 4055 843 4109 confixo
873 4054 1100 4108 L¹MG¹
1140 4056 1458 4110 con''confiso
1497 4058 1545 4111 G
1647 4058 1718 4111 20
1747 4058 2043 4127 adimplere
2072 4057 2147 4110 L¹
2261 4060 2326 4111 21
2367 4062 2742 4113 truncaturom
2773 4060 2840 4115 8¹

535 4143 604 4195 22
643 4143 873 4197 obsceno
921 4142 1031 4197 Lo
1178 4144 1368 4199 iudeus
1404 4144 1452 4197 C
1592 4147 1659 4199 23
1689 4164 1948 4200 nazareus
1977 4146 2030 4199 L
2065 4163 2360 4200 nazarenus
2400 4148 2488 4215 (en
2525 4149 2588 4200 in
2623 4154 2764 4218 rae.)
2801 4150 2847 4205 S

532 4274 816 4313 nazaneus
867 4262 920 4329 (a-
966 4259 1058 4328 er.)
1112 4260 1164 4313 G
1345 4262 1411 4314 26
1450 4260 1730 4315 iudeorum
1785 4262 1832 4316 C
1973 4228 2280 4316 exhturasse
2327 4261 2402 4314 M
2577 4264 2645 4316 27
2697 4266 2844 4320 nihil

530 4348 714 4401 fecisti
758 4350 800 4401 C
