3159 4984
303 1637 357 1674 10

254 2165 353 2204 *-15

307 2697 363 2736 80

879 457 970 511 VI.
1029 457 1318 512 Contra
1372 459 1741 512 Faustum
1799 456 1927 511 lib.
1983 457 2160 512 XXII.
2540 462 2671 525 649

388 653 540 725 tius,
605 654 670 720 in
735 654 942 738 plagis
1010 673 1200 738 supra
1261 655 1545 734 modum,
1611 656 1677 720 in
1732 655 2046 720 mortibus
2105 655 2379 738 saepius,
2436 657 2692 738 propter

390 779 552 841 quos
598 761 836 825 habent
878 760 1032 825 foris
1079 780 1348 846 pugnas,
1396 763 1570 828 intus
1618 763 1901 840 timores,
1951 762 2255 847 gaudium
2296 765 2361 826 et
2396 779 2690 826 coronam

391 885 572 930 suam
610 871 860 934 uocant.
910 872 1258 933 nascuntur
1306 869 1398 933 eis
1444 872 1661 934 autem
1705 869 1959 934 facilius
2008 873 2200 950 atque
2250 867 2569 952 copiosius
2619 887 2692 932 ex

389 971 500 1038 illo
570 993 855 1039 sermone
921 974 1090 1054 fidei,
1159 995 1286 1059 quo
1350 975 1719 1059 praedicant
1772 975 2094 1041 Christum
2154 974 2560 1050 crucifixum3
2629 979 2693 1036 et

391 1081 698 1164 quicquid
743 1082 1158 1147 humanitatis
1199 1082 1337 1147 eius
1377 1081 1567 1147 citius
1606 1083 1884 1147 humana
1921 1081 2305 1167 cogitatione
2344 1080 2691 1164 percipitur

393 1190 458 1251 et
509 1186 791 1251 infirmos
858 1188 1254 1252 etiam-Liae
1312 1189 1533 1254 oculos
1592 1208 1715 1253 non
1770 1187 2117 1271 perturbat.
2183 1187 2423 1252 Rachel
2478 1189 2689 1250 autem

391 1294 559 1359 clara
595 1297 858 1377 aspectu
904 1297 1116 1360 mente
1165 1295 1410 1360 excedit
1458 1295 1573 1361 deo
1624 1297 1689 1360 et
1732 1296 1913 1360 uidet
1956 1296 2020 1359 in
2068 1293 2375 1378 principio
2424 1293 2693 1358 uerbum

393 1401 580 1465 deum
628 1401 796 1484 apud
842 1402 1032 1466 deum
1080 1405 1146 1466 et
1191 1402 1337 1466 uult
1379 1421 1598 1486 parere
1648 1404 1714 1467 et
1758 1423 1881 1468 non
1929 1405 2163 1486 potest,
2204 1403 2355 1484 quia
2392 1419 2693 1485 genera-

393 1505 674 1572 tionem
741 1508 904 1572 eius
972 1509 1142 1592 quis
1211 1509 1635 1574 enarrabit?
1700 1509 1961 1592 proinde
2028 1509 2183 1588 uita,
2250 1526 2413 1590 quae
2479 1507 2692 1572 studio

395 1615 946 1698 contemplationis
1003 1615 1305 1698 conpetit,
1363 1619 1439 1681 ut
1495 1635 1587 1695 ea,
1655 1634 1818 1698 quae
1874 1616 2044 1680 carni
2109 1618 2260 1680 sunt
2322 1613 2693 1692 inuisibilia,

393 1740 514 1785 non
541 1708 828 1787 'infirmis
877 1721 1082 1788 oculis
1128 1723 1362 1788 mentis
1410 1743 1522 1807 per
1568 1742 1661 1800 ea,
1720 1742 1883 1806 quae
1926 1723 2097 1788 facta
2143 1725 2313 1800 sunt,
2367 1723 2697 1787 intellecta

393 1827 743 1911 conspiciat
807 1834 872 1894 et
937 1831 1386 1912 sempiternam
1450 1831 1551 1895 dei
1624 1831 1933 1895 uirtutem
1999 1848 2073 1894 ac
2138 1829 2540 1895 diuinitatem
2603 1830 2694 1893 in-

393 1934 726 1999 effabiliter
772 1938 1007 2014 cernat,
1056 1955 1284 2001 uacare
1330 1936 1478 2000 uult
1525 1937 1602 2002 ab
1643 1937 1815 2002 omni
1851 1936 2108 2022 negotio
2148 1938 2215 2001 et
2248 1936 2394 2002 ideo
2434 1936 2692 2000 sterilis.

393 2041 765 2107 adfectando
804 2041 1040 2125 quippe
1081 2042 1302 2121 otium,
1335 2062 1463 2126 quo
1495 2043 1714 2108 studia
1744 2044 2301 2128 contemplationis
2333 2043 2691 2127 ignescunt,

394 2166 515 2211 non
564 2150 1073 2230 contemperatur
1115 2148 1468 2213 infirmitati
1506 2148 1859 2230 hominum,
1900 2150 2011 2233 qui
2047 2151 2109 2214 in
2151 2151 2345 2216 uariis
2382 2149 2695 2234 pressuris

395 2253 516 2317 sibi
557 2253 916 2319 desiderant
953 2255 1318 2333 subueniri3
1365 2257 1478 2322 sed
1525 2257 1677 2341 quia
1724 2262 1790 2322 et
1832 2257 1974 2341 ipsa
2018 2258 2387 2340 procreandi
2436 2257 2694 2321 caritate

393 2361 735 2426 inardescit
771 2399 858 2409 --
898 2363 1044 2427 uult
1081 2363 1248 2428 enim
1286 2363 1530 2444 docere,
1571 2365 1743 2448 quod
1788 2365 1990 2444 nouit,
2031 2385 2237 2446 neque
2277 2383 2423 2429 cum
2456 2363 2701 2428 inuidia

393 2467 759 2532 tabescente
806 2469 928 2533 iter
971 2469 1202 2535 habere
1249 2507 1338 2519 —
1384 2470 1565 2536 uidet
1614 2481 1893 2536 sororem
1947 2471 2162 2536 labore
2219 2470 2445 2555 agendi
2502 2473 2694 2553 atque

394 2573 675 2655 patiendi
713 2575 864 2640 filiis
914 2575 1338 2641 abundantem
1389 2579 1454 2642 et
1500 2577 1675 2643 dolet
1719 2577 1934 2661 potius
1984 2597 2231 2643 currere
2277 2578 2567 2644 homines
2616 2575 2695 2640 ad

397 2699 532 2744 eam
579 2682 910 2761 uirtutem,
961 2701 1088 2764 qua
1126 2702 1343 2748 eorum
1380 2684 1858 2749 infirmitatibus
1896 2685 2514 2764 necessitatibusque
2554 2703 2697 2748 con—

397 2787 649 2864 sulitur,
707 2805 901 2869 quam
960 2789 1038 2852 ad
1091 2788 1292 2866 illam,
1349 2789 1516 2854 unde
1571 2789 1861 2853 diuinum
1911 2791 1975 2854 et
2018 2788 2538 2854 incommutabile
2586 2788 2696 2851 ali-

397 2893 553 2976 quid
600 2893 886 2959 discitur.
934 2895 1040 2960 hic
1078 2895 1258 2960 dolor
1293 2896 1605 2980 figuratus
1642 2896 1899 2962 uidetur
1932 2895 1997 2960 in
2039 2915 2132 2972 e0‚
2172 2895 2344 2979 quod
2390 2895 2695 2978 scriptum

399 3001 534 3064 est:
586 3004 660 3065 et
705 3001 991 3066 zelauit
1035 3001 1320 3067 Rachel
1368 3021 1700 3067 sororem
1749 3021 1976 3069 suam.
2025 3003 2285 3088 proinde
2324 3002 2475 3084 quia
2506 2999 2697 3083 liqui-

399 3105 516 3171 dus
571 3126 898 3190 purusque
951 3108 1320 3174 intellectus
1369 3109 1446 3174 de
1492 3109 1606 3174 illa
1652 3110 2032 3189 substantia,
2090 3129 2250 3193 quae
2298 3128 2526 3192 corpus
2573 3127 2697 3172 non

398 3215 498 3276 est
543 3231 616 3278 ac
659 3233 772 3297 per
818 3214 942 3280 hoc
999 3214 1078 3279 ad
1134 3215 1338 3280 carnis
1395 3235 1656 3281 sensum
1712 3236 1836 3282 non
1889 3217 2187 3300 pertinet,
2242 3215 2457 3280 uerbis
2514 3233 2697 3279 carne

399 3318 586 3384 editis
635 3320 898 3403 exprimi
944 3340 1067 3388 non
1115 3325 1348 3405 potest,
1399 3322 1582 3407 eligit
1629 3323 1917 3389 doctrina
1962 3323 2308 3408 sapientiae
2353 3341 2466 3406 per
2511 3341 2696 3404 quas-

583 3529 608 3582 1
657 3527 723 3582 cf.
769 3527 823 3582 Π
869 3527 988 3584 Cor.
1037 3530 1122 3596 11,
1167 3530 1238 3584 23
1419 3532 1452 3584 2
1500 3531 1567 3584 cf.
1616 3531 1671 3584 Π
1716 3529 1837 3587 Cor.
1886 3531 1935 3597 7,
1984 3533 2017 3581 5
2198 3532 2230 3586 3
2279 3532 2346 3587 cf.
2392 3531 2535 3586 Phil.
2572 3533 2624 3597 4,
2666 3533 2693 3584 1

395 3617 432 3669 4
469 3616 534 3670 cf.
571 3617 600 3670 Ι
639 3615 758 3672 Cor.
799 3619 848 3683 1,
887 3617 958 3672 23
1087 3619 1118 3672 7
1157 3618 1223 3672 cf.
1261 3618 1320 3672 II
1357 3619 1479 3674 Cor.
1517 3619 1568 3684 5,
1612 3619 1677 3674 13
1804 3620 1840 3674 8
1878 3619 1944 3675 cf.
1981 3620 2100 3674 Ioh.
2145 3622 2190 3686 l,
2222 3621 2252 3674 1
2426 3619 2515 3674 Es,
2546 3621 2633 3682 53,
2663 3620 2699 3674 8

397 3703 466 3757 13
504 3703 570 3758 cf.
607 3705 763 3762 Rom.
804 3706 852 3771 1,
891 3705 962 3761 20
1075 3707 1142 3762 18
1179 3706 1244 3761 cf.
1284 3709 1410 3778 Sap.
1448 3708 1500 3774 6,
1539 3709 1611 3762 25
1721 3708 1789 3762 23
1829 3706 1962 3765 Gen.
2002 3709 2089 3774 30,
2133 3710 2157 3762 1

471 3829 496 3881 1
539 3827 876 3898 frequentius
913 3833 970 3882 et
1006 3829 1156 3899 (post
1190 3830 1431 3900 saepius)
1469 3830 1502 3884 b
1612 3829 1647 3883 3
1684 3833 1867 3884 autem
1906 3830 1985 3885 eis
2022 3830 2151 3884 M²b
2257 3832 2294 3884 4
2331 3830 2613 3902 predicant
2656 3830 2703 3883 0

397 3917 615 3971 eristum
651 3916 701 3971 G
830 3919 858 3968 7
899 3915 1043 3972 uidit
1076 3916 1130 3970 L
1272 3919 1308 3970 8
1345 3918 1528 3988 deum]
1565 3916 1658 3972 dni
1694 3918 1727 3972 b
1874 3919 1992 3973 uult
2029 3920 2075 3988 (t
2109 3935 2152 3973 ε.
2195 3919 2231 3972 l.
2272 3919 2403 3974 add.
2440 3935 2509 3974 m.
2548 3921 2608 3984 2)
2657 3917 2705 3971 Ο

397 4004 430 4058 9
478 4005 752 4060 enarrauit
771 4005 992 4062 'LGSG-
1037 4006 1311 4061 enarrabit
1356 4007 1410 4074 (b
1458 4023 1596 4062 corr.
1647 4023 1713 4063 ex
1760 4009 1819 4076 u)
1858 4007 1935 4060 M
2149 4009 2215 4063 12
2252 4025 2313 4062 ac
2352 4008 2699 4062 diuinitatem

399 4110 499 4149 om.
537 4093 627 4149 Lb
791 4095 859 4149 16
898 4095 1206 4160 desiderant
1243 4093 1291 4150 S
1447 4097 1706 4155 caritate*
1744 4099 1819 4164 (m
1858 4095 1952 4167 er.)
1990 4097 2045 4150 L
2209 4098 2274 4150 17
2315 4099 2456 4168 cum]
2492 4115 2611 4153 cum
2651 4097 2701 4168 (c

399 4198 466 4238 ex
486 4199 514 4238 e
537 4183 694 4253 corr.)
722 4183 776 4237 L
805 4199 920 4238 earn
951 4182 1074 4238 8¹6
1103 4200 1224 4238 eum
1257 4185 1324 4238 M
1349 4184 1494 4238 enim
1521 4185 1554 4237 b
1654 4183 1831 4240 innidi
1859 4185 2224 4240 a‘tabescente
2252 4187 2327 4240 M
2391 4186 2460 4240 19
2487 4185 2697 4240 habun-

399 4271 617 4326 dantem
661 4273 708 4327 0
883 4272 947 4325 21
991 4271 1063 4342 qd
1106 4272 1157 4327 G·
1194 4272 1343 4343 aliqd
1379 4271 1426 4328 S
1603 4273 1673 4328 25
1710 4273 1891 4327 uerbis
1929 4273 2035 4344 (bis
2072 4290 2114 4329 s.
2154 4275 2189 4329 l.
2226 4290 2270 4332 8.
2311 4289 2429 4345 exp.
2466 4273 2616 4346 bum)
2659 4275 2703 4329 S

399 4361 466 4414 26
506 4361 679 4432 elegit
715 4360 840 4416 8¹6
