3159 4984
575 437 659 498 42
1257 435 1309 486 S.
1370 433 1643 487 Aureli
1698 434 2139 502 Augustini

576 630 790 692 mente
841 627 1260 702 commodius,
1301 631 1376 692 ut
1413 631 1873 692 commotorum
1916 628 2293 692 auctoritate
2332 628 2661 693 hominum
2698 631 2881 712 prius

576 735 716 798 uita
762 753 1096 816 moresque
1143 736 1564 817 purgarentur
1619 737 1684 798 et
1737 735 1828 798 ita
1882 733 2112 798 rationi
2170 734 2569 817 accipiendae
2626 735 2882 800 habiles
3108 735 3110 762 ³

575 841 816 908 fierent.
868 860 1015 905 cum
1062 841 1259 924 igitur
1306 843 1370 904 et
1414 840 1604 905 homo
1655 842 1827 906 esset
1869 839 2219 904 imitandus
2259 843 2323 904 et
2358 860 2483 906 non
2520 841 2583 906 in
2622 842 2885 908 homine

578 967 724 1032 spes
771 947 1080 1030 ponenda,
1139 947 1291 1030 quid
1335 947 1550 1030 potuit
1594 947 2033 1031 indulgentius
2082 949 2147 1011 et
2191 947 2518 1012 liberalius
2568 947 2887 1014 diuinitus

574 1055 732 1130 fieri,
799 1073 989 1137 quam
1052 1057 1128 1118 ut
1189 1054 1331 1136 ipsa
1396 1054 1496 1118 dei
1555 1055 1818 1129 sincera,
1876 1057 2147 1130 aeterna,
2204 1053 2887 1137 incommutabilisque
2952 1076 2975 1113 s

579 1160 908 1244 sapientia,
960 1160 1064 1225 cui
1113 1179 1228 1225 nos
1278 1160 1532 1224 haerere
1583 1163 1853 1243 oportet,
1902 1160 2224 1243 suscipere
2282 1160 2601 1226 hominem
2660 1162 2885 1245 digna·
3054 1175 3061 1183 ·

577 1270 800 1331 retur?
850 1267 958 1349 qui
1003 1287 1128 1332 non
1174 1265 1364 1331 modo
1413 1266 1526 1330 illa
1570 1266 1825 1343 faceret,
1866 1266 2098 1348 quibus
2137 1265 2213 1330 ad
2255 1265 2647 1348 sequendum
2688 1265 2887 1331 deum
3110 1277 3112 1288 ·

579 1373 1017 1450 imitaremur,
1067 1373 1180 1438 sed
1229 1371 1420 1436 etiam
1468 1372 1580 1435 illa
1624 1375 1966 1455 pateretur,
2016 1372 2247 1454 quibus
2296 1391 2333 1436 a
2380 1373 2700 1455 sequendo
2759 1372 2887 1438 deo

579 1481 1066 1544 deterrebamur.
1143 1499 1286 1543 nam
1365 1498 1512 1543 cum
1587 1479 1852 1563 adipisci
1921 1479 2349 1544 certissimum
2416 1498 2488 1543 ac
2555 1499 2889 1544 summum

577 1588 813 1652 bonum
853 1605 1036 1651 nemo
1075 1585 1299 1668 possit,
1341 1586 1464 1650 nisi
1499 1585 1564 1649 id
1602 1586 1787 1668 plene
1825 1586 2227 1668 perfecteque
2266 1584 2553 1650 dilexerit
2586 1623 2673 1632 —
2710 1584 2891 1667 quod
2934 1611 2979 1650 ιο

577 1693 754 1757 nullo
803 1695 988 1774 pacto
1037 1691 1167 1770 fiet,
1228 1691 1530 1774 quamdiu
1579 1691 1747 1756 mala
1794 1691 2072 1775 corporis
2122 1695 2313 1774 atque
2358 1692 2627 1757 fortuita
2670 1691 2891 1756 formi-

580 1799 810 1862 dantur
863 1835 952 1846 -—
1008 1798 1118 1862 ille
1186 1797 1502 1862 nascendo
1565 1797 1947 1862 mirabiliter
2012 1800 2077 1862 et
2144 1797 2458 1880 operando
2516 1797 2896 1862 conciliauit·
3112 1879 3114 1882 Α

584 1905 934 1975 caritatem,
1002 1904 1330 1969 moriendo
1389 1906 1605 1968 autem
1662 1907 1727 1968 et
1781 1904 2167 1988 resurgendo
2238 1905 2509 1970 exclusit
2570 1904 2893 1968 timorem.
3112 1917 3114 1924 ·

581 2013 706 2076 iam
756 2031 908 2077 uero
964 2012 1160 2076 talem
1217 2030 1284 2076 se
1340 2011 1405 2074 in
1463 2011 1691 2076 ceteris
1747 2011 1939 2075 rebus
1998 2011 2293 2076 omnibus
2350 2010 2661 2095 praebuit,
2726 2029 2893 2091 quas

577 2119 874 2203 persequi
918 2119 1182 2202 longum
1233 2119 1352 2193 est,
1399 2118 1473 2181 ut
1521 2119 1587 2181 et
1644 2117 1861 2181 diuina
1918 2117 2275 2195 clementia,
2348 2136 2471 2200 quo
2514 2117 2775 2201 porrigi,
2829 2120 2897 2181 et
2931 2145 2977 2185 ιε

579 2224 856 2288 humana
897 2223 1254 2300 infirmitas,
1304 2241 1428 2305 quo
1477 2222 1688 2306 possit
1732 2222 1938 2300 euehi‚
1988 2224 2393 2289 sentiremus·

491 2333 567 2388 16
670 2332 775 2396 34.
852 2331 1029 2394 Haec
1095 2332 1216 2404 est,
1285 2329 1489 2404 crede,
1557 2329 1973 2394 saluberrima
2048 2329 2393 2394 auctoritas
2480 2329 2636 2393 haec
2698 2329 2883 2412 prius

577 2437 810 2501 mentis
841 2437 1092 2501 nostrae
1126 2455 1162 2500 a
1191 2439 1440 2501 terrena
1467 2436 1927 2501 inhabitatione
1958 2436 2313 2520 suspensio,
2354 2437 2511 2501 haec
2548 2436 2613 2501 in
2649 2455 2881 2500 uerum

579 2544 768 2608 deum
827 2545 902 2608 ab
961 2544 1152 2608 huius
1207 2543 1430 2608 mundi
1485 2563 1697 2609 amore
1754 2545 2108 2610 conuersio.
2176 2544 2315 2608 sola
2360 2545 2462 2608 est
2508 2542 2881 2622 auotorita8‚

577 2669 738 2734 quae
789 2653 1154 2716 commouet
1201 2651 1457 2728 stultoS,
1505 2653 1580 2715 ut
1628 2650 1708 2713 ad
1756 2650 2133 2733 sapientiam
2180 2649 2503 2714 festinent.
2570 2649 2883 2732 quamdiu
2908 2679 2961 2718 20

575 2758 948 2843 intellegere
1015 2758 1264 2824 sincera
1325 2774 1450 2822 non
1504 2775 1871 2841 possumne,
1930 2757 2309 2822 auctoritate
2364 2755 2619 2838 quidem
2665 2755 2881 2840 decipi

573 2865 879 2930 miserum
938 2868 1075 2937 est;
1144 2865 1256 2930 sed
1317 2867 1486 2928 certe
1542 2864 1840 2929 miserius
1904 2883 2029 2929 non
2086 2863 2350 2930 moueri.
2426 2863 2481 2928 si
2546 2862 2713 2926 enim
2770 2862 2879 2928 dei

523 2957 538 2974 ⁴
573 2971 972 3053 prouidentia
1011 2991 1133 3036 non
1172 2970 1494 3054 praesidet
1526 2971 1719 3036 rebus
1758 2970 2074 3048 humanis
2113 2970 2275 3035 nihil
2314 2972 2413 3034 est
2452 2968 2529 3032 de
2566 2968 2881 3052 religione
3116 2963 3118 2972 '

573 3075 1011 3160 satagendum.
1079 3075 1176 3140 sin
1233 3094 1383 3140 uero
1445 3078 1510 3139 et
1565 3075 1811 3158 species
1867 3095 2077 3140 rerum
2134 3075 2439 3153 omnium,
2496 3092 2686 3156 quam
2730 3093 2879 3156 pro-

573 3183 740 3248 fecto
791 3201 860 3246 ex
911 3181 1122 3263 aliquo
1171 3180 1544 3244 uerissimae
1580 3179 2072 3262 pulchritudinis
2110 3179 2283 3244 fonte
2323 3197 2577 3244 manare
2617 3179 2879 3244 creden·
2916 3215 2965 3254 ‚5

575 3287 726 3352 dum
777 3289 894 3360 est,
946 3290 1011 3351 et
1056 3285 1316 3349 interior
1362 3285 1573 3350 nescio
1623 3304 1749 3367 qua
1794 3285 2181 3350 conscientia
2216 3284 2405 3350 deum
2444 3282 2881 3368 quaerendum

575 3393 818 3476 deoque
885 3389 1288 3458 seruiendum
1355 3391 1651 3457 meliores
1718 3411 2001 3475 quosque
2068 3391 2311 3457 animos
2378 3391 2561 3474 quasi
2615 3389 2879 3473 publice

571 3499 1000 3583 priuatimque
1049 3497 1449 3562 cohortatur:
1509 3518 1633 3563 non
1682 3501 1781 3563 est
1828 3497 2287 3581 desperandum
2337 3498 2414 3561 ab
2462 3497 2685 3562 eodem
2727 3497 2877 3580 ipso

647 3839 675 3891 1
736 3835 1065 3892 commodius
1124 3839 1170 3904 (e
1224 3853 1268 3892 ε.
1326 3837 1361 3892 1.
1421 3853 1458 3890 a
1511 3853 1579 3891 m.
1640 3837 1696 3906 3)
1723 3837 1780 3890 Ρ
1830 3838 2239 3906 commotorum]
2294 3853 2409 3890 com
2463 3791 2735 3891 mitorum
2788 3836 2873 3890 Ch

575 3927 617 3991 (l
652 3944 722 3982 m.
761 3929 803 3980 2
840 3925 994 3992 add.)
1106 3925 1140 3980 8
1177 3926 1543 3980 inniterentur
1577 3923 1633 3978 V
1735 3925 1768 3978 9
1806 3924 2056 3996 adipisci]
2095 3912 2333 3996 ad'ipsis
2366 3923 2447 3978 Ch
2556 3923 2625 3979 10
2662 3923 2739 3993 id]
2778 3925 2873 3978 uel

571 4017 630 4072 id
671 4016 720 4068 V
801 4017 974 4088 plume
1023 4017 1066 4070 S
1250 4017 1317 4070 12
1372 4015 1472 4070 illa
1513 4015 1546 4068 b
1696 4016 1763 4069 14
1798 4014 1926 4084 iam]
1966 4013 2060 4069 ille
2090 4004 2325 4092 SVt'an
2424 4013 2492 4066 17
2532 4012 2687 4068 crede
2732 4012 2873 4068 mihi

572 4107 727 4174 (mihi
752 4123 795 4163 ε.
827 4107 862 4162 1.
894 4107 1024 4162 add.
1045 4123 1114 4160 m.
1136 4109 1203 4173 2)
1233 4121 1287 4158 m
1392 4103 1457 4158 18
1495 4103 1704 4158 meritis
1734 4103 1767 4156 b
1840 4120 1873 4158 a
1909 4104 2145 4173 terrena]
2184 4099 2496 4168 aeternat-V
2602 4101 2667 4155 19
2704 4099 2869 4156 deum

569 4213 754 4250 uerum
769 4195 1110 4264 SfflMVmb
1246 4194 1318 4248 20
1337 4193 1602 4248 festinent
1629 4192 1660 4245 b
1684 4193 1765 4260 (in
1782 4208 1952 4260 τηατ-9.
1976 4191 2053 4246 al.
2073 4191 2384 4257 festinetur)
2412 4189 2734 4246 :festinetur
2761 4191 2877 4244 SM

577 4284 818 4339 VOhPm
853 4284 1179 4338 festinentur
1196 4301 1240 4353 p
1375 4283 1446 4336 23
1481 4282 1702 4354 regione
1742 4281 1793 4334 V
1886 4281 1957 4334 24
1993 4281 2041 4334 si
2082 4278 2131 4332 V
2200 4281 2279 4350 et]
2316 4283 2403 4334 est
2434 4279 2517 4333 Ch
2626 4279 2867 4334 omnium

566 4391 741 4428 rerum
783 4373 833 4426 V
937 4374 1005 4426 25
1043 4373 1322 4426 uerissime
1351 4373 1448 4426 Sm
1553 4371 1623 4426 26
1662 4387 1778 4441 quae
1808 4369 1885 4423 P³
1994 4369 2061 4424 28
2098 4369 2349 4423 hortatur
2378 4367 2723 4436 &Ppmtr'bm
