3159 4984
978 490 1065 543 VI.
1126 490 1413 545 Contra
1468 490 1838 544 Faustum
1895 489 2024 543 lib.
2081 490 2224 545 XVI.
2585 494 2705 555 461

416 686 574 749 deus
622 690 902 750 sanctus.
953 684 1135 749 cuius
1184 685 1460 751 nominis
1510 690 1646 750 erat
1688 686 1821 761 ille,
1873 686 1980 767 qui
2026 686 2209 750 uenit
2255 687 2332 749 ab
2381 686 2592 749 Africo
2642 686 2720 749 de

418 792 694 871 Pharan,
756 792 823 856 id
893 798 995 857 est
1055 792 1261 857 Iesus.
1336 794 1463 857 huc
1524 793 1798 869 accedit,
1869 792 2040 875 quod
2101 792 2273 856 idem
2341 793 2550 875 ipsum
2620 790 2722 854 dei

417 899 686 963 uerbum
730 899 1129 983 intellegitur
1172 899 1369 980 loqui,
1420 899 1531 962 ubi
1576 899 1899 982 promittit
1954 899 2224 964 eundem
2283 899 2494 980 ipsum
2541 898 2720 979 Moy-

420 1024 562 1070 seos
590 1023 1077 1073 successorem,
1134 1023 1247 1088 per
1302 1024 1489 1086 quem
1545 1005 1825 1089 populus
1880 1003 1948 1069 in
2003 1007 2234 1069 terram
2279 1004 2724 1089 promissionis

354 1134 379 1171 5
418 1113 797 1189 mitteretur,
856 1112 1109 1176 nomine
1166 1112 1377 1195 angeli
1435 1131 1581 1175 eum
1638 1112 1963 1195 appellans
2011 1150 2098 1159 —
2147 1112 2318 1177 sicut
2374 1112 2566 1176 etiam
2613 1111 2722 1174 ho-

420 1219 624 1283 mines
662 1216 902 1300 aliquid
940 1218 1305 1282 nuntiantes
1342 1218 1407 1281 in
1449 1218 1762 1301 scriptura
1801 1218 2017 1282 diuina
2055 1221 2264 1284 solent
2302 1218 2606 1302 appellari
2635 1254 2722 1263 —-

424 1330 487 1391 et
521 1327 613 1389 ita
650 1325 843 1389 dicit:
893 1344 1065 1389 ecce
1116 1344 1249 1409 ego
1298 1326 1520 1390 mitto
1571 1326 1922 1409 angelum
1959 1346 2200 1389 meum
2242 1328 2412 1389 ante
2453 1326 2722 1389 faciem

420 1436 655 1499 tuam.
722 1435 806 1495 ut
870 1435 1157 1504 seruet„
1194 1434 1267 1495 te
1334 1432 1407 1495 in
1463 1432 1620 1510 uia,
1678 1435 1762 1496 ut
1815 1432 2133 1496 inducat
2187 1436 2262 1497 te
2319 1433 2390 1495 in
2449 1436 2724 1495 terram

424 1558 635 1623 quam
686 1540 935 1602 iuraui
983 1539 1149 1603 tibi.
1201 1539 1524 1603 adtende
1571 1539 1718 1603 tibi
1767 1543 1840 1603 et
1887 1539 2162 1604 obaudi
2213 1558 2398 1606 eum.
2449 1556 2534 1601 ne
2583 1556 2722 1599 non

335 1667 385 1703 ¹⁰
424 1647 686 1711 credas
752 1646 905 1722 1111;
975 1644 1169 1709 nihil
1240 1646 1431 1709 enim
1500 1646 1908 1709 subtrahet
1971 1646 2137 1713 tibi.
2197 1664 2460 1710 nomen
2528 1643 2724 1708 enim

422 1774 665 1818 meum
715 1756 833 1818 est
876 1753 948 1816 in
999 1771 1102 1817 eo.
1154 1752 1307 1833 quid
1356 1754 1455 1816 est
1499 1752 1674 1819 hoc?
1718 1756 2154 1835 perscrutetur
2193 1752 2539 1834 scripturas
2577 1749 2724 1813 illas

423 1881 547 1927 non
592 1860 719 1924 iam
758 1859 1195 1937 Manichaeus‚
1240 1860 1353 1925 sed
1396 1859 1533 1942 ipse
1582 1860 1774 1923 etiam
1812 1859 2088 1923 Iudaeus
2129 1862 2193 1923 et
2229 1858 2466 1925 uideat.
2507 1867 2723 1920 utrum

426 1969 501 2033 de
548 1968 761 2049 aliquo
812 1967 1038 2051 angelo
1090 1964 1249 2031 deus
1308 1966 1567 2033 dixerit:
1636 1985 1901 2031 nomen
1957 1986 2196 2029 meum
2263 1967 2380 2029 est
2437 1965 2510 2028 in
2565 1963 2728 2041 1110,

426 2075 549 2139 11131
596 2076 673 2139 (10
718 2075 860 2151 hoc,
910 2093 1099 2155 quem
1145 2072 1648 2138 introductorem
1693 2074 1756 2137 111
1804 2073 2245 2156 promissionis
2305 2074 2536 2136 terram
2595 2070 2731 2153 pol-

337 2198 389 2236 15
424 2182 671 2245 licetur.
741 2178 965 2245 deinde
1022 2182 1285 2261 quaerat
1338 2179 1403 2243 in
1460 2180 1850 2246 hominibus.
1920 2180 2062 2261 quis
2119 2180 2328 2262 Moysi
2395 2195 2732 2242 successor

426 2287 845 2352 introduxerit
888 2289 1220 2369 populum,
1270 2290 1335 2351 et
1389 2287 1676 2351 inueniet
1731 2288 1965 2365 Iesum,
2027 2306 2152 2352 non
2217 2288 2341 2352 hoc
2407 2287 2484 2350 ab
2547 2284 2732 2349 initio

430 2394 601 2457 uitae
650 2412 821 2471 suae,
881 2394 993 2457 sed
1050 2396 1301 2459 nomine
1360 2398 1608 2460 mutato
1666 2396 2074 2478 appellatum.
2147 2396 2256 2477 qui
2324 2414 2472 2479 ergo
2542 2393 2729 2456 dixit:

431 2520 693 2567 nomen
742 2520 983 2565 meum
1039 2506 1157 2566 est
1202 2503 1272 2566 in
1321 2503 1459 2567 illo
1498 2503 1668 2569 Iesu,
1719 2504 1855 2585 ipse
1907 2505 2005 2566 est
2050 2521 2242 2567 uerus
2280 2502 2487 2571 Iesus,
2529 2508 2736 2569 rector

433 2612 498 2673 et
561 2609 786 2673 ductor
849 2609 1069 2691 populi
1132 2609 1196 2672 in
1282 2608 1698 2673 hereditatem
1771 2609 1944 2672 uitae
2021 2610 2308 2673 aeternae
2383 2608 2732 2673 secundum

346 2732 399 2771 20
433 2718 887 2779 testamentum
936 2734 1196 2781 nouum.
1248 2716 1430 2779 cuius
1478 2716 1682 2798 figura
1721 2718 1854 2779 erat
1888 2718 2344 2779 testamentum
2384 2720 2594 2780 uetus.
2643 2716 2736 2778 ita

434 2825 743 2903 quantum
805 2821 1051 2886 adtinet
1116 2822 1193 2885 ad
1257 2822 1701 2904 propheticum
1773 2822 2143 2904 adparatum
2211 2841 2327 2885 nec
2411 2822 2547 2905 geri
2619 2840 2735 2885 nec

435 2928 559 2993 dici
608 2928 850 3010 aliquid
892 2928 1102 3011 possit
1152 2928 1487 3011 insignius
1548 2927 2054 3009 quandoquidem
2114 2948 2214 2992 res
2271 2928 2579 3011 perducta
2635 2931 2735 2991 est

434 3054 635 3116 usque
683 3035 763 3098 ad
808 3034 1083 3098 nominis
1134 3034 1620 3116 expressionem.

526 3144 630 3206 20.
700 3142 1023 3225 Superest,
1094 3145 1168 3206 ut
1228 3142 1506 3206 Iudaeus
1572 3142 1703 3219 ille,
1772 3141 1828 3206 si
1892 3141 2039 3205 uult
2103 3143 2168 3205 et
2231 3141 2295 3205 111
2362 3140 2734 3205 abscondito

350 3262 400 3302 ²⁵
436 3248 711 3313 Iudaeus
761 3268 900 3313 esse
948 3268 1072 3313 non
1118 3249 1353 3325 littera,
1405 3248 1517 3313 sed
1566 3248 1815 3331 spiritu,
1878 3248 1934 3313 si
1992 3249 2140 3312 uult
2200 3250 2478 3330 reputari
2544 3266 2737 3312 uerus

435 3355 787 3424 Israhelita,
837 3356 901 3418 111
950 3374 1074 3437 quo
1126 3356 1310 3420 dolus
1356 3374 1480 3420 non
1542 3358 1660 3433 est,
1718 3355 2085 3420 recordetur
2150 3356 2216 3419 in
2283 3355 2488 3439 figura
2549 3355 2737 3418 illum

434 3464 757 3527 mortuum
794 3462 1029 3539 Iesum,
1072 3462 1179 3544 qui
1215 3462 1565 3527 introduxit
1599 3463 1663 3528 in
1701 3464 1932 3526 terram
1973 3462 2402 3539 morientium,
2445 3466 2508 3527 et
2549 3482 2739 3546 agno-

438 3571 576 3633 scat
636 3568 699 3632 in
766 3570 1037 3633 ueritate
1103 3570 1328 3633 uiuum
1394 3569 1632 3649 Iesum,
1703 3588 1826 3651 quo
1896 3570 2054 3635 duce
2119 3570 2316 3634 intret
2376 3570 2442 3634 111
2507 3574 2738 3634 terram

620 3814 649 3865 7
688 3814 783 3866 Ex.
824 3814 909 3872 23,
948 3814 1017 3867 2Ο
1055 3830 1135 3882 sq.
1246 3814 1314 3867 25
1352 3814 1420 3867 cf.
1456 3814 1612 3866 Rom.
1652 3814 1702 3875 2,
1742 3815 1810 3866 29
1921 3814 1990 3866 26
2030 3812 2095 3867 cf.
2133 3813 2251 3867 Ioh.
2297 3815 2340 3869 1.
2381 3814 2447 3865 47

512 3964 544 4015 2
584 3964 781 4017 accidit
816 3963 984 4015 L¹M¹
1129 3964 1159 4015 3
1198 3964 1539 4033 intellegitur
1574 3966 1649 4018 L1
1795 3965 1969 4033 moysi
2009 3964 2040 4017 b
2151 3966 2182 4015 5
2222 3963 2404 4032 angeli
2437 3966 2490 4027 (n
2519 3978 2562 4015 s.
2596 3964 2652 4024 l.)
2691 3962 2739 4014 L

440 4054 473 4103 6
529 4052 789 4121 appellari
840 4054 889 4114 (e
934 4052 997 4104 in
1039 4052 1060 4105 i
1107 4054 1267 4119 corr.)
1310 4051 1357 4105 S
1533 4052 1564 4103 7
1623 4068 1724 4121 ego
1782 4068 1884 4106 om.
1934 4050 1982 4105 S
2120 4050 2316 4119 angelis
2378 4054 2431 4117 (v
2479 4066 2543 4103 ez:
2589 4065 2640 4116 ο)
2698 4050 2742 4102 S

440 4142 473 4194 9
510 4142 715 4205 iurauit
752 4140 850 4195 SG
885 4141 1063 4195 iuraui
1100 4143 1149 4209 (τ
1187 4142 1279 4209 er.)
1320 4140 1449 4194 LM
1627 4143 1687 4194 11
1731 4144 2097 4211 prescrutetur
2135 4138 2234 4195 SG
2271 4142 2650 4209 praescrutetur
2687 4140 2738 4192 L

440 4225 743 4300 pscrutetui·
780 4232 833 4300 (p
861 4232 925 4284 in
949 4232 1085 4297 rae.)
1118 4230 1191 4282 M
1332 4231 1398 4283 12
1430 4230 1739 4284 manicheus
1768 4229 1864 4285 SL
1983 4229 2173 4284 iudeus
2205 4230 2248 4281 G
2359 4230 2423 4282 19
2453 4228 2639 4282 doctor
2669 4226 2742 4279 L*

441 4322 512 4375 20
549 4320 717 4390 figure
756 4320 819 4374 S¹
956 4320 1021 4373 21
1062 4323 1273 4374 attenet
1309 4320 1384 4373 L¹
1522 4321 1590 4373 22
1627 4323 1811 4389 posset
1849 4318 1998 4371 LM2
2134 4319 2201 4373 23
2241 4318 2646 4388 expraessionem
2689 4316 2739 4367 L

441 4412 511 4461 224
548 4408 737 4462 iudeus
785 4410 832 4463 O
935 4410 1003 4463 27
1042 4410 1390 4469 introduxs'lir
1431 4409 1478 4463 S
