3159 4984
472 451 601 516 304
1163 450 1214 503 S.
1274 450 1546 503 Aureli
1603 450 2040 519 Augustini

469 646 625 721 eius,
692 646 924 727 quibus
988 645 1110 709 hoc
1176 644 1533 727 exemplum
1589 643 1656 708 in
1712 664 1780 708 se
1835 644 1974 728 ipso
2031 645 2343 727 praebuit,
2401 648 2475 708 ut
2525 644 2758 709 terreni

466 753 715 835 generis
744 751 1283 817 necessitudinem
1312 754 1569 835 propter
1596 770 1862 835 regnum
1903 752 2220 817 caelorum
2261 756 2754 824 contemnerent,

470 859 805 924 adfirment
850 879 974 925 non
1022 858 1325 923 habuisse
1372 862 1610 942 patres..
1660 858 1809 941 quia
1855 859 2014 924 dixit
2059 859 2185 924 eis:
2242 877 2328 922 ne
2385 858 2603 923 uobis
2660 857 2758 923 di-

464 966 658 1031 catis
723 970 1014 1049 patrem
1080 966 1151 1030 in
1219 970 1446 1037 terra:
1523 986 1716 1031 unus
1786 970 1905 1032 est
1967 967 2157 1031 enim
2224 971 2438 1050 pater
2502 968 2759 1032 uester

462 1074 668 1139 deus.
719 1073 887 1155 quod
935 1092 1083 1157 ergo
1131 1073 1293 1139 istos
1343 1074 1419 1137 de
1465 1074 1755 1157 patribus
1805 1074 2042 1151 docuit,
2079 1074 2202 1139 hoc
2246 1074 2383 1156 ipse
2434 1074 2510 1138 de
2555 1075 2756 1137 matre
2821 1085 2854 1125 ⁵

464 1184 530 1245 et
573 1179 877 1245 fratribus
913 1180 1084 1263 prior
1118 1180 1292 1258 fecit,
1333 1180 1504 1246 sicut
1541 1186 1608 1245 et
1643 1181 1768 1245 alia
1803 1182 2029 1259 multa,
2069 1180 2134 1245 in
2174 1181 2406 1264 quibus
2445 1200 2513 1245 se
2551 1180 2754 1256 nobie,

460 1291 535 1352 ut
589 1308 737 1352 eum
792 1287 1208 1365 imitaremur,
1266 1289 1565 1371 praebere
1625 1292 1707 1365 et,
1764 1290 1841 1352 ut
1895 1308 2323 1371 sequeremur,
2379 1287 2618 1371 praeire
2666 1286 2757 1349 di-

462 1397 697 1479 gnatus
746 1397 865 1459 est.
914 1398 1298 1477 quapropter
1344 1395 1491 1471 iste,
1549 1396 1660 1477 qui
1715 1396 1778 1459 in
1838 1416 1931 1467 eo,
1991 1395 2162 1477 quod
2215 1396 2403 1479 putat
2454 1394 2754 1476 palmare,

458 1500 551 1566 sic
614 1501 916 1578 uincitur,
974 1519 1163 1583 quam
1218 1501 1427 1566 iaceat
1492 1504 1557 1565 et
1619 1502 1993 1566 inuoluatur
2054 1502 2118 1565 in
2186 1500 2412 1567 ceteris
2479 1499 2754 1564 animad-

455 1606 834 1670 uertendum
902 1607 1019 1673 est.
1087 1606 1322 1689 quippe
1388 1606 1499 1687 qui
1562 1610 1899 1689 propterea
1966 1607 2122 1672 dicit
2183 1626 2306 1672 non
2373 1605 2756 1671 credendum
2796 1619 2856 1656 ¹⁰

456 1712 785 1795 apostoliS‚
836 1713 945 1795 qui
994 1712 1133 1777 eius
1180 1733 1303 1778 non
1362 1713 1573 1778 solum
1630 1712 1938 1791 diuinam,
1997 1713 2110 1779 sed
2165 1714 2356 1778 etiam
2413 1714 2752 1777 humanam

454 1818 853 1883 natiuitatem
921 1820 1479 1897 adnuntiauerunt,
1548 1820 1699 1902 quia
1760 1824 1988 1903 postea
2051 1821 2268 1885 iuueni
2333 1820 2754 1884 adhaeserunt

453 1928 518 1989 et
564 1944 678 1989 nec
724 1926 1025 1990 uiderunt
1070 1945 1217 1991 eum
1264 1929 1485 1990 natum
1532 1945 1650 1991 nec
1708 1946 1776 1991 se
1822 1927 1944 1991 hoc
1995 1928 2072 1992 ab
2121 1927 2233 1991 illo
2285 1926 2538 1991 audisse
2589 1924 2754 1989 dixe-

451 2034 616 2097 runt.
686 2050 798 2095 cur
844 2052 991 2117 ergo
1039 2033 1306 2098 credunt
1368 2034 1636 2098 Iohanni
1701 2034 1975 2099 dicenti:
2032 2034 2106 2099 in
2153 2033 2531 2118 principio
2580 2036 2751 2097 erat.

452 2138 761 2202 uerbum
810 2142 883 2203 et
929 2140 1241 2203 uerbum
1293 2145 1454 2204 erat
1500 2140 1696 2224 apud
1745 2142 1962 2205 deum
2024 2145 2095 2205 et
2157 2142 2341 2206 deus
2391 2143 2551 2205 erat
2594 2158 2751 2203 uer·
2791 2147 2846 2185 ¹⁵

449 2245 651 2317 bum;
719 2246 859 2309 hoc
926 2249 1089 2310 erat
1156 2248 1228 2310 in
1296 2247 1680 2330 principio
1747 2248 1942 2329 apud
2007 2248 2252 2323 deum;
2321 2248 2567 2312 omnia
2619 2264 2748 2329 per

446 2352 696 2435 ipsum
734 2352 941 2417 facta
978 2356 1155 2417 sunt
1193 2357 1267 2418 et
1304 2354 1464 2419 sine
1501 2355 1669 2437 ipso
1707 2354 1992 2419 factum
2031 2358 2148 2419 est
2185 2354 2377 2420 nihil
2405 2355 2480 2419 et
2516 2356 2746 2418 cetera,

451 2477 611 2540 quae
658 2458 789 2523 illis
838 2459 1131 2541 quamuis
1180 2479 1303 2524 non
1349 2460 1872 2545 intellegentibus
1909 2466 2123 2527 tamen
2159 2462 2465 2544 placent?
2512 2461 2740 2527 dicant.

450 2565 559 2629 ubi
624 2566 746 2631 hoc
800 2566 1113 2632 Iohannes
1179 2566 1414 2632 uiderit
1478 2572 1592 2632 aut
1653 2568 1764 2632 ubi
1829 2588 1896 2633 se
1961 2570 2083 2633 hoc
2148 2570 2224 2633 ab
2287 2570 2428 2652 ipso
2488 2568 2739 2633 domino

448 2672 703 2738 audisse
772 2673 1013 2737 dixerit.
1085 2674 1388 2755 quicquid
1452 2675 1621 2739 enim
1688 2676 1972 2752 dixerint,
2028 2675 2198 2740 unde
2252 2676 2374 2741 hoc
2429 2675 2742 2741 Iohannes
2787 2680 2853 2719 2⁰

448 2778 607 2843 scire
655 2779 959 2863 potuerit,
1007 2779 1157 2844 inde
1205 2780 1525 2845 credimus
1574 2783 1764 2846 etiam
1819 2802 2037 2848 omnes
2076 2784 2554 2849 adnuntiatores
2593 2784 2752 2847 nati—

443 2886 668 2949 uitatis
720 2885 962 2950 Christi
1008 2885 1093 2961 id,
1143 2886 1313 2968 quod
1363 2887 1923 2963 adnuntiauerunt,
1965 2889 2127 2953 scire
2164 2889 2475 2972 potuisse.
2527 2888 2752 2953 deinde

444 3009 697 3071 quaero,
754 2991 923 3054 unde
983 2990 1246 3055 credant
1302 2992 1535 3057 dixisse
1595 2992 1962 3058 dominum:
2031 3014 2216 3076 quae
2271 2995 2456 3059 mihi
2511 2997 2749 3059 mater

446 3100 576 3160 aut
630 3095 757 3179 qui
814 3096 1138 3163 fratres?
1207 3099 1261 3163 si
1320 3100 1469 3181 quia
1526 3102 1648 3166 hoc
1707 3103 2106 3185 euangelista
2161 3103 2462 3177 narrauit,
2522 3122 2633 3168 cur
2691 3103 2748 3167 ei

441 3222 563 3267 non
612 3204 879 3268 credunt
926 3207 990 3269 et
1033 3206 1237 3270 illud:
1307 3208 1455 3289 quia
1509 3210 1713 3271 mater
1770 3208 1908 3272 eius
1970 3211 2033 3272 et
2088 3208 2313 3274 frames
2360 3209 2748 3291 quaerebant
2784 3214 2842 3253 ²⁵

442 3314 639 3375 eum?
706 3312 761 3375 si
810 3314 1025 3375 autem
1075 3313 1197 3377 hoc
1244 3314 1553 3379 mentitus
1605 3318 1723 3391 est,
1774 3315 1938 3398 quod
1987 3316 2216 3381 nolunt
2261 3315 2532 3395 credere,
2591 3336 2744 3399 quo-

438 3416 626 3482 modo
680 3416 738 3481 ei
786 3418 1057 3483 credunt
1106 3418 1432 3485 Christum
1493 3420 1749 3498 dixisse,
1810 3422 1980 3504 quod
2035 3424 2264 3488 nolunt
2315 3423 2744 3508 intellegere?

440 3523 661 3588 deinde
712 3524 767 3588 si
818 3524 1142 3591 Christum
1203 3532 1443 3593 natum.
1504 3528 1652 3610 quia
1709 3530 1832 3593 iam
1888 3530 2108 3594 iuueni
2168 3531 2557 3597 adhaeserat.
2616 3550 2736 3595 non

618 3759 651 3813 3
690 3759 902 3815 Matth.
944 3760 1029 3824 23,
1071 3762 1103 3813 9
1215 3762 1283 3814 14
1320 3761 1437 3817 Ioh.
1481 3761 1527 3826 1·,
1569 3765 1599 3816 1
1639 3778 1755 3833 sqq.
1868 3764 1938 3817 25
1977 3765 2042 3817 cf.
2079 3766 2278 3820 matth.
2320 3766 2402 3826 12,
2439 3768 2510 3821 46
2549 3784 2668 3837 sqq.

510 3910 533 3962 1
576 3910 675 3963 hos
720 3909 785 3963 0ι
916 3910 949 3962 2
986 3913 1430 3980 contempnerent
1465 3910 1670 3966 LOSG
1801 3913 1832 3966 3
1870 3916 1960 3984 ne]
1997 3931 2095 3968 nec
2133 3916 2234 3969 SG
2367 3918 2401 3969 4
2441 3922 2524 3970 est
2561 3934 2662 3972 om..
2704 3918 2735 3971 b

434 3998 465 4051 6
505 3999 578 4068 et]
620 4016 681 4052 ex
726 3998 789 4053 0¹
902 3999 932 4052 7
971 3997 1193 4069 prebere
1232 3999 1279 4053 S
1422 4002 1755 4071 et—praeire
1794 4018 1895 4056 om.
1941 4003 2006 4055 01
2048 4007 2141 4069 (m.
2170 4021 2270 4060 rec.
2305 4006 2366 4057 in
2392 4022 2491 4075 my.
2526 4005 2732 4069 adse-r.)

432 4088 464 4141 8
502 4090 684 4157 putat]
720 4091 920 4158 putant
947 4088 995 4142 S
1134 4088 1373 4157 palmare
1406 4092 1571 4156 (mare
1601 4092 1664 4143 in
1691 4092 1826 4156 raa)
1867 4090 1913 4145 0
2021 4093 2084 4146 10
2121 4098 2409 4162 propterea
2438 4098 2491 4161 (a
2517 4111 2558 4149 s,
2593 4096 2648 4155 l.)
2683 4095 2734 4147 L

431 4176 565 4229 die-³.
616 4178 705 4241 (ev
746 4176 877 4229 add.
916 4193 987 4232 m,
1026 4176 1080 4243 2)
1128 4176 1175 4230 0
1280 4180 1348 4231 12
1387 4178 1716 4233 adheserunt
1757 4179 1848 4233 OS
1953 4181 2020 4234 13
2059 4181 2160 4234 hoc
2199 4198 2299 4238 om.
2337 4183 2384 4236 0
2491 4184 2556 4236 18
2595 4200 2731 4252 quae

430 4264 540 4317 illis
578 4281 618 4318 s.
662 4266 696 4318 l.
742 4264 795 4318 G
975 4266 1043 4318 23
1088 4268 1263 4319 mater
1311 4270 1377 4334 (ε.
1429 4266 1463 4321 Ζ.
1506 4285 1542 4320 a
1577 4284 1647 4325 m.
1695 4272 1827 4336 rec.)
1873 4267 1920 4322 0
2095 4270 2165 4323 24
2213 4272 2280 4339 si]
2327 4271 2432 4325 nisi
2471 4272 2732 4326 LSGMb

431 4352 493 4405 25
538 4352 837 4422 querebant
880 4354 927 4404 0
1030 4354 1098 4407 28
1136 4354 1425 4409 adheserat
1467 4356 1612 4411 OSG
