3159 4984
322 1631 379 1669 10

322 2169 375 2207 15

318 2702 375 2739 20

924 459 1015 511 VI.
1082 458 1373 513 Contra
1429 462 1798 515 Faustum
1860 462 1991 516 lib.
2050 462 2246 516 XVIII.
2585 467 2707 529 491

506 658 556 719 2.
642 654 766 719 Sed
833 660 1002 719 esto,
1068 655 1325 719 licuerit
1387 656 1449 719 in
1517 656 1932 739 praeteritum
1999 676 2258 721 errasse.
2335 657 2490 741 quid
2547 677 2714 722 nunc

412 762 719 827 tandem?
786 762 1077 844 placetne
1134 762 1223 825 ire
1282 761 1400 826 sub
1456 762 1690 846 legem,
1751 763 1806 827 si
1863 782 2000 827 eam
2051 764 2344 829 Christus
2401 784 2524 829 non
2579 768 2716 829 tam

414 870 613 935 soluit
662 868 773 933 sed
846 868 1249 951 adinpleuit?
1308 869 1521 952 placet
1568 870 1958 937 circumcidi.
2006 870 2071 935 id
2121 875 2221 935 est
2265 872 2578 953 pudendis
2625 872 2715 935 in-

414 977 649 1060 signire
686 976 983 1060 pudenda
1021 979 1085 1040 et
1123 976 1311 1041 deum
1352 977 1604 1041 credere
1643 978 2054 1043 sacramentis
2092 978 2331 1043 talibus
2371 980 2714 1044 delectari?

413 1084 627 1166 placet
672 1083 995 1166 suscipere
1036 1083 1444 1148 sabbatorum
1486 1084 1688 1147 otium
1728 1088 1796 1149 et
1831 1084 2220 1149 saturniacis
2257 1104 2484 1151 manus
2520 1086 2714 1151 inser·

412 1194 545 1254 tare
595 1190 889 1255 catenis?
938 1192 1151 1272 placet
1194 1191 1257 1254 in
1306 1191 1664 1274 ingluuiem
1703 1192 2084 1256 Iudaeorum
2123 1192 2448 1259 daemonis
2485 1230 2572 1241 —
2610 1213 2714 1258 ne-

414 1316 539 1379 que
580 1299 747 1361 enim
786 1298 888 1363 dei
928 1336 1012 1345 —
1052 1316 1218 1361 110110
1262 1300 1501 1363 tauros
1553 1317 1720 1363 nunc
1759 1300 2009 1376 arietes,
2049 1319 2214 1363 nunc
2254 1301 2444 1363 etiam
2481 1299 2714 1365 1111003.

415 1407 491 1467 ut
536 1423 657 1468 non
719 1410 784 1469 et
838 1405 1125 1469 homines
1184 1404 1410 1474 dicam,
1469 1404 1692 1469 cultris
1749 1410 2046 1483 sternere,
2107 1426 2179 1469 ac
2235 1409 2491 1489 propter
2545 1408 2717 1489 quod

413 1512 585 1576 idola
639 1512 843 1575 simus
902 1512 1095 1576 exosi.
1154 1512 1217 1575 id
1272 1530 1439 1575 nunc
1497 1530 1780 1576 exercere
1838 1513 2158 1577 crudelius
2215 1514 2333 1578 sub
2390 1513 2715 1595 prophetis

414 1637 486 1683 ac
533 1620 727 1702 lege?
775 1620 986 1701 placet
1032 1618 1304 1699 denique
1350 1617 1642 1681 feralium
1683 1619 1968 1684 ciborum
2007 1619 2318 1701 quaedam
2359 1620 2714 1683 existimare

416 1726 673 1791 munda.
715 1725 1026 1806 quaedam
1072 1726 1137 1789 in
1183 1725 1505 1789 inmundis
1556 1729 1622 1789 et
1669 1726 2111 1789 contaminatis
2159 1726 2408 1791 habere.
2459 1745 2530 1789 ex
2579 1726 2715 1806 qui-

416 1832 535 1897 bus
566 1833 1057 1914 inquinatiorem
1085 1832 1409 1915 porcinam
1437 1834 1535 1897 lex
1576 1832 1878 1897 adserunt
1917 1836 1981 1897 et
2015 1834 2360 1916 prophetae
2383 1838 2412 1895 ‘s'
2452 1832 2714 1916 negabis

416 1942 697 2023 profecto
745 1939 970 2005 horum
1020 1939 1363 2020 quicquam
1400 1939 1760 2003 faciendum
1799 1940 1982 2004 nobis
2022 1940 2387 2005 uolentibus
2425 1958 2713 2021 perseue-

417 2066 550 2110 rare
609 2066 769 2111 esse.
829 2046 999 2127 quod
1058 2066 1303 2112 3011103.
1362 2048 1665 2127 quoniam
1721 2048 1978 2128 quidem
2029 2046 2352 2111 Christum
2402 2047 2714 2111 dicentem

418 2153 638 2217 audias
688 2153 1025 2234 dupliciter
1068 2153 1271 2216 filium
1322 2153 1648 2237 gehennae
1695 2154 1828 2217 fieri
1869 2172 2034 2231 eum,
2075 2152 2187 2235 qui
2223 2152 2416 2216 fuerit
2453 2153 2716 2217 circum·

417 2260 607 2323 013113.
659 2261 994 2324 sabbatum
1044 2280 1195 2324 uero
1244 2279 1359 2324 nec
1406 2260 1618 2343 ipsum
1670 2278 1960 2324 seruasse
2007 2260 2231 2324 uideas
2279 2278 2393 2324 nec
2441 2278 2714 2341 usquam

418 2368 747 2431 mandasse
780 2368 1178 2431 seruandum.
1222 2366 1295 2431 de
1337 2368 1496 2431 cibis
1534 2368 1688 2430 item
1726 2367 1936 2449 ipsum
1977 2368 2456 2431 adseuerantem
2496 2367 2716 2431 audias

419 2473 595 2537 nullo
646 2493 863 2537 eorum
909 2474 1225 2554 inquinari
1272 2474 1614 2539 hominem.
1657 2494 1820 2555 quae
1867 2475 1928 2537 in
1979 2493 2050 2539 os
2097 2474 2554 2557 ingrediuntur,
2603 2474 2716 2539 sed

417 2600 489 2646 ea
535 2581 773 2663 potius.
823 2600 985 2662 quae
1036 2580 1110 2644 de
1162 2600 1265 2645 ore
1313 2581 1685 2663 procedunt.
1724 2582 2028 2663 polluere.
2080 2580 2158 2645 de
2198 2580 2523 2647 sacrificiis
2562 2581 2716 2644 item

416 2688 811 2769 frequentem
870 2689 1075 2770 ipsius
1132 2706 1271 2750 esse
1330 2707 1684 2752 sermonem
1743 2688 1932 2751 deum
1979 2688 2476 2753 misericordiam
2523 2688 2714 2756 uelle.

417 2810 539 2855 non
588 2791 987 2855 sacrificium.
1058 2794 1213 2857 haec
1276 2794 1475 2877 igitur
1539 2794 1596 2857 si
1659 2795 1750 2857 ita
1805 2796 1973 2859 sunt.
2030 2795 2142 2858 ubi
2197 2794 2357 2859 illud
2416 2794 2536 2857 erit
2590 2813 2710 2858 non

417 2916 559 2961 eum
610 2899 865 2962 uenisse
916 2902 1162 2964 soluere
1209 2901 1415 2983 legem
1467 2904 1531 2965 et
1566 2901 1930 2983 prophetae,
1972 2901 2082 2966 sed
2123 2901 2491 2983 adinplere?
2541 2900 2712 2982 quod

416 3003 472 3067 si
520 3004 694 3072 dixit.
746 3010 858 3069 aut
903 3006 1075 3070 aliud
1123 3008 1490 3090 significans
1540 3008 1696 3071 dixit
1743 3012 1871 3074 aut.
1934 3009 2104 3091 quod
2153 3008 2341 3074 absit.
2398 3008 2712 3071 mentiens

416 3110 573 3175 dixit
619 3116 731 3176 aut
779 3113 1031 3178 omnino
1080 3134 1194 3177 nec
1245 3114 1415 3177 dixit.
1467 3114 1578 3177 sed
1619 3114 1832 3178 Iesum
1882 3114 2142 3196 quidem
2189 3114 2526 3178 mentitum
2576 3132 2714 3178 esse

414 3219 631 3283 nullus
665 3220 837 3283 dicat
866 3220 1193 3284 dumtaxat
1231 3220 1642 3294 christianum
1683 3239 1756 3284 ac
1793 3240 1907 3303 per
1941 3221 2062 3286 hoc
2101 3225 2213 3285 aut
2248 3221 2431 3285 aliter
2469 3221 2710 3285 dictum

418 3328 517 3387 est
564 3331 676 3388 aut
721 3326 974 3390 omnino
1024 3344 1140 3390 nec
1187 3326 1446 3390 dictum.

505 3433 565 3496 3.
632 3431 713 3495 Et
768 3436 976 3497 tamen
1035 3452 1137 3496 me
1194 3433 1451 3513 quidem
1507 3434 1634 3497 iam
1692 3434 1999 3499 aduersus
2058 3434 2320 3516 capituli
2365 3434 2558 3497 huius
2606 3452 2710 3497 ne-

596 3625 660 3676 15
689 3624 885 3677 Matth.
917 3625 1002 3679 23.
1036 3628 1101 3677 15
1215 3626 1278 3677 19
1311 3624 1375 3679 cs.
1405 3625 1603 3678 Matth.
1638 3626 1719 3681 15.
1753 3625 1814 3678 11
1929 3625 1992 3676 21
2028 3624 2092 3678 cf.
2122 3625 2316 3678 Matth.
2347 3628 2398 3686 9,
2432 3625 2529 3687 1:-3;
2565 3625 2645 3681 12.
2679 3625 2708 3675 7

486 3750 517 3801 5
565 3748 857 3817 suscipere}
902 3750 1171 3817 suspicere
1220 3748 1583 3801 L¹P¹S¹M¹G
1731 3748 1764 3800 6
1811 3748 1868 3801 in
1914 3748 2214 3817 ingluuiem
2263 3750 2478 3815 scripsi:
2528 3746 2708 3816 inglu-

412 3836 555 3888 uiem
596 3835 697 3889 LS
736 3836 1035 3903 inglubiem
1084 3838 1255 3890 M¹G¹
1301 3836 1370 3889 ad
1416 3836 1718 3906 ingluuiem
1768 3836 1858 3899 (ad
1905 3855 1947 3889 κ.
1999 3838 2033 3889 l.
2085 3854 2121 3889 a
2166 3852 2233 3889 m.
2281 3838 2334 3899 2)
2395 3836 2439 3888 G
2582 3834 2708 3888 dae-

410 3925 605 3977 moniis
636 3924 740 3977 L²b
905 3926 933 3977 7
973 3926 1073 3979 deo
1114 3926 1185 3977 L²
1384 3926 1575 3994 hyrcos
1620 3926 1714 3978 LO
1873 3928 1906 3979 9
1946 3940 2128 3979 sumus
2167 3925 2237 3978 L²
2414 3926 2477 3977 12
2528 3924 2709 3993 inqui-

412 4013 633 4077 natione
675 4020 813 4082 (sup.
854 4032 887 4078 11
928 4032 965 4067 a
1000 4032 1070 4068 m.
1114 4016 1137 4067 1
1180 4018 1225 4070 r)
1269 4016 1313 4064 (¹
1452 4014 1680 4083 negabis
1722 4014 1777 4081 (b
1817 4032 1883 4068 ev
1919 4015 1975 4083 u)
2001 4015 2074 4067 M
2218 4016 2281 4067 14
2321 4031 2436 4067 0330
2477 4021 2538 4077 (3.
2580 4014 2637 4075 Ζ.)
2668 4013 2712 4068 S

412 4102 643 4170 quidaem
682 4103 729 4157 S
898 4105 963 4157 15
1000 4103 1247 4172 gehenne
1286 4103 1343 4158 <h
1378 4119 1421 4157 s,
1463 4104 1497 4157 l.
1536 4122 1606 4159 m.
1659 4105 1706 4173 1)
1747 4104 1791 4155 (7
1973 4104 2035 4157 17
2085 4102 2409 4157 seruandum
2459 4103 2524 4157 de
2573 4102 2706 4156 cibis

410 4189 551 4243 Item
590 4191 687 4245 SG
800 4192 866 4245 18
906 4208 1010 4260 que
1050 4191 1096 4245 S
1235 4192 1384 4250 imos
1423 4191 1481 4261 (h
1519 4208 1614 4256 er.)
1642 4192 1714 4243 M
1822 4193 1889 4246 19
1919 4192 2160 4261 pvlluere
2190 4193 2242 4261 (v
2269 4206 2391 4259 sup.
2422 4211 2452 4257 o
2481 4208 2550 4245 m.
2585 4194 2634 4259 1)
2669 4192 2711 4247 S

412 4280 481 4331 20
528 4279 837 4350 frequenter
883 4284 925 4331 ('
1114 4279 1237 4333 (111111
1288 4280 1339 4333 G
1483 4280 1552 4333 23
1604 4281 1699 4333 alt.
1739 4280 1876 4333 dixit
1924 4281 2006 4347 (in
2049 4296 2218 4348 marg.
2267 4284 2330 4332 ut
2373 4280 2599 4335 uidetur
2637 4300 2704 4333 m.

412 4372 443 4421 1
481 4368 637 4435 add.)
684 4369 729 4421 C
