3159 4984
973 465 1061 519 vl.
1122 465 1409 520 Contra
1464 468 1833 521 Faustum
1889 468 2017 524 lib.
2059 467 2179 521 XII.
2579 472 2700 535 361

519 664 623 725 33.
676 659 843 739 Quid
897 662 1023 725 iam
1068 682 1291 746 regum
1341 664 1756 748 temporibus,
1807 667 1881 727 ut
1919 669 1978 727 et
2020 664 2162 727 inde
2199 682 2402 746 pauca
2441 684 2710 729 comme-

430 775 719 832 morem?
783 786 987 833 nonne
1036 769 1113 832 ab
1160 769 1298 850 ipso
1350 769 1598 834 exordio
1627 774 2108 835 commutatum
2167 770 2590 835 sacerdotium
2645 772 2708 835 in

432 874 835 939 Samuhelem
880 874 1211 956 reprobato
1262 873 1409 938 Heli
1456 879 1521 938 et
1566 877 2031 940 commutatum
2079 894 2344 959 regnum
2389 875 2454 939 in
2503 878 2710 941 Dauid

426 980 756 1063 reprobato
808 980 995 1043 Saule
1055 981 1287 1044 clamat
1340 982 1766 1063 praenuntiari
1823 1002 2060 1045 nouum
2123 982 2546 1046 sacerdotium
2603 1002 2708 1047 no-

370 1112 395 1148 5
430 1106 709 1169 numque
773 1106 1036 1170 regnum
1102 1089 1435 1170 reprobato
1500 1092 1734 1165 uetere,
1803 1087 1972 1169 quod
2027 1089 2252 1153 umbra
2307 1096 2440 1153 erat
2493 1090 2708 1156 futuri.

428 1194 495 1259 in
544 1194 797 1259 domino
846 1200 1060 1260 nostro
1108 1197 1253 1259 Iesu
1306 1196 1557 1261 Christo
1605 1199 1998 1260 uenturum?
2047 1214 2250 1259 nonne
2298 1196 2432 1278 ipse
2481 1196 2706 1261 Dauid.

429 1322 574 1366 cum
622 1323 817 1386 panes
863 1303 1313 1386 propositionis
1373 1303 1800 1379 manducauit.
1859 1322 2016 1384 quos
2073 1322 2194 1367 non
2251 1303 2485 1367 licebat
2537 1322 2706 1366 man-

428 1409 655 1473 ducare
732 1409 852 1473 nisi
933 1408 1085 1473 solis
1165 1408 1630 1483 sacerdotibus,
1695 1410 1759 1472 in
1835 1428 1958 1471 una
2031 1428 2297 1491 persona
2369 1412 2706 1491 utrumque

426 1516 729 1584 futurum.
787 1516 851 1579 id
910 1519 1009 1579 est
1061 1515 1125 1578 in
1182 1534 1307 1580 uno
1355 1516 1501 1579 Iesu
1552 1514 1802 1581 Christo
1860 1536 2125 1599 regnum
2175 1520 2240 1579 et
2284 1516 2704 1580 sacerdotium

334 1648 385 1683 ιυ
426 1622 773 1706 figurauit?
838 1640 1043 1685 nonne
1102 1640 1247 1686 cum
1299 1620 1517 1685 decern
1564 1621 1770 1685 tribus
1821 1642 1854 1684 a
1902 1622 2139 1705 templo
2189 1623 2512 1704 separatae
2561 1626 2710 1687 sunt

426 1733 489 1792 et
554 1728 713 1793 duae
780 1727 1135 1793 derelictae.
1202 1728 1359 1792 satis
1425 1728 1682 1796 indicat.
1751 1728 1920 1810 quod
1984 1728 2058 1791 de
2125 1730 2262 1791 tota
2325 1727 2464 1809 ipsa
2517 1731 2703 1811 gente

428 1836 755 1917 apostolus
804 1834 929 1897 ait:
988 1834 1363 1916 reliquiae
1412 1854 1542 1916 per
1590 1834 2040 1899 electionem
2089 1835 2386 1918 ‘gratiae
2445 1836 2701 1899 saluae

422 1942 669 2005 factae
718 1944 933 2004 sunt?
2015 1956 2022 1963 ·

512 2051 615 2112 34.
666 2048 955 2111 Pascitur
990 2046 1211 2110 Helias
1258 2050 1539 2129 tempore
1587 2046 1770 2110 famis
1811 2047 2017 2110 coruis
2053 2066 2237 2111 mane
2277 2048 2700 2113 adferentibus

332 2186 381 2223 ιε
424 2174 644 2238 panem
697 2157 761 2219 et
807 2154 884 2217 ad
932 2172 1259 2235 uesperam
1311 2172 1562 2217 carnes:
1633 2158 1696 2217 et
1741 2153 2096 2218 Manichaei
2154 2173 2275 2219 non
2323 2154 2698 2239 intellegunt

419 2261 481 2323 in
540 2260 668 2324 illis
724 2259 903 2323 libris
954 2258 1297 2334 Christum,
1356 2258 1457 2322 cui
1516 2258 1788 2339 quodam
1845 2258 2030 2323 modo
2088 2259 2359 2324 salutem
2419 2264 2694 2325 nostram

422 2365 723 2431 esurienti
770 2366 1149 2429 confitentur
1190 2368 1552 2447 peccatores
1601 2364 1792 2428 iidem
1847 2365 2157 2447 primitias
2215 2367 2474 2448 spiritus
2533 2388 2695 2431 nunc

420 2472 778 2539 habentem.
844 2471 906 2533 in
973 2470 1093 2533 fine
1160 2473 1374 2534 autem
1440 2471 1626 2534 uelut
1683 2470 1763 2533 ad
1818 2488 2148 2553 uesperam
2215 2472 2452 2536 saeculi
2510 2473 2699 2536 etiam

422 2579 625 2643 carnis
693 2577 1239 2642 resurrectionem.
1308 2576 1588 2640 mittitur
1643 2577 1862 2641 Helias
1927 2579 2280 2660 pascendus
2347 2580 2424 2641 ad
2490 2580 2702 2643 alieni-

327 2720 381 2758 20
422 2704 647 2769 genam
692 2684 973 2749 uiduam.
1023 2699 1184 2766 quae
1230 2685 1490 2749 uolebat
1545 2685 1670 2747 duo
1729 2684 1906 2767 ligna
1960 2684 2278 2767 colligere.
2337 2685 2702 2767 priusquam

423 2795 804 2856 moreretur:
854 2810 976 2855 non
1016 2790 1119 2855 hic
1158 2789 1293 2855 solo
1331 2790 1491 2873 ligni
1536 2790 1788 2855 nomine
1829 2790 1940 2854 sed
1978 2790 2166 2853 etiam
2207 2810 2466 2855 numero
2503 2791 2702 2875 ligno-

426 2920 565 2965 rum
640 2899 897 2982 signum
972 2899 1177 2962 crucis
1253 2898 1635 2981 exprimitur.
1720 2898 2114 2962 benedicitur
2178 2900 2374 2963 farina
2441 2898 2576 2962 eius
2643 2902 2707 2962 et

426 3008 675 3073 oleum:
742 3005 989 3070 fructus
1056 3008 1121 3068 et
1181 3005 1469 3069 hilaritas
1536 3006 1839 3072 caritatis.
1908 3024 2066 3087 quae
2123 3024 2266 3069 cum
2323 3006 2703 3088 inpenditur.

424 3132 547 3178 non
597 3111 846 3187 deficit3
896 3112 1210 3176 hilarem
1260 3114 1451 3176 enim
1502 3113 1836 3177 datorem
1887 3112 2150 3196 diligit
2198 3112 2399 3178 deus,

322 3252 377 3289 25
514 3223 617 3285 35.
667 3220 930 3284 Heliseo
968 3237 1198 3302 pueros
1236 3219 1620 3284 insultantes
1661 3222 1726 3283 et
1763 3221 2144 3283 clamantes:
2188 3220 2421 3295 calue,
2463 3221 2702 3283 calue!

422 3327 663 3391 bestiae
730 3326 1109 3391 comedunt:
1186 3326 1414 3409 puerili
1484 3326 1764 3390 stultitia
1829 3325 2187 3389 deridentes
2256 3324 2578 3390 Christum
2643 3326 2706 3390 in

418 3436 561 3500 loco
607 3432 933 3497 Caluariae
974 3433 1337 3498 crucifixum
1386 3434 1597 3498 inuasi
1643 3452 1679 3497 a
1726 3432 2138 3497 daemonibus
2177 3436 2460 3516 pereunt.
2509 3432 2708 3496 mittit

598 3682 631 3733 3
670 3680 735 3734 cf.
764 3680 791 3733 Ι
819 3680 953 3749 Reg.
983 3679 1033 3743 2,
1063 3679 1132 3732 27
1162 3695 1277 3748 sqq.
1387 3677 1422 3730 4
1460 3678 1523 3733 cf.
1554 3678 1581 3731 1
1611 3679 1746 3748 Reg.
1781 3678 1862 3736 16,
1897 3679 1920 3729 1
1955 3694 2071 3746 sqq.
2182 3676 2216 3728 8
2245 3677 2310 3730 cf.
2341 3681 2366 3725 1
2397 3676 2528 3745 Reg.
2562 3676 2646 3739 21,
2675 3676 2709 3727 6

422 3770 483 3822 11
525 3768 591 3822 cf.
628 3768 705 3821 111
744 3770 879 3837 Reg.
920 3766 1002 3833 12,
1044 3768 1108 3822 16
1150 3810 1161 3821 .
1200 3767 1271 3821 20
1436 3768 1501 3821 12
1538 3768 1692 3821 Rom.
1733 3768 1816 3831 11,
1855 3768 1888 3819 5
2052 3764 2118 3819 15
2157 3764 2224 3819 cf.
2261 3764 2340 3819 ΙΙΙ
2378 3764 2512 3833 Reg.
2555 3764 2635 3827 17,
2674 3762 2706 3815 6

430 3858 488 3911 19
528 3857 591 3911 cf.
630 3856 712 3910 111
746 3856 883 3925 Reg.
923 3857 1006 3919 17,
1046 3858 1079 3909 9
1189 3856 1257 3908 24
1294 3856 1347 3909 11
1386 3854 1504 3911 Cor.
1543 3856 1595 3916 9,
1636 3856 1666 3908 7
1775 3856 1843 3908 26
1883 3852 1948 3908 cf.
1979 3852 2054 3907 IV
2088 3852 2224 3923 Reg.
2264 3860 2312 3917 2,
2352 3852 2420 3905 23
2460 3868 2537 3920 sq.

492 4018 525 4071 3
575 4016 869 4071 samuelem
916 4014 983 4068 M
1092 4016 1123 4069 6
1171 4018 1354 4069 nostro
1402 4032 1503 4069 om.
1552 4015 1649 4069 SG
1795 4029 2021 4081 regnum
2071 4015 2126 4065 et
2174 4010 2530 4065 sacerdotium
2582 4026 2708 4064 uen-

420 4109 599 4159 turum
649 4106 679 4159 b
835 4110 863 4159 7
912 4104 1259 4159 manducavit
1306 4107 1361 4162 (v
1406 4120 1447 4158 s.
1498 4108 1521 4156 t
1565 4114 1836 4166 superse-r.
1882 4118 1951 4154 m.
1999 4100 2048 4169 1)
2098 4100 2142 4152 G
2261 4099 2327 4153 10
2375 4102 2619 4167 separate
2671 4097 2718 4151 S

424 4214 489 4266 12
516 4214 665 4267 salue
696 4213 835 4266 facte
865 4212 912 4267 S
1020 4214 1083 4264 15
1112 4209 1379 4264 manichei
1406 4210 1451 4261 (J
1558 4208 1624 4262 17
1653 4197 1761 4279 fffs']
1795 4196 1898 4278 'ip-s
1929 4206 1978 4261 S
2079 4206 2148 4259 19
2187 4204 2318 4257 elias
2354 4205 2429 4258 Μ
2529 4206 2599 4257 23
2627 4205 2708 4257 in-

422 4301 639 4372 peditur
694 4300 817 4356 S’G
903 4294 912 4302 ’
987 4300 1057 4353 25
1112 4297 1348 4353 11ε11*εθο
1404 4297 1479 4350 Μ
1653 4296 2000 4365 insultantes]
2056 4294 2359 4347 exultantes
2415 4292 2710 4346 LSGMP¹

423 4391 719 4444 exaltantes
756 4390 834 4444 1³³
975 4390 1042 4442 26
1082 4387 1428 4444 comederunt
1464 4386 1565 4441 SG
1710 4386 1776 4439 27
1816 4384 2046 4438 caluarie
2087 4382 2129 4435 (Υ
2273 4381 2588 4435 demonibus
2627 4381 2716 4435 (Ἠ
