3159 4984
475 473 604 534 614
1191 469 1240 520 S.
1305 467 1576 520 Aureli
1632 467 2070 532 Augustini

473 667 618 726 nata
680 681 828 746 pars
896 663 1034 726 eius
1090 665 1310 744 posset
1363 662 1715 744 ignoscere,
1774 662 1829 726 si
1887 679 2033 724 cum
2086 660 2215 724 iam
2270 661 2466 725 miser
2512 661 2615 726 sit.
2663 661 2773 724 uel

471 770 732 834 humilis
799 771 1008 834 esset!
1103 787 1272 832 nunc
1339 771 1554 832 autem
1621 767 1763 850 quis
1826 767 1989 831 ferat
2050 767 2423 850 reprehendi
2486 787 2525 831 a
2586 767 2775 833 uobis

472 877 660 940 deum
710 876 1088 940 irascentem
1137 875 1272 940 suis
1321 873 1670 956 alienisque
1707 874 2141 956 peccantibus,
2182 893 2327 938 cum
2366 873 2546 951 (10118,
2586 893 2777 955 quem

471 983 739 1066 fingitis,
797 982 1082 1046 membra
1137 1000 1274 1059 sua,
1333 998 1492 1062 quae
1553 983 1815 1046 coactus
1864 981 2076 1065 coegit
2120 981 2209 1044 ire
2256 980 2321 1045 in
2368 980 2587 1046 fauces
2630 1000 2777 1063 pec-

472 1089 619 1157 cati.
677 1092 903 1172 postea
960 1088 1217 1153 damnet
1269 1089 1334 1152 in
1392 1088 1636 1172 globo?
1704 1088 1873 1169 quod
1929 1087 2183 1170 quidem
2243 1105 2391 1152 cum
2446 1087 2655 1157 faciet,
2702 1091 2783 1150 ut
2850 1108 2879 1146 ⁵

474 1196 710 1273 dicitis,
759 1195 916 1260 iram
967 1215 1092 1260 non
1140 1194 1418 1260 habebit.
1487 1194 1601 1258 sed
1664 1195 1877 1273 miror,
1935 1194 1991 1259 si
2043 1195 2314 1259 frontem
2370 1193 2633 1259 habebit
2682 1194 2781 1257 in-

470 1302 726 1366 ferendo
764 1301 826 1364 in
869 1319 977 1366 eos
1019 1300 1202 1382 quasi
1240 1300 1611 1378 uindictam,
1644 1320 1681 1365 a
1710 1301 1941 1382 quibus
1978 1303 2191 1384 petere
2229 1301 2487 1366 deberet
2521 1301 2781 1364 ueniam

471 1415 536 1471 et
583 1407 827 1472 dicere:
879 1408 1162 1482 obsecrO,
1210 1407 1546 1491 ignoscite,
1595 1408 1881 1472 membra
1926 1427 2069 1472 mea
2116 1409 2309 1484 estis;
2359 1408 2609 1490 quando
2657 1426 2781 1491 ego

469 1515 531 1579 in
581 1535 698 1580 uos
742 1515 916 1580 istuc
963 1515 1087 1578 nisi
1133 1514 1350 1580 uictus
1396 1516 1781 1580 necessitate
1838 1516 2043 1582 facere
2100 1519 2417 1600 possum?
2483 1514 2665 1580 scitis
2714 1519 2785 1578 et

471 1641 626 1693 uos,
706 1622 875 1704 quod
941 1624 1134 1699 tunc,
1205 1621 1454 1704 quando
1520 1640 1642 1687 uos
1707 1622 1834 1687 huc
1896 1622 2084 1700 misi,
2150 1621 2503 1687 horrendus
2570 1621 2783 1686 hostis
2827 1641 2885 1678 ιο

473 1731 805 1812 eruperat;
867 1728 1038 1810 quod
1087 1731 1302 1791 autem
1351 1747 1516 1792 nunc
1563 1749 1682 1794 uos
1730 1729 1835 1794 hic
1876 1729 2097 1813 inligo,
2144 1730 2363 1804 time0,
2422 1747 2498 1792 ne
2556 1747 2782 1792 rursus

475 1838 783 1918 erumpat.
853 1835 982 1898 iam
1039 1837 1208 1899 certe
1267 1835 1457 1899 etiam
1515 1835 1677 1899 illud
1732 1835 2020 1900 fatemini
2084 1836 2289 1900 multo
2344 1834 2579 1898 melius
2635 1853 2783 1898 esse

471 1941 804 2006 hominum
852 1940 1032 2004 milia
1081 1941 1159 2005 ob
1207 1941 1449 2004 nullam
1497 1941 1605 2005 uel
1649 1942 1863 2006 leuem
1911 1943 2165 2025 culpam
2201 1941 2537 2024 temporali
2572 1943 2781 2004 morte

475 2047 820 2112 interficere
869 2065 1059 2129 quam
1107 2047 1390 2112 membra
1437 2067 1572 2124 sua,
1622 2048 1687 2112 id
1735 2051 1837 2113 est
1870 2048 2153 2113 membra
2189 2048 2311 2114 dei.
2352 2046 2781 2112 substantiam

479 2153 579 2216 «lei
629 2156 694 2216 et
754 2154 942 2237 plane
992 2152 1178 2216 deum
1231 2156 1296 2216 et
1339 2153 1404 2218 in
1449 2155 1699 2238 peccati
1745 2156 2115 2239 uoraginem
2152 2154 2397 2218 tradere
2438 2156 2502 2218 et
2538 2171 2783 2236 poenae
2826 2175 2879 2213 ns

475 2259 895 2343 sempiternae
936 2258 1361 2342 conligatione
1402 2259 1714 2327 damnare.
1766 2261 1822 2325 si
1868 2262 2034 2325 enim
2084 2263 2255 2325 esset
2296 2260 2428 2324 illis
2474 2258 2785 2322 membris

473 2365 775 2449 peccandi
819 2366 926 2430 uel
971 2365 1441 2448 non.peccandi
1483 2366 1755 2430 liberum
1802 2367 2129 2432 arbitrium
2160 2405 2247 2414 —
2276 2385 2661 2450 quamquam
2701 2364 2785 2430 de

477 2472 836 2538 substantia
875 2471 998 2550 dei,
1040 2491 1201 2554 quae
1239 2491 1390 2536 uere
1429 2473 1791 2538 substantia
1829 2474 1927 2539 dei
1969 2477 2069 2540 est
2103 2493 2177 2539 ac
2212 2493 2325 2558 per
2362 2473 2483 2538 hoc
2520 2473 2783 2538 omnino

473 2579 1046 2658 incommutabilis,
1115 2565 1651 2662 quemadmodum
1717 2580 1837 2645 hoc
1904 2580 2177 2658 dicatur,
2244 2598 2367 2658 non
2412 2579 2784 2650 inuenitur:

473 2689 632 2754 deus
682 2689 850 2753 enim
899 2687 1154 2754 omnino
1203 2705 1466 2771 peccare
1512 2706 1639 2752 11011
1686 2689 1920 2770 potest,
1961 2685 2130 2752 sicut
2172 2705 2404 2770 negare
2450 2705 2517 2751 se
2566 2686 2785 2769 ipsum
2828 2710 2885 2748 zo

473 2815 596 2862 non
640 2798 890 2879 potest;
939 2795 1130 2860 homo
1171 2797 1387 2858 autem
1432 2796 1651 2877 potest
1696 2811 1969 2875 peccare·
2004 2794 2068 2857 et
2114 2792 2303 2857 deum
2348 2810 2617 2876 negare,
2668 2792 2788 2857 sed

475 2903 528 2967 si
576 2902 757 2978 nolit,
806 2918 930 2965 non
976 2900 1133 2965 facit
1184 2936 1257 2945 —
1311 2899 1368 2962 si
1415 2917 1564 2982 ergo
1623 2898 1767 2962 istis
1824 2897 2126 2962 membris
2185 2898 2286 2962 dei
2340 2899 2541 2962 uestri
2596 2901 2791 2963 uelut

475 3009 720 3074 animae
767 3008 1082 3071 humanae
1131 3024 1204 3070 ac
1248 3004 1545 3070 rationali
1595 3007 1785 3083 esset,
1834 3006 1909 3067 ut
1956 3003 2100 3080 dixi,
2149 3004 2454 3087 peccandi
2500 3005 2609 3068 uel
2656 3024 2785 3070 non

474 3113 778 3199 peccandi
826 3113 1098 3177 liberum
1144 3110 1500 3176 uoluntatis
1547 3109 1900 3186 arbitrium,
1948 3113 2117 3174 recte
2164 3110 2433 3174 fortasse
2479 3129 2593 3193 pro
2640 3129 2789 3194 gra-

473 3221 664 3284 uibus
714 3217 1083 3283 criminibus
1130 3218 1242 3283 illo
1291 3217 1466 3301 globi
1512 3215 1827 3299 subplicio
1866 3216 2311 3298 plecterentur.
2351 3233 2517 3282 nunc
2564 3220 2784 3282 autem
2828 3244 2885 3283 ιε.

475 3325 841 3390 libertatem
891 3324 1242 3390 uoluntatis
1288 3324 1434 3389 illas
1489 3323 1837 3408 particulas
1891 3321 2192 3387 habuisse
2250 3322 2455 3387 dicere
2500 3342 2623 3389 non
2672 3344 2791 3406 po-

477 3431 686 3508 testis,
756 3449 946 3512 quam
1009 3434 1186 3496 totus
1254 3430 1410 3494 deus
1474 3429 1615 3514 ipse
1670 3449 1795 3494 non
1850 3429 2112 3507 habuit,
2180 3428 2328 3511 quia
2382 3429 2439 3494 si
2492 3447 2601 3494 eas
2656 3447 2787 3493 non

479 3536 768 3599 mitteret
811 3535 876 3599 in
925 3540 1278 3619 peccatum,
1316 3538 1494 3601 totus
1541 3554 1578 3600 a
1624 3534 2026 3600 tenebrarum
2065 3537 2253 3619 gente
2288 3553 2599 3618 peruasus
2634 3553 2789 3618 pec-

663 3759 731 3815 20
770 3759 835 3816 cf.
873 3759 927 3814 Π
963 3759 1094 3817 Tim.
1138 3761 1298 3826 213

553 3935 586 3987 2
621 3933 976 4004 repraehendi
1013 3934 1066 3988 L
1175 3935 1208 3988 3
1245 3936 1511 4006 alienisq:
1551 3936 1594 4002 (i
1623 3952 1715 4004 pr.
1755 3952 1889 3992 corr.
1928 3953 1999 3990 m.
2042 3937 2066 3989 1
2109 3951 2175 3990 es:
2212 3939 2263 4000 0)
2301 3937 2355 3990 L
2472 3937 2503 3989 4
2544 3937 2789 3994 coniecit

484 4023 562 4090 (ni
623 4039 668 4080 ε.
735 4025 770 4078 1.
841 4041 880 4078 α
941 4042 1009 4078 m.
1077 4027 1107 4079 1
1169 4025 1244 4090 G)
1308 4025 1408 4080 SG
1616 4025 1799 4095 coegit
1863 4025 1975 4079 irae
2038 4023 2227 4078 LPM
2428 4025 2463 4078 8
2538 4041 2667 4100 ergo
2740 4025 2793 4082 S

483 4113 516 4166 9
553 4112 701 4167 istud
737 4113 771 4166 b
882 4113 944 4166 11
989 4114 1224 4184 emper&
1262 4113 1307 4167 C
1415 4115 1480 4168 12
1517 4115 1782 4184 irrumpat
1817 4114 1850 4168 b
1962 4114 2029 4169 15
2066 4129 2272 4184 poenae
2320 4115 2372 4184 (o
2410 4130 2455 4170 8.
2495 4115 2531 4172 1.
2566 4131 2638 4170 m.
2674 4131 2780 4170 rec.

472 4201 639 4269 add.)
681 4201 725 4252 (J
851 4202 915 4254 16
951 4201 1284 4270 sempiterna
1323 4200 1371 4255 Ο
1511 4202 1578 4257 19
1619 4201 2085 4271 quemammodum
2122 4199 2278 4256 LSG
2412 4201 2481 4256 28
2519 4202 2778 4273 peccandi

485 4289 542 4360 (n
578 4306 622 4342 s.
661 4289 719 4355 1.)
767 4289 816 4344 G
881 4290 952 4343 24
990 4290 1300 4354 arbritrium
1345 4289 1394 4345 0
1459 4289 1529 4346 25
1567 4289 1729 4361 globo
1768 4289 1857 4346 Lo
2000 4289 2365 4360 plecterentur
2400 4291 2459 4360 (11
2492 4307 2538 4346 s.
2576 4293 2613 4346 1.
2644 4292 2776 4346 add.

485 4395 556 4432 m.
593 4377 715 4448 rec.)
761 4378 808 4431 Ο
911 4378 978 4431 27
1018 4379 1146 4449 quia
1183 4380 1222 4450 (i
1257 4395 1300 4434 8.
1341 4381 1376 4434 1.
1417 4397 1454 4434 a
1489 4398 1558 4434 m.
1600 4381 1653 4448 1)
1700 4379 1749 4435 0
