3159 4984
218 1070 243 1108 5

197 1606 244 1641 1⁰

193 2676 243 2713 20

823 424 922 478 111.
963 424 1209 480 Contra
1243 426 1685 479 Fortunatum
1723 426 2123 496 disputatio.
2506 429 2587 491 91

285 622 350 680 et
396 616 783 699 sapientiam
831 638 1032 695 suam,
1083 618 1160 683 de
1197 619 1395 684 nihilo
1433 619 1672 683 fecerit.
1722 619 1817 684 sic
1856 621 2021 685 enim
2060 622 2373 705 legimus:
2422 623 2591 707 ipse

283 723 528 787 iussit
567 726 640 787 et
677 724 882 789 sacta
919 730 1125 800 sunt:
1173 727 1338 809 ipse
1376 727 1767 791 mandauit
1806 730 1879 791 et
1918 729 2353 793 constituta
2392 733 2587 793 sunt.

369 830 596 893 FORT.
649 830 840 895 dixit:
891 833 979 897 Ex
1025 832 1310 899 iussione
1359 837 1655 898 constant
1699 835 2047 899 uniuersa?

377 940 486 1005 14.
538 940 714 1003 ΑΒΘ.
755 940 944 1005 dixit:
995 940 1094 1005 Ita
1141 940 1345 1017 credo,
1396 940 1510 1005 sed
1554 940 1875 1017 uniuersa,
1924 960 2085 1023 quae
2123 942 2292 1007 facta
2330 946 2497 1008 sunt.

371 1048 838 1112 FORT..dixit:
897 1047 1092 1111 Facta
1141 1050 1508 1125 consonant,
1558 1046 1669 1112 sed
1718 1047 1865 1129 quia
1912 1048 2423 1114 inconnenientia
2468 1050 2593 1115 sibi

281 1158 440 1223 sunt
491 1156 670 1233 haec,
718 1174 830 1239 per
875 1156 996 1219 hoc
1043 1173 1190 1237 ergo
1239 1158 1492 1219 constat
1535 1174 1659 1220 non
1709 1174 1849 1219 esse
1895 1175 2087 1219 unam
2146 1156 2589 1233 substantiam,

278 1264 440 1329 licet
490 1283 566 1327 ex
614 1263 804 1327 unius
851 1262 1134 1327 iussione
1181 1262 1398 1327 eadem
1437 1263 1516 1327 ad
1556 1263 2083 1345 compositionem
2132 1264 2353 1327 mundi
2400 1264 2593 1329 huius

279 1373 346 1433 et
381 1369 624 1434 faciem
662 1368 968 1433 uenerint.
1021 1372 1300 1433 ceterum
1339 1370 1527 1433 rebus
1568 1370 1727 1453 ipsis
1764 1382 1963 1454 paret,
2004 1369 2153 1452 quia
2187 1370 2345 1434 nihil
2386 1371 2593 1443 simile

279 1476 588 1540 tenebrae
657 1478 722 1539 et
783 1475 918 1546 lux,
995 1475 1154 1538 nihil
1220 1476 1428 1540 simile
1493 1476 1733 1541 ueritas
1800 1480 1865 1540 et
1927 1475 2356 1551 mendacium,
2434 1477 2593 1541 nihil

283 1582 506 1647 simile
567 1602 739 1647 mors
798 1584 864 1645 et
916 1581 1072 1657 uita,
1129 1582 1290 1647 nihil
1347 1583 1554 1647 simile
1612 1584 1822 1647 anima
1877 1586 1943 1649 et
1998 1602 2225 1666 corpus
2274 1587 2339 1648 et
2387 1588 2595 1649 cetera

277 1688 428 1752 istis
482 1687 744 1764 similia,
803 1706 962 1769 quae
1019 1690 1084 1752 et
1138 1688 1501 1753 nominibus
1558 1694 1625 1754 et
1681 1689 2013 1772 speciebus
2072 1690 2313 1754 distant
2368 1690 2445 1754 ab
2503 1690 2592 1755 in-

279 1796 523 1871 uicem,
587 1798 654 1859 et
707 1795 932 1860 merito
993 1795 1225 1860 dixisse
1285 1795 1612 1861 dominum
1672 1799 2001 1861 nostrum:
2070 1797 2314 1866 arbor,
2374 1816 2591 1879 quam

279 1921 426 1969 non
491 1900 890 1984 plantauit
952 1906 1168 1984 pater
1229 1920 1439 1967 mens
1498 1904 1886 1974 caelestis,
1946 1902 2466 1969 eradicabitur
2520 1908 2595 1969 et

278 2009 352 2072 in
421 2009 684 2092 ignem
747 2008 1122 2083 mittetur,
1182 2026 1370 2090 quae
1425 2028 1568 2074 non
1628 2008 1923 2075 adferet
1976 2010 2278 2091 fructus
2334 2010 2591 2091 bonos„

215 2144 240 2181 ε,
280 2119 346 2179 et
385 2134 536 2181 esse
579 2114 864 2178 arborem
901 2114 1266 2179 radicatam.
1315 2115 1463 2180 hinc
1500 2135 1653 2181 uero
1692 2120 1945 2182 constat
1983 2121 2047 2181 et
2082 2116 2323 2183 ratione
2359 2136 2591 2197 rerum,

280 2220 458 2303 quod
510 2220 676 2284 duae
724 2222 874 2284 sunt
919 2220 1314 2286 substantiae
1361 2222 1422 2285 in
1473 2221 1595 2315 hoc
1642 2222 1899 2299 mund0‚
1939 2242 2099 2306 quae
2148 2223 2483 2306 speciebus
2532 2226 2595 2287 et

281 2327 661 2393 nominibus
700 2324 974 2391 distant:
1025 2347 1290 2409 quarum
1328 2333 1430 2392 est
1451 2346 1593 2402 *una
1628 2330 1927 2411 corporis.
1970 2330 2094 2393 alia
2129 2348 2280 2395 uero
2319 2333 2590 2406 aeterna,

278 2434 488 2517 patris
539 2433 995 2516 omnipotentis
1045 2453 1234 2517 quam
1285 2453 1424 2498 esse
1471 2435 1809 2499 credimus,

377 2542 487 2606 15.
535 2540 716 2604 AUG.
755 2540 944 2605 dixit:
997 2540 1322 2607 Contraria
1365 2541 1510 2615 ista,
1560 2560 1721 2623 quae
1767 2544 1832 2605 te
1880 2546 2159 2621 monent,
2208 2547 2283 2607 ut
2326 2543 2595 2608 aduersa

282 2649 671 2726 sentiarum,
718 2651 973 2732 propter
1008 2650 1340 2731 peccatum
1379 2651 1690 2726 nostrum,
1728 2649 1795 2713 id
1835 2654 1937 2715 est
1969 2654 2225 2733 propter
2260 2652 2595 2734 peccatum

279 2756 574 2821 hominis
625 2755 1045 2839 contigerunt.
1115 2774 1260 2819 nam
1311 2755 1521 2820 omnia
1566 2756 1725 2820 deus
1774 2760 1839 2820 et
1880 2756 2047 2821 bona
2104 2756 2276 2833 fecit,
2327 2760 2391 2821 et
2436 2758 2595 2821 bene

283 2860 651 2937 ordinauit3
699 2862 1034 2944 peccatum
1083 2864 1297 2925 autem
1345 2881 1468 2927 non
1515 2861 1671 2926 fecit
1715 2864 1780 2926 et
1824 2862 1947 2927 hoc
1994 2865 2094 2927 est
2139 2863 2368 2933 solum.
2428 2861 2597 2945 quod

283 2968 530 3033 dicitur
578 2968 841 3043 malum,
889 2966 1320 3034 uoluntarium
1379 2971 1668 3033 nostrum
1723 2971 2078 3051 peccatum.
2148 2973 2249 3034 est
2304 2974 2369 3033 et
2424 2970 2597 3034 aliud

283 3093 497 3159 genus
544 3072 720 3149 mali,
769 3072 940 3155 quod
969 3076 1070 3137 est
1095 3092 1300 3158 poena
1337 3075 1603 3157 peccati.
1654 3094 1795 3139 cum
1848 3095 1995 3159 ergo
2035 3075 2159 3141 dno
2200 3075 2329 3140 sint
2366 3094 2595 3159 genera

283 3182 634 3257 malorum,
679 3168 1014 3264 peccatu'm
1063 3183 1126 3244 et
1170 3198 1374 3263 poena
1417 3182 1682 3264 peccati.
1730 3187 2063 3266 peccatum
2111 3181 2191 3247 ad
2236 3181 2425 3246 deum
2472 3202 2597 3248 non

477 3374 506 3425 1
547 3370 639 3425 Pa.
681 3371 802 3435 148,
843 3372 875 3425 5
1025 3372 1092 3424 12
1126 3370 1324 3424 Matth.
1365 3372 1594 3435 15,13;
1634 3372 1684 3435 3,
1728 3372 1793 3426 10

234 3592 244 3600 .
359 3550 396 3603 2
437 3548 766 3619 constituta]
803 3552 983 3603 creata
1010 3550 1099 3602 Ab
1133 3549 1248 3613 (sed
1280 3550 1342 3601 in
1379 3566 1548 3619 mary.
1588 3552 1905 3617 constituta)
2055 3550 2088 3603 3
2128 3552 2381 3603 constant
2418 3548 2597 3602 omnia

284 3665 662 3733 uniuersaque
697 3664 844 3720 facta
879 3667 1022 3718 sunt.
1063 3664 1186 3717 fort.
1225 3664 1314 3718 dix
1355 3664 1477 3726 (del.
1519 3664 1659 3732 uid.)
1702 3663 1749 3719 S
1834 3664 1867 3717 5
1906 3668 2102 3718 sonant
2126 3663 2286 3735 APS
2316 3668 2515 3719 sonant
2540 3664 2596 3716 Β

288 3754 322 3807 6
361 3753 526 3822 haec]
567 3752 668 3806 hac
703 3754 818 3807 ΔΡ
851 3770 912 3807 ac
952 3753 983 3806 b
1131 3770 1258 3823 ergo
1297 3770 1399 3808 om.
1441 3752 1487 3807 S
1628 3753 1661 3807 8
1715 3755 1894 3825 paret]
1946 3756 2141 3825 parent
2196 3752 2306 3808 AB
2360 3756 2518 3823 patet
2565 3752 2598 3806 b

289 3841 446 3913 quia]
489 3840 638 3912 quod
676 3840 724 3896 S
789 3842 856 3895 11
895 3842 1041 3912 istis]
1077 3841 1162 3895 his
1197 3842 1287 3896 Ab
1363 3842 1430 3895 12
1469 3841 1659 3897 arbore
1695 3842 1806 3896 AB
1946 3855 2107 3913 quem
2145 3842 2203 3895 P
2294 3842 2360 3895 14
2397 3842 2527 3913 qnia
2564 3842 2596 3895 b

289 3960 458 4013 affert
496 3958 529 4011 b
569 3956 796 4021 afferret
821 3957 930 4010 BP
1003 3958 1066 4009 15
1106 3960 1164 4010 et
1198 3974 1300 4011 om.
1332 3956 1379 4011 S
1515 3956 1809 4011 radicanda
1836 3956 1913 4011 Sb
1962 3914 2215 4021 radicat:
2239 3957 2295 4011 B
2438 3956 2525 4009 hic
2554 3955 2603 4011 S

291 4064 422 4102 uere
465 4046 498 4100 b
737 4062 798 4101 ex
850 4045 1061 4100 ratione
1097 4044 1228 4099 PSb
1450 4046 1514 4099 17
1570 4049 1823 4101 constant
1858 4046 2051 4101 BAPb
2278 4062 2382 4100 una
2422 4049 2508 4099 est
2545 4046 2600 4099 A

292 4122 382 4231 reis
421 4178 534 4216 una
569 4161 626 4215 B
809 4160 874 4214 18
921 4176 1080 4230 quam
1128 4162 1268 4230 esse]
1315 4178 1474 4231 quam
1522 4160 1613 4215 dei
1658 4176 1776 4216 esse
1813 4162 1868 4214 A
2076 4162 2139 4214 21
2188 4160 2468 4215 hominurn
2507 4158 2585 4214 Sb

855 4238 970 4265 tttttt

293 4276 578 4347 contingit
610 4276 666 4328 A
703 4276 990 4345 contilfgit
1018 4275 1073 4329 Β
1110 4276 1342 4345 contigit
1369 4276 1426 4328 P
1495 4275 1564 4329 22
1600 4275 1703 4329 hoc
1741 4275 1843 4345 est]
1881 4276 1983 4331 hoc
2014 4276 2045 4329 b
2121 4276 2189 4330 23
2221 4280 2305 4329 est
2332 4292 2433 4330 om.
2463 4274 2597 4329 ASb

294 4366 368 4421 24
407 4362 836 4435 cum—peccati]
876 4380 978 4418 om.
1019 4362 1066 4417 S
1170 4364 1239 4415 25
1277 4380 1453 4433 poena
1490 4380 1592 4417 om.
1630 4364 1686 4416 A
