3159 4984
591 440 718 502 124
1286 442 1339 492 S.
1397 438 1669 493 Aureli
1724 440 2156 509 Augustini

678 636 737 697 5.
778 634 872 698 De
908 653 981 697 eo
1013 633 1180 715 quod
1211 633 1518 716 scriptum
1557 637 1657 697 est
1692 634 1755 697 in
1805 634 2059 717 genesi:
2098 634 2467 699 faciamus
2507 634 2877 699 hominem

587 739 674 802 ad
739 740 1138 823 imaginem
1208 744 1282 805 et
1345 741 1937 831 similitu-dinem
2004 743 2355 805 nostram.
2432 742 2600 807 hunc
2665 742 2879 807 locum

585 846 962 913 Manichaei.
1013 868 1136 929 quo
1187 848 1494 932 scriptum
1543 852 1645 913 est
1687 850 1752 913 in
1818 850 2035 931 genesi
2082 849 2403 913 hominem
2450 848 2693 913 factum
2747 866 2878 911 esse

587 951 665 1015 ad
731 953 1074 1036 imaginem
1141 957 1206 1017 et
1269 954 1752 1020 similitudinem
1800 955 1951 1033 dei,
2026 958 2356 1039 propterea
2430 954 2651 1019 dicunt
2712 974 2878 1020 nouo

587 1060 972 1125 testamento
1021 1080 1162 1125 esse
1212 1063 1615 1129 contrarium.
1666 1064 1815 1145 quia
1862 1063 2159 1128 dominus
2216 1064 2277 1127 in
2337 1062 2670 1147 euangelio
2732 1060 2883 1124 dicit
2930 1082 2951 1119 ⁵

586 1164 878 1229 Iudaeis:
929 1186 1066 1231 uos
1115 1187 1196 1231 ex
1242 1172 1456 1251 patre
1507 1169 1814 1235 diabolo
1864 1172 2051 1235 estis
2102 1173 2177 1234 et
2224 1169 2603 1234 desideria
2638 1166 2879 1250 patris

585 1272 830 1335 uestri
885 1272 1132 1337 facere
1191 1275 1468 1353 uultis:
1529 1276 1667 1341 ille
1723 1276 2107 1342 homicida
2162 1280 2323 1341 erat
2382 1276 2469 1339 ab
2527 1274 2753 1340 initio
2814 1277 2881 1337 et

582 1376 654 1441 in
705 1379 1033 1444 ueritate
1083 1401 1224 1445 non
1274 1383 1520 1459 stetit,
1579 1384 1755 1465 quia
1809 1385 2102 1449 ueritas
2160 1384 2233 1449 in
2292 1404 2375 1448 eo
2433 1402 2573 1447 non
2632 1385 2772 1455 est,
2822 1382 2881 1443 et

584 1485 754 1566 quod
813 1488 938 1551 alio
993 1489 1134 1553 loco
1184 1490 1403 1554 Iudaei
1461 1496 1827 1574 serpentum
1874 1510 2106 1576 genera
2153 1495 2217 1556 et
2262 1490 2623 1573 uiperarum
2671 1486 2880 1570 appel-

583 1590 813 1657 lantur.
862 1613 986 1657 non
1033 1594 1416 1679 intellegunt
1459 1596 1626 1661 illud
1672 1597 1913 1662 dictum
1952 1616 2093 1663 esse
2134 1597 2209 1661 de
2248 1595 2503 1661 homine
2544 1597 2879 1675 antequam
2912 1618 2954 1655 10

588 1702 899 1780 peccaret,
959 1701 1128 1782 quod
1183 1702 1391 1767 factus
1449 1706 1550 1767 est
1596 1703 1675 1767 ad
1717 1704 2061 1789 imaginem
2109 1708 2173 1769 et
2218 1702 2703 1769 similitudinem
2760 1698 2877 1775 dei,

584 1806 704 1870 hoc
754 1810 988 1883 autem,
1039 1808 1209 1889 quod
1263 1809 1326 1873 in
1385 1810 1718 1895 euangelio
1776 1815 1894 1888 est,
1942 1830 2115 1887 „uos
2173 1830 2255 1875 ex
2309 1813 2519 1893 patre
2554 1806 2877 1872 'diabolo

587 1914 816 1979 estis“
871 1915 1312 1997 peccatoribus
1363 1921 1428 1981 et
1471 1916 1837 1981 infidelibus
1887 1917 2031 1981 dici.
2088 1916 2295 1981 tribus
2344 1916 2513 1981 enim
2560 1914 2771 1979 modis
2814 1913 2877 1976 in

589 2020 919 2103 scripturis
987 2022 1226 2087 sanctis
1291 2023 1567 2089 filiorum
1632 2042 1860 2111 nomen
1926 2022 2272 2105 accipitur:
2338 2041 2463 2086 uno
2530 2020 2877 2086 secundum

585 2130 894 2193 naturam.
937 2127 1253 2209 quomodo
1291 2129 1470 2193 Isaac
1507 2130 1679 2194 filius
1708 2130 1999 2193 Abrahae
2036 2129 2147 2193 uel
2182 2128 2374 2193 etiam
2412 2128 2609 2193 ceteri
2643 2125 2878 2202 ludaei,
2908 2152 2951 2191 1⁵

587 2233 696 2313 qui
744 2254 813 2297 ex
863 2234 1082 2299 eadem
1131 2235 1374 2319 origine
1422 2237 1723 2306 ueniunt:
1787 2236 1911 2299 alio
1968 2235 2320 2300 secundum
2378 2234 2749 2299 doctrinam.
2808 2234 2876 2295 ut

585 2338 756 2404 filius
805 2341 944 2405 eius
990 2342 1054 2405 in
1104 2360 1178 2406 ea
1221 2361 1287 2406 re
1337 2342 1605 2424 quisque
1654 2343 2027 2425 appelletur,
2077 2360 2114 2405 a
2160 2361 2284 2423 quo
2342 2340 2583 2422 aliquid
2639 2340 2875 2405 didicit.

589 2446 759 2510 sicut
823 2447 988 2511 filios
1055 2468 1207 2513 suos
1275 2449 1554 2531 appellat
1616 2449 1966 2532 apostolus.
2033 2448 2142 2530 qui
2209 2449 2285 2513 ab
2349 2448 2462 2513 illo
2529 2446 2876 2511 didicerunt

587 2553 1030 2635 euangelium:
1083 2554 1270 2619 tertio
1311 2554 1661 2619 secundum
1699 2553 2145 2631 imitationem,
2184 2554 2355 2619 sicut
2388 2552 2557 2618 filios
2595 2552 2875 2618 Abrahae

588 2678 706 2724 nos
752 2664 946 2724 uocat
991 2661 1342 2742 apostolus,
1393 2660 1563 2743 quod
1610 2662 1748 2726 eius
1794 2661 1986 2725 fidem
2031 2661 2375 2727 imitamur.
2434 2661 2685 2725 duobus
2734 2678 2877 2744 ergo
2908 2684 2952 2724 no
3068 2644 3070 2669 ³

585 2766 795 2831 modis
841 2769 1210 2849 peccatores
1257 2767 1546 2831 infideles
1594 2768 1813 2832 Iudaei
1866 2768 1985 2832 filii
2040 2768 2275 2834 diaboli
2334 2771 2647 2833 uocantur
2692 2786 2727 2831 a
2772 2766 2874 2831 do-

583 2872 778 2942 mino.
827 2873 935 2937 uel
981 2872 1151 2956 quod
1200 2873 1275 2938 ab
1323 2873 1464 2956 ipso
1539 2873 1909 2957 inpietatem
1968 2874 2344 2951 didicerunt,
2402 2875 2575 2939 sicut
2619 2874 2695 2937 de
2740 2874 2875 2956 ipso

584 2979 834 3044 diabolo
883 2980 1214 3063 apostolus
1265 2980 1458 3045 dicit:
1517 2980 1649 3063 qui
1700 3000 1891 3046 nunc
1950 2984 2307 3063 operatur
2359 2981 2431 3045 in
2489 2981 2689 3045 filiis
2748 2978 2873 3043 dir-

531 3144 536 3149 .
581 3085 982 3162 fidentiae:
1041 3086 1146 3151 uel
1193 3086 1362 3168 quod
1411 3106 1558 3152 eum
1601 3086 1954 3163 imitantur,
2016 3088 2185 3169 quod
2230 3086 2437 3171 magis
2480 3087 2756 3171 pertinet
2796 3084 2875 3149 ad
3069 3156 3070 3159 Ἴ

581 3190 668 3267 id,
735 3190 907 3273 quod
975 3190 1052 3255 de
1107 3191 1220 3255 illo
1279 3191 1520 3257 dictum
1583 3194 1719 3256 est:
1790 3195 1865 3256 et
1916 3192 1989 3256 in
2046 3193 2379 3257 ueritate
2436 3212 2577 3257 non
2634 3191 2951 3267 stetit.2s
3069 3194 3070 3241 ἰ

585 3296 734 3378 quia
781 3300 846 3360 et
889 3296 1014 3379 ipsi
1060 3296 1280 3361 Iudaei
1325 3298 1390 3361 in
1437 3296 1707 3361 ueritate
1756 3296 1937 3381 legis.
1997 3316 2156 3378 quae
2214 3298 2336 3363 sibi
2394 3298 2543 3363 data
2588 3302 2706 3374 est,
2750 3316 2871 3363 non

585 3404 900 3466 steterunt
945 3402 1168 3467 eodem
1218 3402 1472 3467 domino
1519 3401 1877 3467 adtestante
1918 3405 1983 3465 et
2018 3402 2304 3468 dicente:
2356 3405 2418 3469 si
2460 3404 2871 3469 crederetis

762 3621 787 3674 1
832 3620 967 3676 Gen.
1008 3623 1055 3678 1.
1095 3620 1166 3675 26
1294 3620 1326 3675 6
1363 3620 1481 3674 Ιο11.
1519 3620 1571 3683 8,
1610 3622 1683 3673 44
1809 3622 1841 3675 9
1881 3620 1949 3675 cf.
1985 3621 2184 3675 Matth.
2224 3623 2275 3682 3.
2306 3622 2372 3686 73
2412 3622 2499 3679 23.
2528 3622 2599 3676 33
2712 3622 2773 3675 19
2803 3620 2869 3675 cf.

579 3709 608 3763 I
647 3706 768 3763 Cor.
807 3712 857 3776 4,
901 3713 970 3766 14
1008 3726 1088 3781 sq.
1199 3711 1268 3765 20
1308 3710 1373 3763 cf.
1414 3707 1536 3763 Gal.
1573 3710 1625 3768 3.
1665 3711 1695 3763 7
1805 3711 1875 3765 23
1912 3710 2109 3780 Ephes.
2148 3712 2198 3772 2,
2238 3712 2270 3765 2
2382 3711 2449 3763 27
2488 3711 2608 3765 Iob.
2648 3713 2697 3772 5,
2731 3709 2797 3763 46

653 3864 688 3915 2
727 3865 806 3929 (et
846 3852 932 3929 1'1)
973 3864 1281 3933 ymaginem
1329 3864 1382 3916 V
1555 3864 2032 3934 hunc—scriptum
2070 3868 2220 3931 (unc.
2258 3864 2488 3931 rubrio.)
2528 3863 2585 3917 P
2688 3864 2719 3916 6
2754 3860 2866 3915 (1111-

580 3950 709 4004 bulo
748 3950 804 4003 P
837 3948 1068 4020 dyabolo
1107 3950 1153 4005 S
1295 3952 1327 4005 9
1375 3952 1651 4022 genimina
1704 3952 1851 4020 TC‚b
1894 3954 1977 4019 (in
2020 3970 2191 4024 mary.
2222 3954 2296 4008 al.
2328 3963 2549 4024 genera)
2666 3952 2729 4005 10
2762 3966 2869 4004 non

585 4039 726 4093 enim
773 4039 823 4092 T
964 4056 1081 4094 esse
1119 4038 1324 4093 dictum
1363 4041 1464 4093 sV
1603 4058 1719 4095 esse
1756 4058 1859 4096 om.
1906 4042 1955 4095 T
2062 4044 2131 4097 13
2178 4042 2314 4097 dicit
2351 4042 2404 4095 P
2509 4043 2577 4097 15
2623 4056 2777 4113 ysaac
2823 4036 2876 4090 V

588 4153 653 4208 18
711 4154 988 4223 apostolus
1046 4156 1290 4227 appellat
1350 4155 1514 4211 TGS
1534 4157 1582 4208 Γ
1684 4156 1753 4211 20
1801 4115 1905 4227 (Ξῖ)
2052 4160 2118 4212 21
2176 4120 2521 4230 peccatores·t
2542 4155 2783 4212 infideles
2814 4152 2870 4207 Ρ

2081 4230 2097 4261 f

584 4285 617 4322 a
671 4266 886 4322 domino
945 4274 1208 4324 uocantur
1261 4271 1314 4324 V
1469 4272 1538 4326 23
1565 4272 1707 4325 filios
1742 4272 1879 4327 ΟΠ)
2024 4272 2339 4329 difidentiae
2372 4277 2423 4329 P
2526 4274 2597 4327 26
2635 4272 2736 4341 est]
2764 4288 2789 4337 e
2814 4270 2871 4323 P

587 4358 655 4410 27
696 4362 966 4411 steterunt
1003 4375 1141 4428 quae
1180 4360 1256 4413 eis
1295 4359 1424 4414 data
1463 4364 1548 4415 est
1590 4361 1641 4414 T
1780 4360 1992 4433 eodem]
2031 4379 2093 4417 eo
2134 4361 2280 4432 quod
2323 4361 2519 4429 Csrb,
2557 4380 2659 4417 om.
2704 4362 2752 4415 T
