3159 4984
936 468 1027 519 vl.
1076 466 1367 521 Contra
1420 467 1788 521 Faustum
1845 466 1974 519 lib.
2033 465 2150 518 ΧΠ.
2541 466 2670 528 349

386 662 623 727 tionem
686 660 1059 744 spiritalem,
1116 660 1327 725 oliuae
1388 660 1792 725 fructuosum
1847 661 2176 725 surculum
2231 661 2500 731 rettulit.
2549 677 2673 741 quo

392 768 781 852 significaret
826 767 1165 832 nonnullos
1214 766 1407 831 etiam
1456 770 1628 830 extra
1675 768 2008 832 ecclesiam
2058 768 2434 851 baptizatOS‚
2481 766 2538 831 si
2584 765 2676 829 eis

390 875 709 958 pinguedo
786 893 909 939 non
986 873 1257 937 defuerit
1332 874 1644 952 caritatis,
1719 874 2069 958 posteriore
2135 878 2420 958 tempore
2497 871 2677 955 quasi

392 1001 657 1065 uespere
704 982 768 1046 in
817 1002 921 1046 ore
972 982 1305 1047 columbae
1351 985 1679 1063 tamquam
1725 983 1788 1046 in
1828 983 2047 1048 osculo
2086 981 2260 1065 pacis
2298 980 2376 1044 ad
2416 978 2678 1044 unitatis

310 1111 337 1149 ⁵
395 1089 767 1155 societatem
814 1107 1001 1173 posse
1040 1090 1321 1172 perduci.
1370 1091 1539 1170 quod
1576 1093 1725 1173 post
1761 1090 1920 1155 alios
1961 1092 2202 1172 septem
2245 1088 2378 1153 dies
2417 1087 2680 1151 dimissa

392 1215 647 1261 reuersa
683 1216 804 1261 non
847 1199 965 1263 est.
998 1196 1318 1280 signifieat
1352 1198 1541 1262 finem
1582 1198 1843 1273 saeculi,
1875 1196 2122 1280 quando
2164 1196 2283 1260 erit
2319 1196 2683 1261 sanctorum

396 1303 665 1385 requieS.
716 1323 839 1367 non
890 1302 1096 1367 adhuc
1141 1304 1205 1367 in
1257 1308 1652 1369 sacramento
1702 1304 1860 1387 spei,
1918 1324 2042 1387 quo
2097 1304 2161 1367 in
2223 1304 2344 1369 hoc
2399 1304 2682 1384 tempore

398 1410 797 1475 consociatur
844 1409 1133 1487 ecclesia,
1184 1410 1488 1492 quamdiu
1535 1410 1795 1488 bibitur,
1853 1410 2022 1493 quod
2079 1410 2156 1474 de
2205 1408 2443 1475 Christi
2485 1408 2682 1472 latere

395 1515 699 1594 manauit,
760 1516 872 1581 sed
928 1516 1057 1581 iam
1109 1517 1175 1581 in
1230 1518 1373 1600 ipsa
1424 1518 1810 1600 perfectione
1877 1517 2104 1582 salutis
2171 1520 2478 1594 aeternae,
2537 1534 2683 1579 cum

301 1640 355 1681 ιο
396 1623 681 1688 tradetur
743 1643 1011 1707 regnum
1068 1624 1183 1688 deo
1242 1626 1306 1687 et
1360 1624 1543 1707 patri.
1602 1627 1679 1687 ut
1730 1624 1796 1689 in
1853 1624 1966 1688 illa
2017 1624 2354 1707 perspicua
2407 1626 2683 1688 contem-

392 1732 669 1814 platione
717 1731 1259 1797 incommutabilis
1306 1732 1598 1796 ueritatis
1645 1732 1840 1797 nullis
1885 1732 2206 1815 mysteriis
2255 1731 2684 1814 corporalibus

397 1858 717 1923 egeamus.

484 1946 589 2008 21.
637 1944 844 2029 Nimis
889 1946 1155 2029 longum
1203 1950 1320 2023 est,
1368 1949 1459 2010 ut·
1486 1948 1595 2011 uel
1640 1950 1773 2011 tam
1817 1946 2095 2011 breuiter
2141 1965 2330 2028 quam
2379 1946 2532 2009 haec
2581 1963 2686 2009 cu-

397 2052 580 2128 curri,
632 2054 867 2116 cuncta
915 2052 1303 2135 contingam:
1355 2073 1467 2117 cur
1512 2054 1965 2119 sescentesimo
2016 2056 2079 2117 et
2124 2072 2250 2117 uno
2309 2070 2467 2117 anno
2515 2052 2687 2115 uitae

302 2172 355 2210 1⁵
398 2158 553 2234 Noe,
602 2158 667 2221 id
716 2161 815 2222 est
883 2158 1155 2242 peractis
1204 2160 1509 2224 sescentis
1558 2160 1739 2224 annis
1787 2160 2063 2243 aperitur
2110 2178 2287 2224 arcae
2333 2162 2578 2223 tectum
2625 2160 2691 2221 et

400 2266 725 2345 tamquam
772 2265 1107 2334 reuelatur.
1159 2266 1327 2347 quod
1373 2269 1507 2331 erat
1551 2265 1994 2331 absconditum
2033 2268 2538 2330 sacramentum?
2579 2284 2691 2330 cur

398 2370 703 2434 uicesima
768 2371 1037 2453 septima
1102 2371 1201 2436 die
1267 2372 1528 2436 secundi
1593 2373 1829 2437 mensis
1887 2372 2118 2437 dicitur
2166 2372 2438 2438 siccasse
2485 2382 2688 2436 terra:

397 2480 718 2558 tamquam
782 2476 961 2541 finita
1026 2482 1197 2543 esset
1259 2479 1386 2542 iam
1458 2479 1818 2562 baptizandi
1893 2480 2238 2545 necessitas
2302 2480 2366 2543 in
2429 2498 2688 2544 numero

399 2582 639 2647 dierum
688 2584 1211 2668 quinquagesimo
1260 2590 1325 2649 et
1370 2586 1662 2669 septimo.
1711 2586 1848 2668 ipse
1897 2589 1995 2651 est
2041 2587 2206 2651 enim
2254 2586 2389 2651 dies
2429 2587 2692 2651 secundi

304 2704 360 2743 ω
394 2689 629 2754 mensis
677 2690 1021 2755 uicesimus
1072 2692 1402 2773 septimus,
1461 2693 1570 2775 qui
1617 2712 1916 2759 numerus
1966 2713 2037 2757 ex
2085 2694 2196 2757 illa
2253 2694 2692 2759 coniunctione

406 2795 665 2877 spiritus
714 2798 779 2860 et
828 2798 1104 2879 corporis
1160 2799 1396 2880 septies
1454 2802 1716 2864 octonos
1773 2799 1965 2864 habet
2011 2818 2134 2865 uno
2183 2800 2394 2864 addito
2441 2802 2696 2883 propter

409 2902 669 2966 unitatis
712 2903 1063 2967 uinculum.
1105 2924 1215 2969 cur
1252 2904 1328 2969 de
1366 2924 1509 2971 arca
1556 2907 1877 2971 coniuncti
1935 2910 2172 2981 exeant,
2241 2907 2348 2990 qui
2395 2906 2696 2971 disiuncti

402 3008 807 3073 intrauerant.
876 3011 968 3074 sic
1028 3010 1195 3074 enim
1252 3010 1493 3075 dictum
1552 3015 1703 3088 erat.
1771 3014 1938 3094 quod
1995 3014 2324 3077 intrauerit
2377 3013 2440 3077 in
2489 3032 2696 3077 arcam

408 3116 543 3180 Noe
592 3118 656 3179 et
690 3115 807 3179 filii
854 3116 990 3181 eius
1039 3120 1104 3181 et
1140 3136 1292 3182 uxor
1330 3118 1465 3183 eius
1505 3122 1569 3183 et
1607 3138 1828 3184 uxores
1875 3119 2148 3185 filiorum
2197 3120 2362 3185 eius:
2413 3139 2698 3186 seorsum

322 3234 378 3273 25
408 3221 548 3292 uiri,
598 3240 884 3286 seorsum
930 3222 1200 3287 feminae
1248 3229 1774 3291 commemoratae
1824 3231 1989 3293 sunt.
2047 3226 2110 3290 in
2161 3226 2280 3292 hoc
2328 3228 2493 3291 enim
2541 3230 2698 3291 tem-

541 3450 573 3501 6
624 3448 689 3501 cf.
731 3446 865 3503 Gen.
904 3448 953 3511 8,
994 3448 1029 3501 6
1066 3464 1183 3517 sqq.
1296 3449 1364 3503 10
1401 3450 1467 3504 cf.
1505 3450 1532 3503 1
1572 3449 1692 3506 Cor.
1738 3451 1818 3509 15.
1859 3452 1928 3503 24
2045 3452 2109 3504 17
2150 3452 2215 3505 cf.
2248 3452 2380 3507 Gen.
2419 3454 2468 3517 8,
2516 3454 2578 3507 13
2618 3470 2678 3523 sq

396 3537 465 3589 24
503 3536 568 3589 cf.
618 3534 753 3590 Gen.
795 3538 846 3602 7,
886 3536 917 3589 7

476 3678 507 3731 3
546 3677 855 3747 pinquaedo
893 3677 948 3731 L
984 3678 1286 3749 pinguedo
1325 3682 1380 3747 (n
1418 3686 1511 3749 er.)
1553 3681 1601 3737 S
1732 3683 1765 3736 5
1806 3682 1921 3737 ‹lies
1959 3688 2170 3755 septem
2215 3686 2261 3738 G
2392 3688 2425 3739 6
2466 3687 2700 3756 quando]

408 3774 495 3837 qm
543 3767 573 3820 b
702 3766 733 3818 7
779 3766 837 3821 in
884 3774 1015 3822 ante
1058 3784 1190 3824 sacr.
1237 3770 1299 3823 in
1342 3786 1455 3825 ras,
1502 3769 1550 3825 S
1699 3771 1825 3842 quo]
1883 3790 2022 3843 quoe
2073 3776 2124 3841 (o
2174 3790 2240 3828 ex
2285 3778 2337 3843 a)
2388 3774 2439 3827 L
2487 3776 2572 3829 cui
2623 3776 2706 3840 (in

404 3870 517 3911 ras.
556 3855 631 3908 M
734 3854 767 3909 8
805 3856 1013 3910 uiuitur
1050 3856 1150 3911 SG
1185 3856 1391 3912 bibitur
1430 3859 1485 3927 (b
1523 3876 1659 3915 corr.
1700 3877 1766 3914 ex
1802 3862 1858 3929 u)
1906 3861 2030 3915 LM
2147 3864 2214 3917 10
2249 3864 2484 3917 traditur
2526 3864 2705 3919 CGSb

403 3944 649 3998 tradetur
698 3946 738 4005 (i
782 3961 917 3999 corr.
966 3946 1031 3999 in
1078 3948 1128 4013 e)
1176 3948 1244 4000 M
1288 3947 1535 4001 tradetur
1580 3949 1653 4002 L¹
1807 3951 1870 4004 11
1929 3950 2112 4005 nullus
2151 3950 2199 4006 S
2239 3953 2399 4006 nvllis
2441 3956 2490 4022 (v
2529 3972 2570 4005 s.
2611 3954 2630 4006 i
2671 3972 2707 4005 a

403 4049 473 4087 m.
518 4038 567 4103 1)
622 4034 671 4087 Ο
816 4037 881 4089 14
928 4035 1321 4089 sexcentesimo
1375 4036 1551 4091 GSGb
1701 4039 1768 4091 15
1817 4056 1918 4109 noe
1964 4040 2010 4093 0
2149 4043 2411 4096 sexcentis
2457 4042 2704 4097 CSGMb

407 4121 596 4176 archae
651 4122 698 4177 G
848 4123 915 4176 17
982 4123 1247 4194 nigesima
1284 4124 1348 4176 M
1510 4112 1718 4180 xxv'l'I
1773 4128 1820 4181 S
1969 4132 2168 4184 terram
2223 4129 2310 4183 Lb
2459 4133 2530 4199 1&
2579 4132 2704 4200 iam]

402 4210 461 4263 in
514 4210 568 4263 L
751 4211 1073 4281 baptizandi
1129 4212 1169 4279 (i
1224 4214 1321 4280 fin.
1374 4230 1417 4268 s.
1476 4215 1511 4268 l.
1564 4232 1636 4269 m.
1693 4222 1742 4283 1)
1805 4217 1856 4270 L
2060 4218 2129 4271 20
2187 4218 2484 4287 nigesimus
2541 4220 2710 4274 SMG

415 4300 479 4352 21
520 4301 760 4370 septiens
797 4300 851 4353 L
1018 4300 1088 4353 22
1128 4300 1237 4357 Cur
1270 4302 1467 4371 incipit
1500 4320 1543 4357 c.
1582 4304 1648 4357 21
1692 4307 1721 4359 b
1895 4307 2054 4360 archa
2099 4308 2147 4360 G
2304 4309 2371 4360 23
2412 4310 2624 4362 archam
2671 4310 2717 4363 (ιΥ

409 4388 479 4439 24
512 4404 727 4443 seorsus
770 4389 910 4457 (bis)
959 4390 1007 4444 0
1111 4392 1179 4443 25
1222 4391 1418 4445 femine
1452 4392 1555 4446 LS
