3159 4984
992 476 1085 529 VI.
1144 474 1434 531 Contra
1490 476 1860 529 Faustum
1916 473 2046 527 lib.
2105 474 2248 527 XVI.
2610 476 2750 539 475

454 671 567 734 illa
620 670 1101 735 resurrectionis
1159 669 1616 735 inmortalitate
1672 689 1796 734 non
1855 670 1992 735 erit.
2060 673 2392 753 propterea
2447 669 2754 752 scriptum

458 781 590 841 est:
651 795 819 841 caro
870 779 943 839 et
989 776 1303 859 sanguis
1350 794 1663 860 regnum
1712 776 1831 839 dei
1881 796 2021 841 non
2079 776 2608 859 possidebunt.
2677 775 2754 838 de

457 882 689 965 quibus
747 882 963 947 uerbis
1022 883 1246 948 soletis
1304 882 1676 947 calumniari
1729 882 1878 947 fidei
1935 886 2208 953 nostrae,
2269 900 2395 964 qua
2439 880 2758 945 credimus

456 990 648 1054 huius
700 988 977 1071 corporis
1024 988 1305 1053 futuram
1350 989 1900 1067 resurrectionem,
1960 1007 2120 1071 quae
2167 988 2233 1053 in
2277 989 2418 1072 ipso
2468 988 2583 1053 deo
2630 988 2757 1052 iam

397 1124 423 1161 5
454 1096 825 1180 praecessit,
876 1094 1355 1159 dissimulantes
1396 1114 1489 1171 ea,
1529 1114 1690 1176 quae
1728 1098 2118 1176 sequuntur;
2166 1096 2230 1158 in
2270 1095 2502 1177 quibus
2541 1098 2754 1178 aperte

372 1658 421 1692 10

366 2188 416 2225 15

365 2720 419 2758 20

370 3251 421 3289 25

458 1203 789 1286 apostolus
839 1202 991 1283 qnid
1042 1202 1212 1265 dicat
1258 1202 1530 1284 exponit.
1589 1202 1814 1267 uolens
1863 1202 2030 1265 enim
2079 1202 2431 1279 ostendere,
2482 1202 2634 1283 quid
2681 1220 2756 1267 eo

454 1310 597 1375 loco
666 1308 893 1373 dixerit
958 1326 1238 1385 carnem,
1308 1307 1610 1373 continuo
1675 1308 1986 1373 subiecit:
2061 1327 2300 1390 neque
2368 1310 2755 1391 corruptio

454 1414 1115 1498 incorruptionem
1151 1414 1605 1497 possidebit.
1647 1414 1768 1479 hoc
1807 1415 1972 1479 enim
2012 1433 2261 1497 corpuS,
2297 1416 2468 1498 quod
2503 1418 2759 1499 propter

454 1524 911 1589 mortalitatem
969 1522 1219 1604 proprie
1278 1541 1418 1586 caro
1476 1522 1863 1599 nominatur,
1922 1523 2156 1586 mutari
2223 1522 2380 1587 dicit
2434 1523 2498 1586 in
2553 1540 2756 1587 resur—

455 1630 757 1707 rectione,
806 1631 882 1692 ut
926 1628 1054 1692 iam
1101 1647 1224 1693 non
1274 1629 1361 1693 sit
1408 1628 1816 1709 corruptibile
1864 1630 2051 1710 atque
2109 1630 2396 1695 mortale.
2464 1628 2635 1711 quod
2681 1647 2758 1691 ne

453 1738 719 1818 putetur
764 1737 980 1799 nostra
1026 1734 1387 1818 suspicione
1437 1733 1582 1811 dici,
1620 1734 1762 1818 ipsa
1799 1734 1937 1811 eius
1977 1754 2137 1818 quae
2177 1738 2529 1818 sequuntur
2565 1735 2760 1799 uerba

460 1841 795 1906 consulite.
868 1860 1065 1918 ecce,
1114 1840 1343 1923 inquit,
1392 1841 1840 1925 mysterium
1891 1841 2085 1906 dico:
2146 1861 2398 1907 omnes
2457 1841 2756 1924 quidem

457 1966 970 2031 resurgemus,
1012 1966 1153 2011 non
1193 1950 1441 2011 tamen
1481 1966 1736 2011 omnes
1773 1946 2337 2023 inmutabimur,
2378 1948 2447 2011 in
2489 1950 2756 2025 atomo,

455 2054 529 2117 in
580 2054 743 2117 ictu
793 2052 1019 2129 oculi,
1068 2053 1141 2116 in
1190 2053 1614 2117 nouissima
1659 2054 1867 2127 tuba3
1928 2058 2148 2119 canet
2195 2054 2386 2119 enim
2435 2055 2636 2131 tuba,
2685 2055 2762 2115 et

456 2158 741 2225 mortui
818 2161 1224 2242 resurgent
1296 2159 1752 2242 incorrupti,
1830 2164 1905 2223 et
1978 2180 2110 2227 nos
2186 2160 2754 2228 inmutabimur;

456 2268 766 2348 oportet
804 2264 999 2329 enim
1042 2265 1546 2348 corruptibile
1585 2265 1724 2329 hoc
1760 2264 2074 2330 induere
2106 2265 2756 2349 incorruptionem

458 2375 534 2436 et
569 2372 894 2437 mortale
930 2372 1071 2436 hoc
1110 2371 1424 2435 induere
1463 2370 2118 2439 inmortalitatem.
2158 2376 2233 2436 ut
2271 2391 2418 2455 ergo
2456 2372 2758 2436 induatur

453 2478 929 2555 inmortalitate,
982 2478 1231 2542 exuitur
1276 2477 1685 2542 mortalitate.
1753 2478 1874 2545 hoc
1931 2482 2032 2544 est
2077 2478 2576 2544 circumcisionis
2623 2498 2756 2561 my-

457 2585 746 2660 sterium,
798 2603 958 2666 quae
1008 2588 1236 2650 octauo
1288 2585 1387 2649 die
1434 2584 1569 2649 fieri
1617 2584 1794 2649 iussa
1842 2588 1959 2663 est,
2010 2588 2074 2650 et
2121 2592 2346 2652 octauo
2397 2586 2516 2662 die,
2554 2585 2620 2648 id
2659 2588 2759 2649 est

457 2691 773 2755 dominica
835 2694 985 2775 post
1048 2691 1405 2769 sabbatum,
1452 2692 1581 2755 iam
1638 2690 1701 2754 in
1757 2692 2026 2755 ueritate
2085 2712 2120 2755 a
2176 2694 2430 2758 domino
2495 2692 2754 2774 inpleta.

454 2797 621 2861 unde
691 2796 959 2861 dicitur:
1031 2817 1307 2862 exuens
1375 2818 1451 2862 se
1521 2816 1815 2861 carnem
1879 2799 2358 2882 principatus
2427 2802 2499 2863 et
2555 2800 2752 2881 pote-

456 2906 700 2969 states
761 2904 1243 2986 exemplauit.
1312 2924 1424 2988 per
1478 2905 1640 2967 hanc
1697 2904 1864 2967 enim
1923 2906 2377 2971 mortalitatem
2435 2906 2616 2969 nobis
2663 2905 2754 2967 in-

453 3010 640 3075 uidae
706 3010 1057 3075 diabolicae
1122 3013 1479 3093 potestates
1544 3010 2066 3085 dominabantur:
2143 3032 2300 3094 quas
2367 3013 2756 3095 exemplasse

456 3114 666 3180 dictus
716 3118 833 3183 est.
886 3116 1028 3198 quia
1080 3116 1145 3179 in
1196 3135 1263 3181 se
1309 3116 1449 3200 ipso
1501 3116 1708 3199 capite
1756 3121 1970 3183 nostro
2027 3120 2322 3202 praebuit
2378 3120 2754 3200 exemplum,

455 3222 623 3304 quod
670 3224 734 3286 in
784 3226 918 3288 toto
970 3222 1108 3288 eius
1157 3242 1437 3307 corpore,
1488 3222 1553 3287 id
1603 3227 1703 3288 est
1748 3225 2019 3288 ecclesia
2056 3245 2126 3288 ex
2167 3225 2403 3292 diaboli
2437 3226 2756 3308 potestate

450 3326 793 3405 liberanda,
842 3328 908 3391 in
954 3328 1185 3393 ultima
1228 3328 1690 3393 resun·ectione
1738 3330 2154 3413 conplebitur.
2223 3333 2378 3397 haec
2441 3334 2540 3395 est
2597 3330 2754 3395 fides

630 3552 662 3603 2
712 3552 739 3604 Ι
786 3553 905 3607 Cor.
961 3554 1042 3616 15,
1092 3555 1163 3608 50
1210 3572 1327 3624 sqq.
1503 3556 1572 3608 19
1621 3555 1685 3609 cf.
1727 3556 1860 3611 Gen.
1916 3558 1998 3619 17,
2042 3556 2108 3609 12

525 3738 553 3790 1
608 3736 1001 3791 inmortalitate
1055 3737 1131 3790 L¹
1276 3742 1310 3793 ἴ)
1365 3743 1622 3793 secuntur
1681 3740 1732 3795 G
1777 3708 2039 3813 seguntur
2097 3744 2154 3812 (q
2210 3758 2276 3796 ex
2332 3759 2357 3795 c
2415 3756 2549 3796 corr.
2615 3747 2664 3794 et
2721 3759 2756 3794 u

449 3840 713 3893 super-scr.
774 3842 843 3879 m.
909 3829 969 3894 2)
1026 3826 1075 3881 S
1286 3827 1319 3880 6
1374 3828 1517 3881 enim
1574 3830 1644 3895 (s.
1703 3830 1766 3897 l.)
1825 3829 1872 3885 S
2091 3831 2374 3885 ostendere
2431 3830 2649 3896 (endere
2693 3831 2758 3884 in

450 3918 588 3982 ras.)
626 3914 681 3967 L
816 3916 848 3967 9
886 3913 1023 3969 dicit
1060 3914 1125 3969 S¹
1268 3917 1661 3971 resurrectione
1700 3917 1852 3971 L¹M
1985 3920 2049 3973 11
2089 3918 2392 3989 suspitione
2429 3918 2532 3973 LS
2671 3936 2755 3972 se·

451 4006 645 4058 cuntur
697 4002 865 4058 08¹&
1013 4004 1079 4058 12
1127 4004 1320 4075 inquid
1366 4005 1443 4058 L¹
1589 4008 1890 4061 misterium
1944 4008 1991 4064 S
2133 4009 2200 4063 13
2244 4009 2575 4079 resurgimus
2613 4010 2757 4062 L¹G¹

451 4091 669 4145 athomo
718 4092 992 4148 CLSGM
1134 4095 1199 4147 14
1254 4094 1397 4165 *ictu
1446 4094 1501 4165 (u
1548 4099 1644 4163 er.)
1687 4098 1753 4150 M
1908 4100 2066 4152 canet
2134 4098 2276 4151 enim
2322 4097 2460 4151 tuba
2515 4114 2616 4151 om.
2655 4096 2756 4151 SG'

453 4180 518 4232 17
536 4179 1147 4236 inmortalitatemL¹M
1220 4184 1287 4239 18
1306 4182 1581 4238 mortalite
1601 4182 1649 4238 0
1733 4184 2032 4239 misterium
2053 4188 2098 4241 C
2168 4186 2236 4240 19
2261 4188 2453 4239 octauo
2469 4186 2592 4253 (bis)
2613 4184 2754 4239 0¹1)

452 4267 521 4321 20
559 4267 684 4372 dno]
722 4268 789 4323 do
828 4269 876 4323 0
980 4270 1049 4323 22
1084 4269 1270 4323 inuide
1307 4270 1355 4324 G
1460 4270 1528 4323 25
1560 4276 1645 4325 est
1677 4274 1752 4337 (st
1779 4289 1822 4327 8.
1854 4274 1888 4329 Ζ.
1921 4274 2052 4327 add.
2080 4290 2149 4329 m.
2181 4276 2240 4341 2)
2273 4274 2324 4327 L
2424 4274 2687 4329 aecclesia
2713 4274 2760 4328 G

454 4382 668 4449 diabolo
710 4384 755 4437 S
