3159 4984
887 464 970 517 Vl.
1013 460 1302 517 Contra
1355 462 1727 517 Faustum
1781 459 1916 516 lib.
1978 458 2066 511 VI.
2484 460 2613 525 285

317 686 461 731 mus
491 661 702 728 necin
734 660 998 745 primis:
1040 676 1203 741 quae
1243 656 1458 723 omnia
1493 659 1830 739 praecepta
1860 658 2013 720 sunt
2042 659 2106 721 et
2132 655 2617 723 iustificationes

318 772 551 837 ueteris
607 766 1002 834 testamenti.
1072 765 1242 847 quod
1299 783 1449 848 ergo
1509 764 1733 839 obicis,
1790 764 1911 829 tibi
1972 781 2227 829 mecum
2284 782 2616 829 commune

320 882 436 955 est,
487 878 624 942 siue
687 874 925 941 crimen
969 872 1326 956 putandum
1384 890 1498 937 seu
1553 875 1725 937 recte
1780 871 2059 947 factum3
2126 874 2391 953 uterque
2448 872 2617 937 enim

315 988 606 1051 nostrum
643 984 864 1069 ‘uetus
929 978 1176 1061 respuit
1240 980 1721 1042 testamentum.
1802 996 1952 1061 ergo
2020 977 2077 1043 si
2149 978 2301 1059 quid
2364 979 2619 1045 intersit

252 1112 286 1151 ⁵
315 1092 482 1155 inter
542 1108 752 1154 meam
816 1085 1010 1151 fidem
1077 1083 1328 1168 quaeris
1385 1087 1452 1147 et
1503 1087 1703 1161 tuam,
1766 1084 1908 1161 hoc,
1976 1083 2125 1166 quia
2191 1084 2311 1149 tibi
2364 1086 2617 1150 mentiri

312 1200 472 1263 libet
514 1198 580 1261 et
620 1192 1034 1259 inliberaliter
1079 1210 1282 1275 agere.
1331 1192 1406 1254 ut
1451 1190 1623 1272 quod
1675 1194 1887 1255 mente
1945 1190 2172 1269 oderis,
2222 1192 2417 1257 uerbo
2459 1212 2601 1259 cou-

315 1303 559 1382 laudes‚
599 1320 718 1388 ego
757 1301 977 1365 fallere
1015 1319 1139 1364 non
1171 1297 1392 1374 didioi;
1425 1298 1595 1379 quod
1626 1299 1855 1374 sentio,
1886 1298 2134 1382 loquor,
2165 1300 2299 1363 tam
2331 1300 2615 1383 turpium

317 1412 530 1479 odisse
577 1430 680 1476 me
727 1410 934 1473 fateor
979 1408 1420 1491 praeceptores
1471 1424 1663 1487 quam
1710 1405 1849 1489 ipsa
1896 1408 2251 1490 praecepta.

409 1522 470 1586 2,
537 1520 1008 1588 AUGUSTINUS
1053 1510 1418 1595 respondit:
1485 1510 2039 1590 Quemadmodum
2096 1516 2163 1576 et
2216 1533 2406 1595 quare
2454 1514 2615 1579 acci-

226 1645 284 1684 10
313 1627 529 1711 piatur
571 1624 1034 1689 testamentum
1079 1622 1272 1684 uetus
1329 1620 1406 1683 ab
1463 1618 1807 1685 heredibus
1852 1620 2221 1685 testamenti
2269 1622 2439 1697 noui,
2486 1622 2613 1687 iam

317 1751 510 1817 supra
557 1731 854 1795 diximus.
906 1727 1021 1793 sed
1066 1727 1216 1810 quia
1252 1727 1443 1811 paulo
1482 1730 1629 1791 ante
1668 1726 1745 1791 de
1783 1726 2117 1809 promissis
2157 1728 2296 1793 eius
2333 1726 2613 1795 Faustus

316 1840 470 1923 egit,
520 1856 688 1903 nunc
735 1839 952 1901 autem
1001 1834 1076 1899 de
1125 1834 1484 1918 praeceptis
1531 1852 1719 1918 agere
1766 1834 1997 1912 uoluit,
2052 1834 2402 1916 respondeo
2448 1836 2613 1903 istos

317 1947 572 2013 omnino
631 1942 896 2017 nescire,
957 1942 1108 2023 quid
1165 1940 1420 2005 intersit
1473 1941 1642 2005 inter
1694 1944 2034 2025 praecepta
2094 1942 2269 2007 uitae
2333 1943 2613 2027 agendae

317 2055 382 2117 et
426 2052 766 2135 praecepta
813 2048 984 2112 uitae
1033 2046 1504 2132 significandae.
1553 2048 1829 2131 exempli
1872 2048 2114 2131 gratia:
2164 2066 2303 2113 non
2352 2068 2613 2115 concu-

228 2176 287 2217 15
315 2158 574 2243 pisces
611 2157 1022 2241 praeceptum
1062 2156 1162 2219 est
1200 2154 1481 2238 agendae
1519 2154 1731 2230 uitae3
1782 2154 2286 2221 circumcides
2325 2175 2607 2222 omnem

315 2266 742 2330 masculum
792 2264 1068 2328 octauo
1116 2260 1238 2326 die
1282 2263 1692 2343 praeceptum
1750 2264 1851 2327 est
1905 2261 2357 2345 significandae
2414 2264 2606 2331 uitae.

317 2392 386 2436 ex
433 2371 554 2437 hac
603 2371 842 2453 quippe
886 2368 1184 2452 inperitia
1218 2367 1578 2433 Manichaei
1616 2370 1681 2433 et
1718 2388 1959 2446 omnes,
1999 2370 2230 2451 quibus
2269 2370 2610 2453 displicent

314 2479 567 2543 litterae
614 2476 854 2542 ueteris
900 2474 1292 2549 testamenti,
1332 2474 1636 2557 quicquid
1685 2474 1842 2540 deus
1886 2476 2220 2541 mandauit
2260 2478 2453 2561 priori
2499 2499 2607 2562 po-

315 2586 469 2669 pulo
519 2585 600 2650 ad
649 2583 1088 2650 celebrandam
1133 2583 1424 2646 umbram
1468 2582 1833 2647 futurorum
1880 2601 2003 2648 non
2048 2584 2497 2669 intellegentes
2544 2590 2610 2651 et

223 2710 284 2749 2⁰
316 2712 389 2758 ea
444 2691 633 2758 modo
692 2710 817 2756 non
875 2690 1202 2756 obseruari
1257 2689 1834 2755 animaduertentes
1892 2710 1963 2755 ex
2018 2710 2191 2757 more
2255 2692 2606 2776 praesentis

313 2798 621 2883 temporis
669 2798 783 2863 illa
827 2795 1316 2880 reprehendunt,
1366 2814 1526 2879 quae
1575 2796 1796 2879 utique
1840 2798 1940 2861 illi
1984 2800 2256 2883 tempori
2304 2819 2606 2883 congrue-

311 2907 489 2982 bant,
539 2924 666 2989 que
713 2905 859 2982 ista,
911 2923 1071 2986 quae
1118 2922 1286 2969 nunc
1331 2903 1740 2969 manifestata
1775 2908 1945 2979 sunt,
1986 2908 2255 2971 uentura
2292 2907 2603 2992 significa-

311 3015 548 3078 rentur.
619 3012 733 3078 sed
790 3011 944 3095 quid
1000 3011 1234 3076 dicturi
1290 3014 1442 3076 sunt
1495 3011 1805 3077 aduersus
1861 3014 2245 3096 apostolum,
2314 3016 2423 3098 qui
2477 3016 2604 3080 ait:

310 3120 498 3186 haec
545 3120 796 3185 omnia
843 3120 918 3183 in
965 3119 1220 3203 figura
1267 3118 1813 3203 contingebant
1857 3120 2051 3197 illis;
2104 3121 2393 3205 scripta
2430 3127 2607 3188 sunt

225 3240 282 3281 2⁶
312 3230 565 3291 autem
613 3229 930 3310 propter
973 3244 1129 3303 nos,
1169 3225 1240 3289 in
1282 3244 1470 3308 quos
1509 3227 1693 3292 finis
1733 3229 2213 3294 saeculorum
2252 3230 2603 3296 obuenit?

312 3352 460 3399 ecce
506 3334 647 3417 ipse
697 3333 964 3417 aperuit,
1015 3352 1128 3398 cur
1171 3333 1321 3397 illae
1367 3334 1623 3399 litterae
1669 3333 2061 3418 accipiantur
2098 3354 2135 3399 a
2170 3336 2353 3402 nobis
2392 3340 2459 3403 et
2495 3357 2609 3403 cur

309 3440 426 3505 illa
466 3460 680 3505 rerum
731 3440 917 3525 signa
960 3439 1088 3504 iam
1135 3459 1398 3505 necesse
1443 3460 1569 3506 non
1617 3441 1705 3507 sit
1749 3445 1824 3506 ut
1870 3442 2292 3507 obseruentur
2327 3463 2363 3508 a
2398 3446 2601 3511 nobis.

313 3564 460 3612 cum
507 3548 676 3612 enim
726 3548 916 3613 dicit:
977 3548 1267 3631 scripta
1322 3555 1500 3614 sunt
1553 3554 1863 3633 propter
1917 3568 2072 3621 nos,
2129 3551 2353 3634 procul
2409 3552 2601 3618 dubio

461 3739 521 3794 11
561 3736 660 3792 lib.
695 3738 801 3793 1111
838 3738 871 3791 2
1003 3741 1068 3793 14
1103 3740 1198 3795 Ex.
1239 3740 1324 3807 20,
1368 3741 1432 3795 17
1547 3742 1611 3795 15
1651 3740 1783 3799 Gen.
1828 3742 1908 3805 17,
1953 3743 2019 3797 10
2056 3759 2172 3812 sqq.
2310 3742 2379 3796 24
2416 3742 2444 3797 Ι
2482 3741 2600 3798 Cor.

312 3828 394 3891 10,
434 3828 483 3882 6.
525 3830 590 3882 11

383 3927 410 3977 1
451 3942 556 3995 que
601 3924 649 3980 C
811 3930 1066 3997 precepta
1111 3926 1160 3980 0
1263 3927 1298 3981 3
1335 3927 1451 3997 seu]
1490 3928 1606 3981 siue
1646 3928 1677 3981 b
1804 3930 1839 3980 4
1878 3928 1999 3997 quit
2033 3927 2086 3981 L
2213 3930 2245 3981 5
2285 3928 2465 3998 queris
2502 3928 2610 3982 LO

306 4014 340 4069 8
379 4014 594 4069 audisse
631 4015 686 4068 L
828 4022 1170 4086 preceptores
1214 4014 1263 4069 0
1369 4018 1401 4069 9
1445 4016 1581 4085 Gap.
1620 4016 1757 4072 XIII
1794 4015 2072 4071 LSMPG
2214 4016 2513 4087 Agustinus
2551 4018 2603 4070 L

307 4103 775 4173 quemammodum
796 4103 850 4158 L
962 4104 1026 4158 12
1055 4104 1388 4175 respondebo
1407 4106 1548 4175 Euy.
1572 4106 1674 4176 (ed.
1702 4105 1867 4159 Knoll
1877 4122 1923 4173 p
1944 4106 2069 4175 237)
2183 4106 2249 4159 13
2272 4109 2353 4174 (et
2374 4106 2460 4175 14)
2480 4124 2601 4177 pre-

309 4196 466 4262 cepta
490 4191 539 4246 0
669 4192 878 4264 agendo
904 4193 953 4247 G
1057 4196 1122 4249 16
1153 4194 1398 4248 octauab
1509 4196 1573 4248 17
1604 4195 1871 4249 manichei
1907 4195 1953 4249 C
2060 4196 2125 4249 19
2155 4194 2475 4250 celebranda
2507 4196 2608 4251 GS

307 4281 632 4337 celebranda
651 4282 684 4337 b
775 4282 846 4335 22
865 4282 1154 4337 manifesta
1174 4282 1344 4337 SMG
1435 4284 1504 4337 24
1523 4283 1578 4338 in
1597 4284 1712 4338 illis
1736 4282 1784 4337 0
1914 4283 2116 4338 scribta
2132 4283 2209 4336 M
2302 4284 2371 4338 25
2391 4284 2601 4339 finesL¹

307 4371 607 4425 seculorum
651 4372 700 4426 G
839 4370 1064 4427 aduenit
1107 4370 1171 4426 0¹
1281 4373 1350 4425 26
1388 4374 1503 4443 ipse
1539 4389 1643 4429 om.
1683 4372 1730 4427 S
1868 4372 1963 4427 ille
2000 4371 2109 4426 Lo
2246 4372 2429 4428 littere
2465 4372 2513 4428 G
