<?xml version="1.0" encoding="UTF-8"?>
<!DOCTYPE html PUBLIC "-//W3C//DTD XHTML 1.0 Transitional//EN"
    "http://www.w3.org/TR/xhtml1/DTD/xhtml1-transitional.dtd">
<html xmlns="http://www.w3.org/1999/xhtml" xml:lang="en" lang="en">
 <head>
  <title>
</title>
<meta http-equiv="Content-Type" content="text/html;charset=utf-8" />
  <meta name='ocr-system' content='tesseract 3.04.00' />
  <meta name='ocr-capabilities' content='ocr_page ocr_carea ocr_par ocr_line ocrx_word'/>
</head>
<body>
  <div class='ocr_page' id='page_1' title='image "./corpusscriptoru27wissgoog_0167.png"; bbox 0 0 3159 4984; ppageno 0'>
   <div class='ocr_carea' id='block_1_1' title="bbox 955 448 2600 507">
    <p class='ocr_par' dir='ltr' id='par_1_1' title="bbox 955 448 2600 507">
     <span class='ocr_line' id='line_1_1' title="bbox 955 448 2600 507; baseline -0.004 -4"><span class='ocrx_word' id='word_1_1' title='bbox 955 450 1086 503; x_wconf 91' lang='lat'>1111.</span> <span class='ocrx_word' id='word_1_2' title='bbox 1127 450 1168 503; x_wconf 90' lang='lat' dir='ltr'>C</span> <span class='ocrx_word' id='word_1_3' title='bbox 1198 466 1280 501; x_wconf 87' lang='lat' dir='ltr'>on</span> <span class='ocrx_word' id='word_1_4' title='bbox 1305 454 1424 501; x_wconf 85' lang='lat' dir='ltr'>tra</span> <span class='ocrx_word' id='word_1_5' title='bbox 1480 449 1989 501; x_wconf 71' lang='lat' dir='ltr'>Adimantum.</span> <span class='ocrx_word' id='word_1_6' title='bbox 2476 448 2600 507; x_wconf 66' lang='lat'>159</span> 
     </span>
    </p>
   </div>
   <div class='ocr_carea' id='block_1_2' title="bbox 236 641 2621 3616">
    <p class='ocr_par' dir='ltr' id='par_1_2' title="bbox 236 641 2621 3616">
     <span class='ocr_line' id='line_1_2' title="bbox 307 641 2601 726; baseline -0.001 -18"><span class='ocrx_word' id='word_1_7' title='bbox 307 649 408 708; x_wconf 91' lang='lat' dir='ltr'>tur</span> <span class='ocrx_word' id='word_1_8' title='bbox 451 665 486 708; x_wconf 88' lang='lat' dir='ltr'>a</span> <span class='ocrx_word' id='word_1_9' title='bbox 540 645 777 709; x_wconf 82' lang='lat' dir='ltr'>liberis,</span> <span class='ocrx_word' id='word_1_10' title='bbox 848 644 1148 726; x_wconf 85' lang='lat' dir='ltr'>quicquid</span> <span class='ocrx_word' id='word_1_11' title='bbox 1216 646 1381 707; x_wconf 89' lang='lat' dir='ltr'>enim</span> <span class='ocrx_word' id='word_1_12' title='bbox 1449 644 1727 706; x_wconf 84' lang='lat' dir='ltr'>futuram</span> <span class='ocrx_word' id='word_1_13' title='bbox 1794 644 2127 707; x_wconf 80' lang='lat' dir='ltr'>eeclesiam</span> <span class='ocrx_word' id='word_1_14' title='bbox 2197 641 2601 726; x_wconf 81' lang='lat' dir='ltr'>significauit.</span> 
     </span>
     <span class='ocr_line' id='line_1_3' title="bbox 307 748 2603 835; baseline -0.002 -21"><span class='ocrx_word' id='word_1_15' title='bbox 307 753 632 835; x_wconf 82' lang='lat' dir='ltr'>prophetia</span> <span class='ocrx_word' id='word_1_16' title='bbox 672 756 788 817; x_wconf 90' lang='lat' dir='ltr'>est.</span> <span class='ocrx_word' id='word_1_17' title='bbox 831 754 1024 817; x_wconf 87' lang='lat' dir='ltr'>habes</span> <span class='ocrx_word' id='word_1_18' title='bbox 1056 758 1266 815; x_wconf 86' lang='lat' dir='ltr'>autem</span> <span class='ocrx_word' id='word_1_19' title='bbox 1300 750 1566 817; x_wconf 88' lang='lat' dir='ltr'>eundem</span> <span class='ocrx_word' id='word_1_20' title='bbox 1602 750 1964 832; x_wconf 85' lang='lat' dir='ltr'>apostolum</span> <span class='ocrx_word' id='word_1_21' title='bbox 1996 749 2351 814; x_wconf 77' lang='lat' dir='ltr'>dicentem:</span> <span class='ocrx_word' id='word_1_22' title='bbox 2393 748 2603 830; x_wconf 86' lang='lat' dir='ltr'>spiri-</span> 
     </span>
     <span class='ocr_line' id='line_1_4' title="bbox 308 858 2600 941; baseline -0 -21"><span class='ocrx_word' id='word_1_23' title='bbox 308 862 460 922; x_wconf 87' lang='lat' dir='ltr'>tum</span> <span class='ocrx_word' id='word_1_24' title='bbox 525 860 764 923; x_wconf 89' lang='lat' dir='ltr'>nolite</span> <span class='ocrx_word' id='word_1_25' title='bbox 835 860 1302 941; x_wconf 72' lang='lat' dir='ltr'>extinguere.</span> <span class='ocrx_word' id='word_1_26' title='bbox 1354 858 1834 939; x_wconf 75' lang='lat' dir='ltr'>prophetiam</span> <span class='ocrx_word' id='word_1_27' title='bbox 1902 858 2142 922; x_wconf 86' lang='lat' dir='ltr'>nolite</span> <span class='ocrx_word' id='word_1_28' title='bbox 2212 874 2600 938; x_wconf 82' lang='lat' dir='ltr'>spernere:</span> 
     </span>
     <span class='ocr_line' id='line_1_5' title="bbox 311 964 2603 1049; baseline -0.003 -20"><span class='ocrx_word' id='word_1_29' title='bbox 311 966 556 1029; x_wconf 88' lang='lat' dir='ltr'>omnia</span> <span class='ocrx_word' id='word_1_30' title='bbox 602 968 861 1049; x_wconf 71' lang='lat' dir='ltr'>legite,</span> <span class='ocrx_word' id='word_1_31' title='bbox 913 986 1102 1048; x_wconf 88' lang='lat' dir='ltr'>quae</span> <span class='ocrx_word' id='word_1_32' title='bbox 1149 966 1342 1028; x_wconf 87' lang='lat' dir='ltr'>bona</span> <span class='ocrx_word' id='word_1_33' title='bbox 1392 968 1587 1029; x_wconf 88' lang='lat' dir='ltr'>sunt.</span> <span class='ocrx_word' id='word_1_34' title='bbox 1656 968 1930 1027; x_wconf 83' lang='lat' dir='ltr'>tenete.</span> <span class='ocrx_word' id='word_1_35' title='bbox 1990 964 2259 1045; x_wconf 79' lang='lat' dir='ltr'>legenda</span> <span class='ocrx_word' id='word_1_36' title='bbox 2308 966 2408 1025; x_wconf 88' lang='lat' dir='ltr'>est</span> <span class='ocrx_word' id='word_1_37' title='bbox 2455 980 2603 1041; x_wconf 68' lang='lat' dir='ltr'>ergo</span> 
     </span>
     <span class='ocr_line' id='line_1_6' title="bbox 254 1068 2608 1156; baseline -0.001 -23"><span class='ocrx_word' id='word_1_38' title='bbox 254 1096 276 1133; x_wconf 60' lang='grc' dir='ltr'>τ,</span> <span class='ocrx_word' id='word_1_39' title='bbox 309 1074 617 1156; x_wconf 84' lang='lat' dir='ltr'>scriptura</span> <span class='ocrx_word' id='word_1_40' title='bbox 663 1075 874 1137; x_wconf 87' lang='lat' dir='ltr'>diuina</span> <span class='ocrx_word' id='word_1_41' title='bbox 927 1080 990 1136; x_wconf 84' lang='lat' dir='ltr'>et</span> <span class='ocrx_word' id='word_1_42' title='bbox 1037 1074 1299 1155; x_wconf 83' lang='lat' dir='ltr'>spiritus</span> <span class='ocrx_word' id='word_1_43' title='bbox 1349 1073 1550 1137; x_wconf 84' lang='lat' dir='ltr'>sancti</span> <span class='ocrx_word' id='word_1_44' title='bbox 1603 1072 1993 1153; x_wconf 78' lang='lat' dir='ltr'>dispensatio</span> <span class='ocrx_word' id='word_1_45' title='bbox 2055 1068 2493 1153; x_wconf 82' lang='lat' dir='ltr'>cognoscenda</span> <span class='ocrx_word' id='word_1_46' title='bbox 2543 1077 2608 1137; x_wconf 79' lang='lat' dir='ltr'>et</span> 
     </span>
     <span class='ocr_line' id='line_1_7' title="bbox 306 1174 2605 1262; baseline -0.002 -21"><span class='ocrx_word' id='word_1_47' title='bbox 306 1179 608 1243; x_wconf 84' lang='lat' dir='ltr'>intuenda</span> <span class='ocrx_word' id='word_1_48' title='bbox 652 1181 1020 1262; x_wconf 79' lang='lat' dir='ltr'>prophetia:</span> <span class='ocrx_word' id='word_1_49' title='bbox 1091 1184 1153 1243; x_wconf 85' lang='lat' dir='ltr'>et</span> <span class='ocrx_word' id='word_1_50' title='bbox 1200 1179 1518 1242; x_wconf 83' lang='lat' dir='ltr'>reicienda</span> <span class='ocrx_word' id='word_1_51' title='bbox 1568 1178 1837 1242; x_wconf 84' lang='lat' dir='ltr'>carnalis</span> <span class='ocrx_word' id='word_1_52' title='bbox 1888 1178 2165 1241; x_wconf 84' lang='lat' dir='ltr'>seruitus</span> <span class='ocrx_word' id='word_1_53' title='bbox 2217 1180 2279 1239; x_wconf 86' lang='lat' dir='ltr'>et</span> <span class='ocrx_word' id='word_1_54' title='bbox 2326 1174 2605 1238; x_wconf 83' lang='lat' dir='ltr'>liberalis</span> 
     </span>
     <span class='ocr_line' id='line_1_8' title="bbox 305 1284 1129 1369; baseline 0 -22"><span class='ocrx_word' id='word_1_55' title='bbox 305 1284 742 1369; x_wconf 82' lang='lat' dir='ltr'>intellegentia</span> <span class='ocrx_word' id='word_1_56' title='bbox 776 1285 1129 1349; x_wconf 76' lang='lat' dir='ltr'>retinenda.</span> 
     </span>
     <span class='ocr_line' id='line_1_9' title="bbox 402 1388 2605 1472; baseline -0.003 -19"><span class='ocrx_word' id='word_1_57' title='bbox 402 1392 501 1454; x_wconf 83' lang='lat'>16.</span> <span class='ocrx_word' id='word_1_58' title='bbox 553 1392 645 1455; x_wconf 89' lang='lat' dir='ltr'>De</span> <span class='ocrx_word' id='word_1_59' title='bbox 712 1411 806 1467; x_wconf 78' lang='lat' dir='ltr'>eo,</span> <span class='ocrx_word' id='word_1_60' title='bbox 874 1391 1042 1472; x_wconf 82' lang='lat' dir='ltr'>quod</span> <span class='ocrx_word' id='word_1_61' title='bbox 1091 1391 1398 1472; x_wconf 84' lang='lat' dir='ltr'>scriptum</span> <span class='ocrx_word' id='word_1_62' title='bbox 1448 1394 1545 1453; x_wconf 87' lang='lat' dir='ltr'>est</span> <span class='ocrx_word' id='word_1_63' title='bbox 1592 1390 1654 1453; x_wconf 91' lang='lat' dir='ltr'>in</span> <span class='ocrx_word' id='word_1_64' title='bbox 1704 1390 2217 1453; x_wconf 86' lang='lat' dir='ltr'>deuteronomio:</span> <span class='ocrx_word' id='word_1_65' title='bbox 2288 1388 2605 1451; x_wconf 83' lang='lat' dir='ltr'>obserua</span> 
     </span>
     <span class='ocr_line' id='line_1_10' title="bbox 313 1494 2605 1577; baseline -0.003 -17"><span class='ocrx_word' id='word_1_66' title='bbox 313 1502 384 1560; x_wconf 88' lang='lat' dir='ltr'>et</span> <span class='ocrx_word' id='word_1_67' title='bbox 431 1498 841 1561; x_wconf 87' lang='lat' dir='ltr'>sanctifica</span> <span class='ocrx_word' id='word_1_68' title='bbox 891 1496 1106 1571; x_wconf 85' lang='lat' dir='ltr'>diem,</span> <span class='ocrx_word' id='word_1_69' title='bbox 1159 1516 1374 1577; x_wconf 81' lang='lat' dir='ltr'>quem</span> <span class='ocrx_word' id='word_1_70' title='bbox 1421 1496 1817 1577; x_wconf 86' lang='lat' dir='ltr'>praecepit</span> <span class='ocrx_word' id='word_1_71' title='bbox 1864 1495 2007 1558; x_wconf 90' lang='lat' dir='ltr'>tibi</span> <span class='ocrx_word' id='word_1_72' title='bbox 2058 1494 2423 1559; x_wconf 87' lang='lat' dir='ltr'>dominus.</span> <span class='ocrx_word' id='word_1_73' title='bbox 2476 1512 2605 1556; x_wconf 78' lang='lat' dir='ltr'>sex</span> 
     </span>
     <span class='ocr_line' id='line_1_11' title="bbox 236 1600 2603 1687; baseline -0.002 -21"><span class='ocrx_word' id='word_1_74' title='bbox 236 1630 279 1666; x_wconf 79' lang='grc' dir='ltr'>ιο</span> <span class='ocrx_word' id='word_1_75' title='bbox 313 1605 578 1668; x_wconf 84' lang='lat' dir='ltr'>diebus</span> <span class='ocrx_word' id='word_1_76' title='bbox 625 1604 1014 1669; x_wconf 81' lang='lat' dir='ltr'>laborabis</span> <span class='ocrx_word' id='word_1_77' title='bbox 1064 1608 1138 1667; x_wconf 92' lang='lat' dir='ltr'>et</span> <span class='ocrx_word' id='word_1_78' title='bbox 1185 1604 1425 1668; x_wconf 85' lang='lat' dir='ltr'>facies</span> <span class='ocrx_word' id='word_1_79' title='bbox 1475 1624 1685 1668; x_wconf 91' lang='lat' dir='ltr'>omne</span> <span class='ocrx_word' id='word_1_80' title='bbox 1736 1622 1919 1685; x_wconf 86' lang='lat' dir='ltr'>opus</span> <span class='ocrx_word' id='word_1_81' title='bbox 1968 1605 2217 1687; x_wconf 83' lang='lat' dir='ltr'>tuum:</span> <span class='ocrx_word' id='word_1_82' title='bbox 2279 1600 2603 1682; x_wconf 84' lang='lat' dir='ltr'>septima</span> 
     </span>
     <span class='ocr_line' id='line_1_12' title="bbox 312 1706 2601 1794; baseline -0.003 -18"><span class='ocrx_word' id='word_1_83' title='bbox 312 1731 486 1776; x_wconf 87' lang='lat' dir='ltr'>uero</span> <span class='ocrx_word' id='word_1_84' title='bbox 537 1712 654 1775; x_wconf 88' lang='lat' dir='ltr'>die</span> <span class='ocrx_word' id='word_1_85' title='bbox 705 1712 1008 1776; x_wconf 85' lang='lat' dir='ltr'>sabbati</span> <span class='ocrx_word' id='word_1_86' title='bbox 1058 1712 1364 1794; x_wconf 77' lang='lat' dir='ltr'>epulare</span> <span class='ocrx_word' id='word_1_87' title='bbox 1428 1710 1723 1775; x_wconf 87' lang='lat' dir='ltr'>domino</span> <span class='ocrx_word' id='word_1_88' title='bbox 1792 1711 1925 1775; x_wconf 88' lang='lat' dir='ltr'>deo</span> <span class='ocrx_word' id='word_1_89' title='bbox 1974 1714 2103 1774; x_wconf 91' lang='lat' dir='ltr'>tuo</span> <span class='ocrx_word' id='word_1_90' title='bbox 2162 1708 2455 1772; x_wconf 88' lang='lat' dir='ltr'>nullum</span> <span class='ocrx_word' id='word_1_91' title='bbox 2506 1706 2601 1769; x_wconf 83' lang='lat' dir='ltr'>fa-</span> 
     </span>
     <span class='ocr_line' id='line_1_13' title="bbox 315 1816 2602 1901; baseline -0.003 -18"><span class='ocrx_word' id='word_1_92' title='bbox 315 1821 518 1883; x_wconf 85' lang='lat' dir='ltr'>ciens</span> <span class='ocrx_word' id='word_1_93' title='bbox 587 1839 774 1901; x_wconf 84' lang='lat' dir='ltr'>opus</span> <span class='ocrx_word' id='word_1_94' title='bbox 842 1821 1002 1900; x_wconf 80' lang='lat' dir='ltr'>ipse</span> <span class='ocrx_word' id='word_1_95' title='bbox 1071 1822 1150 1881; x_wconf 89' lang='lat' dir='ltr'>tu</span> <span class='ocrx_word' id='word_1_96' title='bbox 1219 1823 1348 1881; x_wconf 86' lang='lat' dir='ltr'>aut</span> <span class='ocrx_word' id='word_1_97' title='bbox 1411 1819 1632 1882; x_wconf 85' lang='lat' dir='ltr'>filius</span> <span class='ocrx_word' id='word_1_98' title='bbox 1681 1823 1859 1881; x_wconf 91' lang='lat' dir='ltr'>tuus</span> <span class='ocrx_word' id='word_1_99' title='bbox 1910 1821 2038 1881; x_wconf 80' lang='lat' dir='ltr'>aut</span> <span class='ocrx_word' id='word_1_100' title='bbox 2085 1816 2253 1879; x_wconf 88' lang='lat' dir='ltr'>filia</span> <span class='ocrx_word' id='word_1_101' title='bbox 2299 1820 2429 1878; x_wconf 87' lang='lat' dir='ltr'>tua</span> <span class='ocrx_word' id='word_1_102' title='bbox 2476 1818 2602 1876; x_wconf 83' lang='lat' dir='ltr'>aut</span> 
     </span>
     <span class='ocr_line' id='line_1_14' title="bbox 313 1924 2603 2009; baseline -0.003 -19"><span class='ocrx_word' id='word_1_103' title='bbox 313 1946 495 2009; x_wconf 88' lang='lat' dir='ltr'>puer</span> <span class='ocrx_word' id='word_1_104' title='bbox 541 1932 720 1991; x_wconf 83' lang='lat' dir='ltr'>tuus</span> <span class='ocrx_word' id='word_1_105' title='bbox 772 1932 901 1989; x_wconf 87' lang='lat' dir='ltr'>aut</span> <span class='ocrx_word' id='word_1_106' title='bbox 947 1926 1210 2008; x_wconf 86' lang='lat' dir='ltr'>puella</span> <span class='ocrx_word' id='word_1_107' title='bbox 1257 1927 1402 1996; x_wconf 83' lang='lat' dir='ltr'>tua,</span> <span class='ocrx_word' id='word_1_108' title='bbox 1453 1926 1587 1989; x_wconf 89' lang='lat' dir='ltr'>bos</span> <span class='ocrx_word' id='word_1_109' title='bbox 1654 1929 1830 1989; x_wconf 89' lang='lat' dir='ltr'>tuus</span> <span class='ocrx_word' id='word_1_110' title='bbox 1882 1929 1953 1988; x_wconf 91' lang='lat' dir='ltr'>et</span> <span class='ocrx_word' id='word_1_111' title='bbox 2000 1924 2256 1987; x_wconf 86' lang='lat' dir='ltr'>asinus</span> <span class='ocrx_word' id='word_1_112' title='bbox 2304 1926 2482 1985; x_wconf 88' lang='lat' dir='ltr'>tuus</span> <span class='ocrx_word' id='word_1_113' title='bbox 2532 1924 2603 1983; x_wconf 87' lang='lat' dir='ltr'>et</span> 
     </span>
     <span class='ocr_line' id='line_1_15' title="bbox 315 2029 2603 2110; baseline -0.002 -15"><span class='ocrx_word' id='word_1_114' title='bbox 315 2034 559 2097; x_wconf 85' lang='lat' dir='ltr'>omnia</span> <span class='ocrx_word' id='word_1_115' title='bbox 604 2035 938 2097; x_wconf 87' lang='lat' dir='ltr'>iumenta</span> <span class='ocrx_word' id='word_1_116' title='bbox 985 2036 1115 2095; x_wconf 88' lang='lat' dir='ltr'>tua</span> <span class='ocrx_word' id='word_1_117' title='bbox 1166 2036 1243 2095; x_wconf 89' lang='lat' dir='ltr'>et</span> <span class='ocrx_word' id='word_1_118' title='bbox 1290 2032 1607 2096; x_wconf 87' lang='lat' dir='ltr'>colonus</span> <span class='ocrx_word' id='word_1_119' title='bbox 1655 2035 1854 2095; x_wconf 79' lang='lat' dir='ltr'>tuus,</span> <span class='ocrx_word' id='word_1_120' title='bbox 1906 2032 2015 2095; x_wconf 89' lang='lat' dir='ltr'>sic</span> <span class='ocrx_word' id='word_1_121' title='bbox 2064 2034 2313 2093; x_wconf 87' lang='lat' dir='ltr'>autem</span> <span class='ocrx_word' id='word_1_122' title='bbox 2363 2029 2603 2110; x_wconf 87' lang='lat' dir='ltr'>quies-</span> 
     </span>
     <span class='ocr_line' id='line_1_16' title="bbox 237 2138 2603 2220; baseline -0.003 -17"><span class='ocrx_word' id='word_1_123' title='bbox 237 2164 277 2203; x_wconf 80' lang='lat'>15</span> <span class='ocrx_word' id='word_1_124' title='bbox 317 2146 434 2203; x_wconf 87' lang='lat' dir='ltr'>cat</span> <span class='ocrx_word' id='word_1_125' title='bbox 481 2160 752 2205; x_wconf 82' lang='lat' dir='ltr'>seruus</span> <span class='ocrx_word' id='word_1_126' title='bbox 799 2144 978 2203; x_wconf 83' lang='lat' dir='ltr'>tuus</span> <span class='ocrx_word' id='word_1_127' title='bbox 1029 2144 1101 2203; x_wconf 88' lang='lat' dir='ltr'>et</span> <span class='ocrx_word' id='word_1_128' title='bbox 1167 2139 1450 2203; x_wconf 86' lang='lat' dir='ltr'>ancilla</span> <span class='ocrx_word' id='word_1_129' title='bbox 1517 2142 1649 2202; x_wconf 89' lang='lat' dir='ltr'>tua</span> <span class='ocrx_word' id='word_1_130' title='bbox 1713 2138 2333 2220; x_wconf 85' lang='lat' dir='ltr'>quemadmodum</span> <span class='ocrx_word' id='word_1_131' title='bbox 2385 2140 2457 2199; x_wconf 83' lang='lat' dir='ltr'>et</span> <span class='ocrx_word' id='word_1_132' title='bbox 2504 2140 2603 2214; x_wconf 81' lang='lat' dir='ltr'>tu.</span> 
     </span>
     <span class='ocr_line' id='line_1_17' title="bbox 317 2242 2608 2330; baseline -0.002 -21"><span class='ocrx_word' id='word_1_133' title='bbox 317 2252 706 2313; x_wconf 87' lang='lat' dir='ltr'>memento.</span> <span class='ocrx_word' id='word_1_134' title='bbox 759 2248 1104 2330; x_wconf 88' lang='lat' dir='ltr'>quoniam</span> <span class='ocrx_word' id='word_1_135' title='bbox 1175 2266 1441 2311; x_wconf 87' lang='lat' dir='ltr'>seruus</span> <span class='ocrx_word' id='word_1_136' title='bbox 1509 2246 1732 2311; x_wconf 88' lang='lat' dir='ltr'>fuisti</span> <span class='ocrx_word' id='word_1_137' title='bbox 1777 2247 1848 2309; x_wconf 90' lang='lat' dir='ltr'>in</span> <span class='ocrx_word' id='word_1_138' title='bbox 1896 2246 2238 2328; x_wconf 85' lang='lat' dir='ltr'>Aegypto</span> <span class='ocrx_word' id='word_1_139' title='bbox 2290 2248 2361 2307; x_wconf 90' lang='lat' dir='ltr'>et</span> <span class='ocrx_word' id='word_1_140' title='bbox 2409 2242 2608 2306; x_wconf 87' lang='lat' dir='ltr'>eruit</span> 
     </span>
     <span class='ocr_line' id='line_1_18' title="bbox 317 2349 2605 2435; baseline -0.002 -20"><span class='ocrx_word' id='word_1_141' title='bbox 317 2357 385 2416; x_wconf 84' lang='lat' dir='ltr'>te</span> <span class='ocrx_word' id='word_1_142' title='bbox 453 2354 801 2418; x_wconf 85' lang='lat' dir='ltr'>dominus</span> <span class='ocrx_word' id='word_1_143' title='bbox 871 2354 1054 2417; x_wconf 87' lang='lat' dir='ltr'>deus</span> <span class='ocrx_word' id='word_1_144' title='bbox 1123 2356 1299 2416; x_wconf 82' lang='lat' dir='ltr'>tuus</span> <span class='ocrx_word' id='word_1_145' title='bbox 1365 2353 1436 2415; x_wconf 91' lang='lat' dir='ltr'>in</span> <span class='ocrx_word' id='word_1_146' title='bbox 1505 2372 1725 2415; x_wconf 89' lang='lat' dir='ltr'>manu</span> <span class='ocrx_word' id='word_1_147' title='bbox 1790 2352 2085 2435; x_wconf 90' lang='lat' dir='ltr'>potenti</span> <span class='ocrx_word' id='word_1_148' title='bbox 2154 2354 2226 2415; x_wconf 87' lang='lat' dir='ltr'>et</span> <span class='ocrx_word' id='word_1_149' title='bbox 2298 2349 2605 2413; x_wconf 88' lang='lat' dir='ltr'>brachio</span> 
     </span>
     <span class='ocr_line' id='line_1_19' title="bbox 320 2456 2605 2543; baseline -0.002 -20"><span class='ocrx_word' id='word_1_150' title='bbox 320 2462 638 2527; x_wconf 82' lang='lat' dir='ltr'>excelso,</span> <span class='ocrx_word' id='word_1_151' title='bbox 716 2461 1003 2525; x_wconf 90' lang='lat' dir='ltr'>idcirco</span> <span class='ocrx_word' id='word_1_152' title='bbox 1079 2460 1480 2543; x_wconf 84' lang='lat' dir='ltr'>praecepit</span> <span class='ocrx_word' id='word_1_153' title='bbox 1555 2460 1701 2523; x_wconf 90' lang='lat' dir='ltr'>tibi</span> <span class='ocrx_word' id='word_1_154' title='bbox 1784 2459 2130 2523; x_wconf 88' lang='lat' dir='ltr'>dominus</span> <span class='ocrx_word' id='word_1_155' title='bbox 2216 2456 2605 2523; x_wconf 83' lang='lat' dir='ltr'>custodire</span> 
     </span>
     <span class='ocr_line' id='line_1_20' title="bbox 320 2564 2609 2651; baseline -0.003 -20"><span class='ocrx_word' id='word_1_156' title='bbox 320 2568 514 2631; x_wconf 77' lang='lat' dir='ltr'>diem</span> <span class='ocrx_word' id='word_1_157' title='bbox 585 2568 1007 2651; x_wconf 87' lang='lat' dir='ltr'>septimum.</span> <span class='ocrx_word' id='word_1_158' title='bbox 1060 2571 1122 2630; x_wconf 82' lang='lat' dir='ltr'>et</span> <span class='ocrx_word' id='word_1_159' title='bbox 1168 2567 1398 2629; x_wconf 82' lang='lat' dir='ltr'>iterum</span> <span class='ocrx_word' id='word_1_160' title='bbox 1448 2566 1508 2629; x_wconf 90' lang='lat' dir='ltr'>in</span> <span class='ocrx_word' id='word_1_161' title='bbox 1581 2564 1795 2649; x_wconf 81' lang='lat' dir='ltr'>genesi</span> <span class='ocrx_word' id='word_1_162' title='bbox 1869 2565 2175 2649; x_wconf 83' lang='lat' dir='ltr'>scriptum</span> <span class='ocrx_word' id='word_1_163' title='bbox 2229 2568 2345 2639; x_wconf 82' lang='lat' dir='ltr'>est,</span> <span class='ocrx_word' id='word_1_164' title='bbox 2396 2583 2609 2645; x_wconf 88' lang='lat' dir='ltr'>quem-</span> 
     </span>
     <span class='ocr_line' id='line_1_21' title="bbox 237 2674 2609 2756; baseline -0.003 -19"><span class='ocrx_word' id='word_1_165' title='bbox 237 2699 283 2737; x_wconf 63' lang='grc' dir='ltr'>ιο</span> <span class='ocrx_word' id='word_1_166' title='bbox 319 2675 654 2739; x_wconf 84' lang='lat' dir='ltr'>admodum</span> <span class='ocrx_word' id='word_1_167' title='bbox 707 2676 975 2739; x_wconf 82' lang='lat' dir='ltr'>Abrahae</span> <span class='ocrx_word' id='word_1_168' title='bbox 1026 2676 1100 2739; x_wconf 91' lang='lat' dir='ltr'>de</span> <span class='ocrx_word' id='word_1_169' title='bbox 1153 2675 1633 2739; x_wconf 81' lang='lat' dir='ltr'>circumcisione</span> <span class='ocrx_word' id='word_1_170' title='bbox 1678 2674 1997 2756; x_wconf 84' lang='lat' dir='ltr'>loquitur:</span> <span class='ocrx_word' id='word_1_171' title='bbox 2056 2674 2609 2735; x_wconf 85' lang='lat' dir='ltr'>testamentum</span> 
     </span>
     <span class='ocr_line' id='line_1_22' title="bbox 319 2778 2609 2864; baseline -0.003 -19"><span class='ocrx_word' id='word_1_172' title='bbox 319 2802 555 2845; x_wconf 84' lang='lat' dir='ltr'>meum</span> <span class='ocrx_word' id='word_1_173' title='bbox 626 2782 948 2849; x_wconf 85' lang='lat' dir='ltr'>custodi.</span> <span class='ocrx_word' id='word_1_174' title='bbox 1013 2782 1241 2864; x_wconf 82' lang='lat' dir='ltr'>inquit,</span> <span class='ocrx_word' id='word_1_175' title='bbox 1307 2785 1396 2845; x_wconf 91' lang='lat' dir='ltr'>tu</span> <span class='ocrx_word' id='word_1_176' title='bbox 1463 2785 1535 2843; x_wconf 87' lang='lat' dir='ltr'>et</span> <span class='ocrx_word' id='word_1_177' title='bbox 1602 2800 1857 2845; x_wconf 87' lang='lat' dir='ltr'>semen</span> <span class='ocrx_word' id='word_1_178' title='bbox 1924 2783 2155 2853; x_wconf 85' lang='lat' dir='ltr'>tuum,</span> <span class='ocrx_word' id='word_1_179' title='bbox 2206 2778 2399 2860; x_wconf 82' lang='lat' dir='ltr'>quod.</span> <span class='ocrx_word' id='word_1_180' title='bbox 2468 2778 2609 2839; x_wconf 81' lang='lat' dir='ltr'>erit</span> 
     </span>
     <span class='ocr_line' id='line_1_23' title="bbox 320 2882 2612 2971; baseline -0.003 -18"><span class='ocrx_word' id='word_1_181' title='bbox 320 2895 493 2971; x_wconf 85' lang='lat' dir='ltr'>post</span> <span class='ocrx_word' id='word_1_182' title='bbox 555 2895 647 2953; x_wconf 90' lang='lat' dir='ltr'>te.</span> <span class='ocrx_word' id='word_1_183' title='bbox 718 2890 855 2954; x_wconf 88' lang='lat' dir='ltr'>hoc</span> <span class='ocrx_word' id='word_1_184' title='bbox 924 2892 1040 2952; x_wconf 87' lang='lat' dir='ltr'>est</span> <span class='ocrx_word' id='word_1_185' title='bbox 1103 2892 1653 2951; x_wconf 86' lang='lat' dir='ltr'>testamentum</span> <span class='ocrx_word' id='word_1_186' title='bbox 1700 2906 1961 2951; x_wconf 88' lang='lat' dir='ltr'>meum.</span> <span class='ocrx_word' id='word_1_187' title='bbox 2014 2884 2209 2967; x_wconf 89' lang='lat' dir='ltr'>quod</span> <span class='ocrx_word' id='word_1_188' title='bbox 2258 2882 2612 2947; x_wconf 87' lang='lat' dir='ltr'>seruabis</span> 
     </span>
     <span class='ocr_line' id='line_1_24' title="bbox 323 2990 2614 3067; baseline -0.004 -7"><span class='ocrx_word' id='word_1_189' title='bbox 323 2999 520 3061; x_wconf 83' lang='lat' dir='ltr'>inter</span> <span class='ocrx_word' id='word_1_190' title='bbox 567 3018 675 3060; x_wconf 84' lang='lat' dir='ltr'>me</span> <span class='ocrx_word' id='word_1_191' title='bbox 725 3001 798 3060; x_wconf 90' lang='lat' dir='ltr'>et</span> <span class='ocrx_word' id='word_1_192' title='bbox 844 2999 916 3059; x_wconf 88' lang='lat' dir='ltr'>te</span> <span class='ocrx_word' id='word_1_193' title='bbox 967 2997 1039 3058; x_wconf 87' lang='lat' dir='ltr'>et</span> <span class='ocrx_word' id='word_1_194' title='bbox 1086 3014 1336 3059; x_wconf 88' lang='lat' dir='ltr'>semen</span> <span class='ocrx_word' id='word_1_195' title='bbox 1375 2999 1625 3067; x_wconf 86' lang='lat' dir='ltr'>tuum;</span> <span class='ocrx_word' id='word_1_196' title='bbox 1680 3013 1886 3057; x_wconf 87' lang='lat' dir='ltr'>omne</span> <span class='ocrx_word' id='word_1_197' title='bbox 1934 2990 2435 3056; x_wconf 86' lang='lat' dir='ltr'>masculinum</span> <span class='ocrx_word' id='word_1_198' title='bbox 2484 2990 2614 3054; x_wconf 90' lang='lat' dir='ltr'>cir-</span> 
     </span>
     <span class='ocr_line' id='line_1_25' title="bbox 325 3097 2614 3183; baseline -0.003 -16"><span class='ocrx_word' id='word_1_199' title='bbox 325 3104 707 3168; x_wconf 85' lang='lat' dir='ltr'>cumcides</span> <span class='ocrx_word' id='word_1_200' title='bbox 754 3106 824 3168; x_wconf 92' lang='lat' dir='ltr'>in</span> <span class='ocrx_word' id='word_1_201' title='bbox 877 3121 1094 3169; x_wconf 88' lang='lat' dir='ltr'>carne</span> <span class='ocrx_word' id='word_1_202' title='bbox 1142 3101 1526 3183; x_wconf 86' lang='lat' dir='ltr'>praeputii</span> <span class='ocrx_word' id='word_1_203' title='bbox 1576 3101 1953 3183; x_wconf 87' lang='lat' dir='ltr'>ipsorum:</span> <span class='ocrx_word' id='word_1_204' title='bbox 2016 3102 2088 3162; x_wconf 87' lang='lat' dir='ltr'>et</span> <span class='ocrx_word' id='word_1_205' title='bbox 2137 3100 2241 3163; x_wconf 89' lang='lat' dir='ltr'>sit</span> <span class='ocrx_word' id='word_1_206' title='bbox 2286 3098 2425 3163; x_wconf 89' lang='lat' dir='ltr'>hoc</span> <span class='ocrx_word' id='word_1_207' title='bbox 2474 3097 2614 3179; x_wconf 87' lang='lat' dir='ltr'>sig-</span> 
     </span>
     <span class='ocr_line' id='line_1_26' title="bbox 252 3204 2612 3277; baseline -0.003 -2"><span class='ocrx_word' id='word_1_208' title='bbox 252 3231 299 3269; x_wconf 76' lang='lat'>25</span> <span class='ocrx_word' id='word_1_209' title='bbox 329 3233 494 3276; x_wconf 87' lang='lat' dir='ltr'>num</span> <span class='ocrx_word' id='word_1_210' title='bbox 562 3212 1007 3277; x_wconf 88' lang='lat' dir='ltr'>testamenti</span> <span class='ocrx_word' id='word_1_211' title='bbox 1071 3212 1271 3275; x_wconf 88' lang='lat' dir='ltr'>inter</span> <span class='ocrx_word' id='word_1_212' title='bbox 1336 3231 1445 3274; x_wconf 88' lang='lat' dir='ltr'>me</span> <span class='ocrx_word' id='word_1_213' title='bbox 1514 3214 1587 3273; x_wconf 86' lang='lat' dir='ltr'>et</span> <span class='ocrx_word' id='word_1_214' title='bbox 1653 3228 1806 3274; x_wconf 81' lang='lat' dir='ltr'>uos,</span> <span class='ocrx_word' id='word_1_215' title='bbox 1876 3212 2148 3272; x_wconf 84' lang='lat' dir='ltr'>octaua</span> <span class='ocrx_word' id='word_1_216' title='bbox 2196 3209 2440 3269; x_wconf 83' lang='lat' dir='ltr'>autem</span> <span class='ocrx_word' id='word_1_217' title='bbox 2492 3204 2612 3267; x_wconf 85' lang='lat' dir='ltr'>die</span> 
     </span>
     <span class='ocr_line' id='line_1_27' title="bbox 330 3313 2619 3397; baseline -0.005 -14"><span class='ocrx_word' id='word_1_218' title='bbox 330 3320 898 3385; x_wconf 85' lang='lat' dir='ltr'>circumcidetis</span> <span class='ocrx_word' id='word_1_219' title='bbox 977 3338 1227 3383; x_wconf 88' lang='lat' dir='ltr'>omnes</span> <span class='ocrx_word' id='word_1_220' title='bbox 1303 3316 1682 3381; x_wconf 87' lang='lat' dir='ltr'>masculos</span> <span class='ocrx_word' id='word_1_221' title='bbox 1748 3315 1818 3377; x_wconf 92' lang='lat' dir='ltr'>in</span> <span class='ocrx_word' id='word_1_222' title='bbox 1889 3316 2111 3397; x_wconf 85' lang='lat' dir='ltr'>gente</span> <span class='ocrx_word' id='word_1_223' title='bbox 2178 3314 2456 3387; x_wconf 81' lang='lat' dir='ltr'>uestra,</span> <span class='ocrx_word' id='word_1_224' title='bbox 2536 3313 2619 3373; x_wconf 91' lang='lat' dir='ltr'>ut</span> 
     </span>
     <span class='ocr_line' id='line_1_28' title="bbox 332 3418 2617 3505; baseline -0.005 -14"><span class='ocrx_word' id='word_1_225' title='bbox 332 3428 558 3491; x_wconf 88' lang='lat' dir='ltr'>etiam</span> <span class='ocrx_word' id='word_1_226' title='bbox 600 3427 1066 3491; x_wconf 89' lang='lat' dir='ltr'>dominatum</span> <span class='ocrx_word' id='word_1_227' title='bbox 1117 3431 1190 3488; x_wconf 89' lang='lat' dir='ltr'>et</span> <span class='ocrx_word' id='word_1_228' title='bbox 1249 3426 1764 3505; x_wconf 85' lang='lat' dir='ltr'>comparatum</span> <span class='ocrx_word' id='word_1_229' title='bbox 1806 3418 2379 3484; x_wconf 84' lang='lat' dir='ltr'>circumcidatis</span> <span class='ocrx_word' id='word_1_230' title='bbox 2418 3436 2617 3500; x_wconf 88' lang='lat' dir='ltr'>prae-</span> 
     </span>
     <span class='ocr_line' id='line_1_29' title="bbox 332 3524 2621 3616; baseline -0.005 -19"><span class='ocrx_word' id='word_1_231' title='bbox 332 3537 448 3598; x_wconf 88' lang='lat' dir='ltr'>ter</span> <span class='ocrx_word' id='word_1_232' title='bbox 509 3535 1046 3616; x_wconf 85' lang='lat' dir='ltr'>alienigenam:</span> <span class='ocrx_word' id='word_1_233' title='bbox 1117 3535 1189 3596; x_wconf 90' lang='lat' dir='ltr'>et</span> <span class='ocrx_word' id='word_1_234' title='bbox 1257 3532 1391 3595; x_wconf 88' lang='lat' dir='ltr'>hoc</span> <span class='ocrx_word' id='word_1_235' title='bbox 1461 3531 1579 3593; x_wconf 80' lang='lat' dir='ltr'>erit</span> <span class='ocrx_word' id='word_1_236' title='bbox 1646 3529 2188 3592; x_wconf 82' lang='lat' dir='ltr'>testamentum</span> <span class='ocrx_word' id='word_1_237' title='bbox 2256 3524 2327 3587; x_wconf 90' lang='lat' dir='ltr'>in</span> <span class='ocrx_word' id='word_1_238' title='bbox 2399 3527 2621 3605; x_wconf 87' lang='lat' dir='ltr'>gente</span> 
     </span>
    </p>
   </div>
   <div class='ocr_carea' id='block_1_3' title="bbox 515 3760 2623 3837">
    <p class='ocr_par' dir='ltr' id='par_1_3' title="bbox 515 3760 2623 3837">
     <span class='ocr_line' id='line_1_30' title="bbox 515 3760 2623 3837; baseline -0.005 -15"><span class='ocrx_word' id='word_1_239' title='bbox 515 3771 546 3822; x_wconf 80' lang='lat'><strong>2</strong></span> <span class='ocrx_word' id='word_1_240' title='bbox 585 3770 610 3822; x_wconf 93' lang='grc' dir='ltr'>Ι</span> <span class='ocrx_word' id='word_1_241' title='bbox 650 3770 834 3823; x_wconf 79' lang='lat' dir='ltr'>Thess,</span> <span class='ocrx_word' id='word_1_242' title='bbox 878 3773 926 3828; x_wconf 83' lang='lat'>5,</span> <span class='ocrx_word' id='word_1_243' title='bbox 971 3770 1034 3820; x_wconf 89' lang='lat'>19</span> <span class='ocrx_word' id='word_1_244' title='bbox 1074 3786 1189 3837; x_wconf 87' lang='lat' dir='ltr'>sqq.</span> <span class='ocrx_word' id='word_1_245' title='bbox 1303 3770 1334 3816; x_wconf 64' lang='lat'>&gt;3</span> <span class='ocrx_word' id='word_1_246' title='bbox 1371 3766 1534 3819; x_wconf 81' lang='lat' dir='ltr'>Dent.</span> <span class='ocrx_word' id='word_1_247' title='bbox 1575 3766 1624 3827; x_wconf 82' lang='lat'>5,</span> <span class='ocrx_word' id='word_1_248' title='bbox 1667 3764 1731 3817; x_wconf 88' lang='grc'>12</span> <span class='ocrx_word' id='word_1_249' title='bbox 1772 3780 1887 3832; x_wconf 86' lang='lat' dir='ltr'>sqq.</span> <span class='ocrx_word' id='word_1_250' title='bbox 2027 3762 2097 3814; x_wconf 78' lang='lat'>:20</span> <span class='ocrx_word' id='word_1_251' title='bbox 2136 3760 2268 3813; x_wconf 75' lang='lat' dir='ltr'>Gen.</span> <span class='ocrx_word' id='word_1_252' title='bbox 2311 3760 2392 3813; x_wconf 89' lang='lat'>17.</span> <span class='ocrx_word' id='word_1_253' title='bbox 2435 3761 2465 3811; x_wconf 90' lang='lat'>9</span> <span class='ocrx_word' id='word_1_254' title='bbox 2506 3777 2623 3827; x_wconf 83' lang='lat' dir='ltr'>sqq.</span> 
     </span>
    </p>
   </div>
   <div class='ocr_carea' id='block_1_4' title="bbox 340 3897 2633 4151">
    <p class='ocr_par' dir='ltr' id='par_1_4' title="bbox 340 3897 2633 4151">
     <span class='ocr_line' id='line_1_31' title="bbox 409 3897 2626 3980; baseline -0.007 -17"><span class='ocrx_word' id='word_1_255' title='bbox 409 3912 440 3963; x_wconf 86' lang='lat'><strong>2</strong></span> <span class='ocrx_word' id='word_1_256' title='bbox 481 3910 770 3980; x_wconf 76' lang='lat' dir='ltr'>prophecia</span> <span class='ocrx_word' id='word_1_257' title='bbox 815 3909 860 3961; x_wconf 80' lang='lat'><em>0</em></span> <span class='ocrx_word' id='word_1_258' title='bbox 1029 3907 1410 3960; x_wconf 84' lang='lat' dir='ltr'>dicentemtem</span> <span class='ocrx_word' id='word_1_259' title='bbox 1463 3906 1512 3958; x_wconf 89' lang='lat' dir='ltr'><strong><em>V</em></strong></span> <span class='ocrx_word' id='word_1_260' title='bbox 1617 3906 1647 3957; x_wconf 84' lang='lat'><strong>3</strong></span> <span class='ocrx_word' id='word_1_261' title='bbox 1688 3904 2022 3973; x_wconf 79' lang='lat' dir='ltr'>extinguere]</span> <span class='ocrx_word' id='word_1_262' title='bbox 2052 3917 2300 3971; x_wconf 77' lang='lat' dir='ltr'>spernere</span> <span class='ocrx_word' id='word_1_263' title='bbox 2335 3899 2445 3950; x_wconf 79' lang='lat' dir='ltr'>(r&#39;T</span> <span class='ocrx_word' id='word_1_264' title='bbox 2451 3898 2533 3950; x_wconf 56' lang='grc' dir='ltr'>(λδ</span> <span class='ocrx_word' id='word_1_265' title='bbox 2545 3897 2626 3949; x_wconf 84' lang='lat' dir='ltr'>Vb</span> 
     </span>
     <span class='ocr_line' id='line_1_32' title="bbox 340 3986 2633 4070; baseline -0.006 -18"><span class='ocrx_word' id='word_1_266' title='bbox 340 4000 610 4070; x_wconf 85' lang='lat' dir='ltr'>spernere]</span> <span class='ocrx_word' id='word_1_267' title='bbox 647 4000 956 4069; x_wconf 79' lang='lat' dir='ltr'>extinguere</span> <span class='ocrx_word' id='word_1_268' title='bbox 1014 3996 1307 4050; x_wconf 69' lang='lat' dir='ltr'><strong><em>GTCSVb</em></strong></span> <span class='ocrx_word' id='word_1_269' title='bbox 1543 3995 1575 4048; x_wconf 90' lang='grc'>9</span> <span class='ocrx_word' id='word_1_270' title='bbox 1625 3993 1732 4063; x_wconf 84' lang='lat' dir='ltr'>sex]</span> <span class='ocrx_word' id='word_1_271' title='bbox 1784 3991 1879 4045; x_wconf 86' lang='lat' dir='ltr'>sed</span> <span class='ocrx_word' id='word_1_272' title='bbox 1924 3992 1971 4044; x_wconf 80' lang='lat' dir='ltr'><em>G</em></span> <span class='ocrx_word' id='word_1_273' title='bbox 2182 3990 2245 4043; x_wconf 89' lang='lat'>11</span> <span class='ocrx_word' id='word_1_274' title='bbox 2290 3988 2388 4041; x_wconf 81' lang='lat' dir='ltr'>deo</span> <span class='ocrx_word' id='word_1_275' title='bbox 2428 4004 2528 4040; x_wconf 87' lang='lat' dir='ltr'>om.</span> <span class='ocrx_word' id='word_1_276' title='bbox 2580 3986 2633 4039; x_wconf 91' lang='lat' dir='ltr'><strong><em>V</em></strong></span> 
     </span>
     <span class='ocr_line' id='line_1_33' title="bbox 343 4076 2623 4151; baseline -0.007 -9"><span class='ocrx_word' id='word_1_277' title='bbox 343 4090 407 4143; x_wconf 87' lang='lat'>13</span> <span class='ocrx_word' id='word_1_278' title='bbox 446 4095 540 4144; x_wconf 82' lang='lat' dir='ltr'>aut</span> <span class='ocrx_word' id='word_1_279' title='bbox 579 4090 759 4143; x_wconf 83' lang='lat' dir='ltr'>asinus</span> <span class='ocrx_word' id='word_1_280' title='bbox 800 4090 830 4141; x_wconf 83' lang='lat' dir='ltr'><strong><em>b</em></strong></span> <span class='ocrx_word' id='word_1_281' title='bbox 1031 4092 1157 4141; x_wconf 87' lang='lat' dir='ltr'>tuus</span> <span class='ocrx_word' id='word_1_282' title='bbox 1197 4102 1298 4139; x_wconf 87' lang='lat' dir='ltr'>om.</span> <span class='ocrx_word' id='word_1_283' title='bbox 1340 4085 1385 4138; x_wconf 87' lang='lat' dir='ltr'><strong><em>S</em></strong></span> <span class='ocrx_word' id='word_1_284' title='bbox 1563 4089 1619 4136; x_wconf 86' lang='lat' dir='ltr'>et</span> <span class='ocrx_word' id='word_1_285' title='bbox 1658 4082 1855 4151; x_wconf 87' lang='lat' dir='ltr'>omnia]</span> <span class='ocrx_word' id='word_1_286' title='bbox 1898 4081 2076 4133; x_wconf 85' lang='lat' dir='ltr'>omnia</span> <span class='ocrx_word' id='word_1_287' title='bbox 2121 4079 2211 4133; x_wconf 77' lang='lat' dir='ltr'>TS</span> <span class='ocrx_word' id='word_1_288' title='bbox 2340 4080 2407 4129; x_wconf 77' lang='lat'>14</span> <span class='ocrx_word' id='word_1_289' title='bbox 2446 4076 2623 4145; x_wconf 91' lang='lat' dir='ltr'>quies-</span> 
     </span>
    </p>
   </div>
   <div class='ocr_carea' id='block_1_5' title="bbox 343 4165 2637 4360">
    <p class='ocr_par' dir='ltr' id='par_1_5' title="bbox 343 4165 2637 4360">
     <span class='ocr_line' id='line_1_34' title="bbox 343 4165 2624 4243; baseline -0.007 -11"><span class='ocrx_word' id='word_1_290' title='bbox 343 4182 427 4231; x_wconf 86' lang='lat' dir='ltr'>cet</span> <span class='ocrx_word' id='word_1_291' title='bbox 469 4178 562 4231; x_wconf 80' lang='lat' dir='ltr'>TS</span> <span class='ocrx_word' id='word_1_292' title='bbox 652 4178 714 4231; x_wconf 86' lang='lat'>15</span> <span class='ocrx_word' id='word_1_293' title='bbox 756 4181 852 4231; x_wconf 82' lang='lat' dir='ltr'>tua</span> <span class='ocrx_word' id='word_1_294' title='bbox 890 4194 991 4230; x_wconf 88' lang='lat' dir='ltr'>om.</span> <span class='ocrx_word' id='word_1_295' title='bbox 1022 4177 1078 4229; x_wconf 92' lang='lat' dir='ltr'><strong><em>P</em></strong></span> <span class='ocrx_word' id='word_1_296' title='bbox 1169 4176 1234 4228; x_wconf 83' lang='grc'>16</span> <span class='ocrx_word' id='word_1_297' title='bbox 1273 4178 1474 4243; x_wconf 73' lang='lat' dir='ltr'>egypto</span> <span class='ocrx_word' id='word_1_298' title='bbox 1496 4171 1550 4224; x_wconf 83' lang='grc' dir='ltr'><strong><em>Ρ</em></strong></span> <span class='ocrx_word' id='word_1_299' title='bbox 1641 4171 1711 4225; x_wconf 78' lang='lat'>‘20</span> <span class='ocrx_word' id='word_1_300' title='bbox 1746 4168 2019 4223; x_wconf 86' lang='lat' dir='ltr'>habrahae</span> <span class='ocrx_word' id='word_1_301' title='bbox 2060 4168 2107 4219; x_wconf 82' lang='lat' dir='ltr'><strong><em>V</em></strong></span> <span class='ocrx_word' id='word_1_302' title='bbox 2145 4167 2307 4221; x_wconf 72' lang='lat' dir='ltr'>abraa</span> <span class='ocrx_word' id='word_1_303' title='bbox 2347 4166 2377 4219; x_wconf 83' lang='lat' dir='ltr'><strong><em>b</em></strong></span> <span class='ocrx_word' id='word_1_304' title='bbox 2524 4165 2624 4217; x_wconf 85' lang='lat' dir='ltr'>cir-</span> 
     </span>
     <span class='ocr_line' id='line_1_35' title="bbox 345 4254 2637 4360; baseline -0.007 -41"><span class='ocrx_word' id='word_1_305' title='bbox 345 4267 644 4320; x_wconf 80' lang='lat' dir='ltr'>concisione</span> <span class='ocrx_word' id='word_1_306' title='bbox 702 4264 754 4317; x_wconf 83' lang='lat' dir='ltr'><strong><em>V</em></strong></span> <span class='ocrx_word' id='word_1_307' title='bbox 893 4266 958 4317; x_wconf 80' lang='lat'>21</span> <span class='ocrx_word' id='word_1_308' title='bbox 1007 4268 1070 4317; x_wconf 84' lang='lat' dir='ltr'>tu</span> <span class='ocrx_word' id='word_1_309' title='bbox 1118 4267 1173 4317; x_wconf 86' lang='lat' dir='ltr'>et</span> <span class='ocrx_word' id='word_1_310' title='bbox 1220 4262 1420 4331; x_wconf 83' lang='lat' dir='ltr'>semen]</span> <span class='ocrx_word' id='word_1_311' title='bbox 1471 4264 1526 4313; x_wconf 88' lang='lat' dir='ltr'>et</span> <span class='ocrx_word' id='word_1_312' title='bbox 1570 4263 1632 4313; x_wconf 85' lang='lat' dir='ltr'>tu</span> <span class='ocrx_word' id='word_1_313' title='bbox 1676 4264 1739 4360; x_wconf 63' lang='lat' dir='ltr'>¹et</span> <span class='ocrx_word' id='word_1_314' title='bbox 1786 4274 1967 4311; x_wconf 82' lang='lat' dir='ltr'>semen</span> <span class='ocrx_word' id='word_1_315' title='bbox 2022 4256 2067 4305; x_wconf 83' lang='lat' dir='ltr'><strong><em>V</em></strong></span> <span class='ocrx_word' id='word_1_316' title='bbox 2206 4256 2273 4307; x_wconf 75' lang='lat'>23</span> <span class='ocrx_word' id='word_1_317' title='bbox 2326 4270 2533 4307; x_wconf 86' lang='lat' dir='ltr'>omnem</span> <span class='ocrx_word' id='word_1_318' title='bbox 2592 4254 2637 4303; x_wconf 74' lang='grc' dir='ltr'><strong><em>Γ</em></strong></span> 
     </span>
    </p>
   </div>
   <div class='ocr_carea' id='block_1_6' title="bbox 343 4340 1881 4435">
    <p class='ocr_par' dir='ltr' id='par_1_6' title="bbox 343 4340 1881 4435">
     <span class='ocr_line' id='line_1_36' title="bbox 1701 4340 1720 4361; baseline 0 -1"><span class='ocrx_word' id='word_1_319' title='bbox 1701 4340 1720 4361; x_wconf 62' lang='lat'><em>2</em></span> 
     </span>
     <span class='ocr_line' id='line_1_37' title="bbox 343 4374 1881 4435; baseline -0.006 0"><span class='ocrx_word' id='word_1_320' title='bbox 343 4381 633 4435; x_wconf 84' lang='lat' dir='ltr'>masculum</span> <span class='ocrx_word' id='word_1_321' title='bbox 681 4380 727 4434; x_wconf 82' lang='lat'><em>0</em></span> <span class='ocrx_word' id='word_1_322' title='bbox 831 4381 898 4431; x_wconf 79' lang='lat'>26</span> <span class='ocrx_word' id='word_1_323' title='bbox 937 4376 1282 4432; x_wconf 85' lang='lat' dir='ltr'>circumcides</span> <span class='ocrx_word' id='word_1_324' title='bbox 1335 4375 1414 4429; x_wconf 86' lang='lat' dir='ltr'>Vb</span> <span class='ocrx_word' id='word_1_325' title='bbox 1454 4375 1775 4429; x_wconf 83' lang='lat' dir='ltr'>circumcitis</span> <span class='ocrx_word' id='word_1_326' title='bbox 1806 4374 1881 4426; x_wconf 66' lang='grc' dir='ltr'>Ρ2</span> 
     </span>
    </p>
   </div>
  </div>
 </body>
</html>
