3159 4984
935 452 1023 505 Vl.
1072 450 1365 507 Contra
1412 452 1784 505 Faustum
1840 450 1970 504 lib.
2029 452 2230 505 XVIII.
2587 455 2718 518 493

414 651 627 715 ablata
672 652 843 725 sunt,
893 649 993 712 lex
1042 650 1107 711 et
1159 646 1504 730 prophetae
1562 646 1971 729 inplerentur.
2039 645 2128 711 ibi
2185 647 2419 730 quippe
2479 651 2544 711 et
2599 647 2720 712 hoc

416 757 724 841 scriptum
772 759 873 821 est
917 755 1213 819 daturum
1262 753 1451 819 deum
1498 757 1956 819 testamentum
1994 773 2254 831 nouum,
2303 774 2444 821 non
2493 755 2718 837 quale

418 863 611 941 dedi,
667 863 896 945 inquit,
957 861 1306 944 patribus
1366 879 1640 925 eorum.
1706 860 1984 942 populus
2043 860 2209 923 enim
2265 860 2376 925 ille
2431 879 2542 942 pro
2601 878 2717 926 suo

418 969 605 1034 corde
651 967 901 1051 lapideo
949 967 1155 1031 multa
1197 969 1534 1049 praecepta
1579 965 1786 1049 magis
1834 965 1956 1030 sibi
2004 984 2281 1049 congrua
2325 985 2518 1047 quam
2553 967 2720 1031 bona

356 1097 386 1136 a
420 1070 767 1160 acceperat,
818 1075 1052 1157 quibus
1099 1076 1310 1137 tamen
1348 1073 1771 1156 figurarentur
1808 1076 1872 1136 et
1908 1073 2432 1155 propheta-rentur
2466 1075 2716 1147 futura;

420 1182 533 1248 sed
581 1202 618 1247 a
663 1202 786 1247 non
832 1179 1355 1264 intellegentibus
1403 1162 1899 1244 celebrabantur.
1959 1198 2104 1243 cum
2151 1182 2365 1244 autem
2410 1184 2722 1245 uenerunt

422 1292 487 1353 et
548 1289 867 1372 patefacta
933 1289 1110 1352 sunt.
1180 1305 1343 1369 quae
1406 1286 1538 1351 illis
1607 1286 2151 1369 significabantur,
2228 1307 2350 1353 non
2416 1288 2543 1352 iam
2607 1288 2720 1353 illa

416 1398 719 1462 iubentur
764 1395 1068 1459 facienda.
1120 1394 1230 1457 sed
1277 1394 1578 1477 leguntur
1623 1370 2068 1477 intellegenda.
2128 1394 2294 1458 unde
2340 1394 2431 1458 ibi
2479 1394 2554 1458 de
2601 1395 2719 1459 hac

423 1502 613 1567 etiam
668 1521 735 1566 re
792 1501 1008 1565 futura
1064 1499 1335 1565 dicitur:
1404 1500 1738 1563 auferam
1809 1499 1916 1564 eis
1984 1518 2108 1564 cor
2180 1500 2560 1583 lapideum
2647 1504 2723 1565 et

326 1630 383 1668 ιο
426 1610 610 1673 dabo
660 1609 769 1673 eis
819 1627 943 1672 cor
991 1624 1361 1683 carneum,
1410 1605 1476 1671 id
1527 1608 1628 1671 est
1671 1625 1795 1671 non
1845 1625 1952 1671 cor
1998 1608 2133 1671 sine
2180 1626 2394 1685 sensu,
2453 1608 2565 1672 sed
2613 1626 2722 1673 cor

420 1700 565 1780 cum
615 1734 826 1781 sensu.
894 1713 1059 1779 unde
1107 1713 1298 1777 traxit
1344 1714 1674 1795 apostolus
1733 1732 1878 1777 cum
1937 1712 2062 1777 ait:
2121 1733 2262 1778 non
2306 1713 2380 1778 in
2427 1713 2717 1779 tabulis

420 1822 778 1905 lapideiS.
840 1820 974 1886 sed
1028 1817 1104 1883 in'
1157 1819 1447 1884 tabulis
1507 1819 1757 1884 cordis
1817 1820 2270 1884 carnalibus.
2340 1820 2495 1899 quid
2550 1821 2715 1885 enim

422 1928 593 1992 aliud
633 1928 789 1991 dixit
836 1945 1028 2010 quam
1078 1945 1203 1990 cor
1246 1930 1639 1990 carneum}>
1690 1926 1840 2009 quia
1880 1945 2026 2009 ergo
2068 1928 2132 1989 et
2166 1927 2289 1991 hoc
2324 1925 2718 2010 praedictum

423 2040 573 2111 erat,
642 2035 847 2119 magis
916 2034 973 2098 si
1038 2034 1165 2098 ista
1230 2032 1305 2097 de
1371 2036 1589 2097 nostra
1645 2033 2067 2098 celebratione
2122 2052 2245 2098 non
2306 2034 2718 2101 auferrentur.

325 2160 379 2199 15
429 2161 551 2206 non
598 2142 985 2223 inplerentur
1031 2142 1129 2205 lex
1178 2144 1243 2204 et
1287 2140 1651 2224 prophetae,
1701 2141 1854 2223 quia
1898 2160 2022 2207 non
2067 2141 2265 2220 fieret,
2316 2141 2486 2223 quod
2543 2158 2718 2223 prae-

422 2248 738 2324 dixerant3
799 2266 942 2312 cum
1000 2266 1151 2311 uero
1212 2249 1277 2310 et
1328 2246 1449 2312 hoc
1505 2246 1599 2324 fit,
1654 2246 1800 2311 inde
1846 2248 2062 2330 potius
2107 2248 2571 2332 intelleguntur
2614 2248 2718 2311 ad-

419 2355 665 2438 inpleri‚
715 2354 881 2418 unde
928 2354 1113 2419 uobis
1163 2353 1462 2417 uidentur
1508 2373 1632 2420 non
1682 2353 2010 2437 adinpleri.

514 2466 573 2528 5.
638 2460 773 2525 Nec
830 2480 943 2525 nos
999 2463 1195 2524 terret
1248 2460 1579 2525 insultatio
1638 2464 1768 2539 tua,
1827 2460 2000 2543 quod
2055 2462 2459 2527 sabbatorum
2517 2461 2718 2527 otium

423 2570 677 2633 catenas
735 2567 1135 2633 saturniacas
1194 2570 1497 2652 appellas.
1566 2588 1734 2633 uana
1789 2572 1888 2634 est
1944 2570 2111 2634 enim
2169 2575 2234 2634 et
2285 2570 2534 2652 inepta;
2603 2589 2718 2634 nec

322 2690 383 2729 ²0
421 2675 541 2739 tibi
606 2674 726 2739 hoc
794 2674 999 2739 dicere
1064 2675 1351 2740 uenisset
1414 2676 1479 2739 in
1542 2679 1844 2753 mentem,
1912 2677 2034 2741 nisi
2090 2677 2242 2757 quia
2296 2695 2414 2741 uos
2471 2677 2535 2739 in
2594 2675 2714 2754 die,

423 2800 613 2863 quem
674 2781 896 2845 dicunt
951 2781 1140 2859 Solis,
1200 2782 1400 2846 solem
1463 2782 1694 2846 colitis.
1764 2783 1932 2847 sicut
1995 2790 2211 2847 autem
2276 2802 2391 2848 nos
2449 2782 2718 2847 eundem

422 2887 589 2952 diem
657 2888 1045 2952 dominicum
1113 2888 1405 2953 dicimus
1473 2888 1537 2951 in
1606 2907 1807 2969 eoque
1872 2908 1996 2954 non
2060 2889 2259 2953 istum
2319 2890 2542 2965 solem,
2607 2888 2717 2954 sed

420 2994 943 3059 resurrectionem
983 2994 1221 3059 domini
1268 3012 1664 3059 ueneremur.
1726 2995 1818 3059 sic
1876 2995 2078 3060 otium
2127 2996 2537 3060 sabbatorum
2585 2996 2718 3060 sine

424 3099 675 3164 Saturni
722 3100 1125 3165 ueneratione
1176 3120 1212 3164 a
1257 3100 1544 3183 patribus
1595 3084 2003 3165 obseruatum
2050 3104 2170 3179 est,
2228 3120 2374 3166 cum
2423 3102 2515 3166 sic
2559 3100 2719 3165 illud

327 3232 385 3271 25
427 3206 747 3270 obseruari
796 3208 1162 3290 oportebat3
1232 3209 1365 3270 erat
1422 3206 1590 3270 enim
1645 3191 1870 3270 umbra
1927 3208 2302 3286 futur-om,
2362 3208 2531 3273 siout
2575 3226 2722 3291 apo-

421 3313 627 3378 stolus
690 3312 877 3377 testis
946 3317 1061 3377 est.
1132 3312 1356 3377 diebus
1425 3312 1662 3396 quippe
1727 3314 1870 3379 istis
1895 3364 1909 3392 ,
1988 3332 2258 3395 quorum
2326 3315 2720 3397 septenarius

422 3437 719 3483 numerus
767 3418 830 3482 in
879 3418 1093 3483 orbem
1138 3417 1321 3483 redit.
1373 3419 1632 3483 deo-rum
1681 3438 1942 3485 suorum
1987 3419 2243 3484 nomina
2287 3422 2508 3504 gentes
2547 3420 2722 3503 inpo-

597 3643 629 3695 2
650 3642 716 3696 cf.
736 3642 883 3697 Hier.
905 3644 990 3708 31,
1021 3644 1093 3697 32
1164 3645 1197 3697 9
1224 3644 1415 3700 Ezech.
1444 3646 1614 3708 11,19
1691 3648 1753 3699 11
1778 3646 1830 3699 Η
1851 3645 1969 3700 Cor.
2001 3646 2050 3709 3,
2082 3648 2114 3701 3
2189 3649 2258 3699 25
2298 3648 2363 3702 cf.
2405 3646 2520 3703 Col.
2559 3650 2610 3713 2,
2652 3652 2718 3703 17

496 3812 520 3863 1
561 3811 637 3864 ibi
675 3764 934 3882 scriptum
990 3820 1019 3867 e
1077 3766 1275 3885 Quippe
1314 3819 1371 3867 et
1404 3815 1505 3868 hoc
1534 3814 1581 3867 S
1675 3816 1710 3867 3
1745 3814 1939 3884 inquid
1965 3814 2056 3867 ΜἸ
2165 3816 2200 3868 4
2239 3820 2528 3885 praecepta
2555 3833 2658 3871 om.
2691 3818 2722 3870 b

418 3901 454 3955 5
490 3900 757 4005 acciperat
801 3901 875 3955 L¹
1095 3904 1127 3955 6
1174 3904 1227 3973 a]
1275 3919 1337 3957 ea
1372 3904 1419 3957 C
1643 3903 2054 3973 celebrabantur
2105 3904 2152 3957 (J
2192 3903 2631 3963 celebrabrantur
2672 3906 2724 3959 G

416 4015 759 4070 celebrantur
795 4016 841 4071 S
945 4018 976 4070 8
1016 4018 1269 4071 iuuentur
1306 4018 1473 4071 L¹M¹
1582 4020 1649 4072 11
1691 4018 1829 4088 cum]
1871 4018 2014 4089 quod
2045 4020 2204 4085 (corr.
2244 4035 2310 4072 ea:
2338 4035 2455 4072 cum
2486 4036 2554 4072 m.
2583 4020 2642 4089 2)
2675 4022 2722 4074 L

422 4106 490 4158 12
517 4104 1023 4175 lapideis—tabulis
1060 4124 1161 4159 om.
1192 4105 1241 4160 S
1310 4107 1375 4160 13
1404 4108 1704 4176 predictum
1742 4108 1788 4161 G
1860 4108 1926 4161 14
1957 4107 2262 4161 auferenter
2289 4106 2520 4161 1210101
2549 4109 2722 4162 aufer·

418 4198 605 4247 rentur
639 4196 759 4265 (sec.
795 4212 823 4248 r
857 4211 901 4248 ε.
942 4197 976 4249 l.
1016 4212 1055 4249 a
1080 4212 1148 4249 m.
1185 4197 1233 4262 1)
1264 4195 1337 4247 M
1371 4196 1688 4250 afferrentur
1717 4196 1763 4251 S
1871 4196 1937 4250 16
1977 4201 2034 4249 et
2063 4198 2150 4262 (in
2174 4212 2289 4250 ras.
2317 4214 2385 4249 m.
2415 4200 2455 4251 2
2484 4197 2644 4264 add.)
2681 4196 2726 4251 0

418 4281 713 4353 adimplere
752 4284 833 4349 8²,
875 4291 953 4351 (re
988 4284 1053 4337 in
1090 4284 1136 4337 ri
1162 4302 1230 4337 m.
1266 4288 1315 4351 1)
1352 4284 1399 4337 C
1501 4285 1567 4338 21
1601 4286 1646 4338 si
1677 4284 1803 4339 8¹6
1910 4284 1980 4337 22
2011 4285 2203 4354 eoque]
2234 4301 2295 4338 eo
2327 4284 2472 4354 quod
2501 4284 2724 4340 LSMG

418 4370 488 4424 23
527 4372 701 4426 ocium
740 4372 788 4427 S
889 4372 959 4426 25
997 4373 1272 4442 oportebit
1311 4378 1450 4443 (sup.
1488 4374 1507 4427 i
1549 4389 1586 4426 a
1621 4390 1691 4427 m.
1731 4375 1760 4427 1
1802 4372 1857 4436 a)
1904 4372 1952 4425 Ο
2109 4372 2250 4425 enim
2291 4375 2363 4439 (s.
2403 4374 2438 4429 l.
2475 4389 2544 4426 m.
2583 4378 2632 4441 1)
2683 4374 2727 4427 G
