3159 4984
939 479 1031 533 VI.
1090 478 1386 535 Contra
1438 482 1810 535 Faustum
1867 481 2000 535 lib.
2057 482 2229 535 XVII.
2604 486 2733 549 485

442 674 681 755 aliquid
722 676 993 739 narranti
1032 676 1201 740 nolle
1241 676 1405 741 credi
1440 676 1766 741 Matthaeo
1808 680 1872 742 et
1907 677 2076 741 uelle
2116 677 2287 742 credi
2323 678 2734 744 Manichaeo!

442 780 497 845 si
542 780 909 846 Matthaeus
956 802 1079 848 non
1128 780 1433 854 interfuit,
1484 802 1631 848 cum
1680 783 1974 859 Christus
2024 784 2328 849 dixisset:
2377 806 2514 850 non
2561 787 2735 851 ueni

442 889 745 954 soluere
808 890 1053 973 legem
1112 892 1240 954 aut
1295 891 1720 973 prophetas
1788 892 1917 955 sed
1993 892 2411 975 adinplere.
2482 896 2547 957 et
2597 913 2738 977 pro-

444 999 662 1079 pterea
710 1016 833 1061 non
880 999 980 1060 est
1024 996 1081 1061 ei
1132 996 1533 1063 credendum.
1601 1000 1912 1080 numquid
1977 999 2388 1065 Manichacus
2450 1000 2740 1064 interfuit

402 1110 555 1166 aaut
601 1105 729 1167 iam
766 1105 873 1167 uel
912 1107 1099 1168 natus
1136 1104 1279 1179 fuit,
1320 1124 1465 1168 cum
1507 1103 1800 1169 Christus
1837 1106 2003 1170 inter
2038 1106 2324 1171 homines
2363 1106 2737 1189 adpareret?

441 1209 789 1274 secundum
838 1210 999 1275 hanc
1048 1230 1195 1294 ergo
1245 1209 1391 1274 fidei
1452 1212 1702 1275 uestrae
1766 1212 1972 1295 legem
2031 1211 2190 1275 nihil
2247 1212 2303 1275 ei
2362 1212 2436 1277 de
2486 1212 2736 1278 Christo

438 1316 809 1381 testincanti
848 1316 1097 1381 credere
1138 1316 1471 1382 debuistis.
1522 1336 1638 1382 nos
1687 1318 1899 1381 autem
1939 1338 2061 1383 non
2098 1322 2430 1401 propterea
2467 1320 2738 1384 dicimus

440 1444 561 1488 non
613 1424 992 1489 credendum
1045 1443 1183 1488 esse
1232 1424 1626 1497 Manichaeo,
1687 1425 1834 1506 quia
1891 1425 2080 1489 dictis
2141 1425 2453 1507 factisque
2503 1425 2736 1491 Christi

440 1550 563 1595 non
628 1530 921 1595 interfuit
986 1533 1050 1595 et
1101 1531 1289 1616 longe
1352 1534 1502 1615 post
1555 1535 1745 1596 natus
1803 1535 1920 1599 est.
1981 1533 2092 1598 sed
2149 1532 2298 1615 quia
2353 1533 2428 1597 de
2487 1531 2737 1598 Christo

356 1656 409 1694 ιο
442 1642 658 1701 contra
706 1637 941 1703 Christi
988 1638 1336 1722 discipulos
1383 1639 1670 1721 loquitur
1716 1642 1780 1703 et
1828 1642 2044 1703 contra
2091 1640 2516 1723 euangelium.
2567 1640 2738 1722 quod

439 1744 695 1810 illorum
771 1746 1143 1811 auctoritate
1220 1746 1535 1809 firmatum
1616 1750 1732 1813 est.
1817 1746 2126 1811 habemus
2211 1747 2373 1810 enim
2459 1745 2738 1831 apostoli

440 1870 685 1917 uocem.
744 1872 853 1934 qui
910 1872 973 1916 m
1033 1852 1260 1935 spiritu
1328 1857 1546 1918 sancto
1613 1855 1776 1917 tales
1843 1856 2146 1918 uenturos
2215 1872 2354 1918 esse
2421 1854 2736 1917 cernebat.

438 1959 606 2022 unde
672 1958 967 2025 fidelibus
1036 1960 1329 2025 dicebat:
1407 1961 1469 2025 si
1546 1961 1714 2042 quis
1789 1960 2009 2026 uobis
2087 1960 2740 2045 euangelizauerit

439 2068 967 2148 praeterquam
1037 2067 1233 2149 quod
1299 2068 1746 2150 accepistis,
1816 2068 2212 2133 anathema
2277 2067 2396 2132 sit.
2473 2086 2618 2131 nam
2685 2066 2736 2131 si

354 2188 403 2225 1⁵
443 2191 626 2237 nemo
676 2172 751 2236 de
802 2170 1054 2238 Christo
1113 2194 1265 2238 uera
1319 2174 1494 2241 dicit.
1554 2174 1677 2239 nisi
1734 2175 1844 2257 qui
1900 2194 2044 2238 eum
2101 2194 2398 2256 praesens
2453 2174 2621 2237 uidit
2676 2178 2741 2237 et

443 2278 707 2345 audiuit.
739 2279 927 2344 hodie
967 2280 1043 2343 de
1080 2280 1193 2346 illo
1231 2300 1416 2347 nemo
1456 2301 1612 2346 uera
1649 2281 1821 2345 dicit.
1863 2300 2046 2365 porro
2087 2282 2143 2345 si
2181 2281 2368 2347 hodie
2406 2284 2740 2364 propterea

442 2384 517 2447 de
563 2384 673 2450 illo
725 2386 1021 2450 fidelibus
1070 2388 1206 2451 eius
1252 2406 1405 2452 uera
1452 2388 1768 2465 dicuntur,
1819 2388 1966 2471 quia
2010 2388 2127 2451 illi.
2178 2388 2286 2468 qui
2331 2387 2631 2451 uiderunt
2677 2392 2741 2449 et

442 2491 795 2559 audierunt.
854 2493 960 2557 uel
1006 2494 1423 2577 praedicando
1472 2496 1577 2559 uel
1626 2496 1956 2560 scribendo
2007 2514 2079 2559 ea
2126 2494 2736 2559 disseminauerunt:

352 2662 363 2672 ,
443 2618 553 2662 cur
591 2618 660 2662 ex
702 2618 806 2663 ore
835 2600 1135 2665 Iohannis
1175 2602 1594 2684 condiscipuli
1633 2602 1734 2667 sui
1773 2622 1894 2666 non
1935 2605 2156 2684 posset
2193 2620 2344 2665 uera
2372 2600 2739 2665 Matthaeus

348 2720 403 2757 ²0
444 2705 657 2770 audire
714 2706 790 2770 de
842 2706 1115 2776 Christo,
1184 2709 1293 2772 ubi
1353 2710 1460 2772 ille
1519 2709 1725 2772 adsuit
1782 2712 1847 2771 et
1899 2708 2036 2791 ipse
2093 2728 2216 2773 non
2273 2707 2496 2773 adfuit.
2555 2707 2609 2771 si
2669 2726 2738 2770 ex

438 2811 601 2877 libro
640 2812 939 2878 Iohannis
986 2833 1331 2897 possumus
1378 2836 1531 2879 uera
1576 2816 1754 2898 loqui
1803 2815 1878 2879 de
1921 2814 2175 2880 Christo
2214 2834 2336 2879 non
2374 2814 2586 2879 solum
2623 2833 2739 2878 nos

438 2922 615 2985 tanto
663 2922 815 3003 post
858 2922 1010 2989 nati.
1062 2921 1175 2985 sed
1222 2922 1413 2985 etiam
1460 2924 1610 3004 post
1653 2940 1768 2986 nos
1819 2920 1926 2984 alii
1974 2920 2328 2985 nascituri?
2374 2920 2523 2983 hinc
2571 2919 2736 2983 enim

439 3046 561 3092 non
612 3029 821 3093 solum
860 3028 1169 3093 Matthaei
1220 3048 1438 3093 uerum
1488 3029 1681 3093 etiam
1720 3028 1928 3092 Lucae
1968 3046 2040 3091 ac
2077 3026 2278 3091 Marci
2314 3026 2737 3109 euangelium,

440 3134 549 3216 qui
606 3134 863 3199 eosdem
922 3136 1271 3218 discipulos
1330 3136 1537 3199 secuti
1594 3137 1766 3200 sunt.
1823 3134 1887 3198 in
1943 3152 2067 3198 non
2130 3134 2413 3215 inparem
2470 3134 2727 3197 auctori-

350 3248 401 3289 ²⁵
439 3243 638 3305 tatem
674 3246 1001 3326 receptum
1042 3246 1158 3307 est.
1208 3244 1335 3307 huc
1385 3242 1651 3309 accedit.
1702 3242 1848 3325 quia
1897 3244 1961 3305 et
2005 3242 2142 3323 ipse
2191 3240 2482 3326 dominus
2527 3240 2742 3323 potuit

442 3366 688 3411 narrare
752 3348 1109 3417 Matthae0.
1187 3349 1356 3431 quod
1436 3351 1777 3430 antequam
1844 3367 1989 3413 eum
2052 3349 2376 3413 uocasset.
2446 3366 2590 3411 cum
2659 3347 2738 3411 iis

442 3456 679 3537 egerat,
729 3474 891 3537 quos
937 3456 1113 3537 prius
1161 3458 1522 3520 uocauerat.
1593 3458 1660 3519 at
1718 3454 1884 3519 enim
1941 3455 2064 3520 hoc
2123 3454 2258 3537 ipse
2307 3454 2622 3519 Iohannes
2677 3454 2739 3517 in

620 3697 653 3749 2
690 3697 887 3751 Matth.
928 3700 977 3759 5,
1020 3699 1085 3750 17
1202 3696 1266 3751 13
1304 3696 1423 3751 (321.
1450 3680 1513 3761 '1‚
1554 3698 1588 3749 9

514 3858 535 3909 1
577 3856 819 3910 mattheo
850 3855 903 3908 L
930 3856 1146 3910 matheo
1181 3856 1226 3906 (3
1322 3858 1355 3909 2
1382 3856 1634 3909 matheus
1672 3856 1720 3909 G
1813 3858 1845 3909 4
1877 3856 2189 3910 manicheus
2223 3854 2330 3908 Lc
2437 3858 2468 3907 5
2503 3859 2599 3908 aut
2630 3858 2684 3921 (a
2719 3871 2748 3909 ε

441 3945 475 3997 l.
517 3944 646 3998 add.
684 3962 753 3999 m.
792 3949 843 4009 1)
884 3944 937 3996 L
1066 3946 1097 3997 7
1134 3944 1463 3998 testificandi
1493 3943 1569 3998 L¹
1607 3943 1925 3998 testificanti
1963 3944 2013 4017 (τ
2043 3945 2102 3997 in
2129 3946 2264 4010 raa.)
2297 3943 2370 3995 M
2491 3944 2523 3996 8
2562 3944 2736 3996 mani-

441 4035 571 4088 cheo
610 4032 719 4089 Lo
862 4036 924 4087 11
966 4034 1335 4088 confirmatum
1376 4032 1422 4085 S
1605 4034 1668 4087 16
1705 4032 1866 4087 hodie
1909 4034 1949 4093 (i
1985 4050 2107 4101 sup.
2148 4037 2196 4097 e)
2240 4032 2285 4085 S
2471 4033 2517 4085 si
2555 4048 2657 4087 om.
2700 4031 2746 4086 S

446 4124 510 4176 17
549 4140 581 4177 a
618 4122 868 4178 fidelibus
921 4124 987 4187 0;
1038 4141 1069 4176 a
1114 4124 1176 4185 (ε.
1228 4124 1261 4176 l.
1311 4140 1348 4175 a
1393 4140 1462 4181 m.
1510 4124 1564 4190 2)
1605 4122 1718 4188 118,
1767 4126 1834 4190 (s.
1887 4125 1922 4177 l.
1963 4140 2000 4176 a
2035 4140 2103 4177 m.
2145 4127 2199 4189 1)
2238 4122 2311 4174 M
2457 4122 2521 4175 18
2559 4122 2738 4192 predi-

442 4212 609 4266 cando
652 4212 697 4265 C
813 4214 879 4265 19
915 4212 1189 4267 mattheus
1235 4210 1283 4265 0
1394 4211 1465 4264 20
1502 4212 1661 4265 affuit
1698 4212 1742 4265 C
1867 4213 1938 4265 23
1973 4211 2206 4265 matthei
2249 4210 2296 4265 G
2416 4211 2483 4263 24
2524 4208 2736 4263 eosdem

440 4300 584 4359 (dem
624 4302 753 4355 add.
791 4318 858 4354 m.
900 4304 1023 4368 rec.)
1066 4301 1112 4354 G
1252 4302 1319 4354 25
1365 4304 1588 4371 receptu
1626 4304 1672 4367 (s
1711 4317 1780 4355 er.
1823 4303 1879 4355 et
1914 4324 1982 4345 »v
2024 4300 2156 4354 add.
2193 4317 2261 4353 m.
2303 4304 2361 4367 2)
2403 4298 2454 4352 L
2600 4300 2740 4351 acci-

436 4389 520 4444 dit
556 4390 827 4445 L¹SM¹G
1008 4392 1075 4445 26
1113 4390 1356 4444 mattheo
1398 4391 1444 4441 (7
1593 4390 1678 4443 his
1723 4390 1972 4444 GSGMb
2083 4391 2149 4444 27
2191 4392 2349 4460 quos]
2387 4388 2532 4461 qnod
2569 4389 2668 4444 SG
