3159 4984
448 425 575 488 712
1133 420 1187 474 S.
1243 419 1512 473 Aureli
1572 418 2008 488 Augustini

444 617 615 700 quod
661 617 853 681 etiam
898 615 1038 698 ipse
1084 615 1441 679 Rebeccam
1488 613 1648 678 falso
1707 614 1934 680 dixerit
1988 633 2270 681 sororem
2325 635 2528 685 suam.
2588 637 2746 682 cum

442 743 645 808 genus
695 722 831 788 eius
878 721 968 786 ibi
1015 724 1229 804 aperte
1276 721 1588 804 scriptum
1637 721 1764 798 sit:
1807 724 1874 787 et
1919 723 1996 786 de
2032 723 2246 802 Iacob,
2285 723 2456 806 quod
2503 724 2746 788 cotidie

444 834 763 896 certamen
813 830 987 893 esset
1028 827 1195 892 inter
1241 829 1543 909 quattuor
1589 827 1728 893 eius
1775 847 2021 907 11110108,
2069 847 2378 912 quaenam
2425 831 2612 894 illum
2661 831 2744 896 de

442 955 589 1021 agro
620 936 989 1001 uenientem
1017 934 1188 1017 prior
1217 934 1295 997 ad
1327 933 1740 998 concubitum
1767 937 2044 1018 raperet:
2087 935 2256 1016 quod
2305 935 2440 1000 illic
2479 937 2744 1002 omnino

441 1062 754 1126 nusquam
794 1042 1031 1126 legisse
1070 1041 1490 1106 conuincitur.
1540 1059 1688 1106 ecce
1729 1041 1935 1123 qualis
1971 1041 2162 1107 homo
2200 1042 2538 1108 mendaces
2575 1043 2748 1108 diui-

441 1169 663 1215 norum
723 1150 1029 1214 librorum
1088 1147 1429 1230 scriptores
1486 1166 1556 1212 se
1615 1146 1828 1212 odisse
1886 1148 2214 1231 gloriatur,
2261 1149 2373 1232 qui
2419 1149 2611 1214 etiam
2661 1151 2746 1214 de

442 1256 775 1341 euangelio
842 1257 1055 1320 tantae
1123 1253 1523 1319 auctoritatis
1591 1254 1869 1318 culmine
1921 1255 2222 1320 omnibus
2276 1258 2428 1322 noto
2482 1257 2748 1321 mentiri

442 1363 536 1428 sic
584 1362 794 1428 audet.
844 1363 919 1425 ut
964 1378 1088 1424 11011
1136 1360 1555 1429 Matthaeum.
1605 1380 1683 1424 ne
1739 1360 2079 1444 apostolici
2132 1361 2406 1427 nominis
2459 1363 2748 1446 pondere

441 1467 891 1551 conprimatur,
958 1466 1073 1530 sed
1138 1465 1351 1530 nescio
1418 1484 1606 1548 quem
1673 1465 1870 1529 alium
1936 1466 2056 1531 sub
2111 1466 2425 1533 Matthaei
2483 1470 2750 1534 nomine

438 1575 603 1641 uelit
646 1574 858 1656 putari
907 1573 1244 1656 scripsisse
1292 1571 1368 1636 de
1418 1571 1698 1651 Christo,
1757 1573 1928 1656 quod
1983 1593 2108 1652 non
2165 1575 2310 1638 uult
2365 1576 2618 1641 credere
2680 1581 2748 1640 et

442 1681 612 1765 quod
660 1681 1055 1746 calumniosa
1099 1680 1387 1745 uersutia
1432 1679 1707 1744 refutare
1753 1683 2039 1745 conatur.

533 1789 593 1852 7.
654 1788 759 1854 Sic
809 1806 958 1871 ergo
1010 1787 1086 1850 de
1135 1787 1311 1852 caelo
1361 1786 1606 1851 dictum
1653 1789 1752 1850 est
1799 1805 1992 1868 super
2036 1805 2200 1869 aqua
2246 1787 2568 1854 Iordanis:
2617 1789 2752 1853 hic-

444 1898 565 1961 est
610 1895 833 1959 filius
880 1914 1089 1958 meus
1139 1894 1493 1970 dilectus,
1539 1893 1617 1957 in
1657 1912 1799 1975 quo
1837 1893 2022 1957 mihi
2061 1894 2484 1977 conplacui‚
2522 1915 2752 1979 quem—

447 2001 788 2068 admodum
858 2001 1097 2066 dictum
1156 2003 1257 2066 est
1313 2005 1379 2065 et
1439 1999 1504 2064 in
1569 2003 1805 2066 monte.
1873 2019 2075 2082 neque
2133 2001 2300 2064 enim
2347 2001 2496 2084 quia
2541 2005 2608 2066 et
2651 2003 2752 2066 ibi

445 2108 522 2172 de
582 2108 757 2172 caelo
814 2127 937 2173 uox
995 2108 1136 2190 ipsa
1192 2108 1429 2185 sonuit,
1492 2107 1666 2172 filius
1715 2107 1818 2170 dei
1883 2108 2028 2170 ante
2083 2127 2208 2172 non
2263 2107 2406 2184 fuit,
2461 2109 2756 2191 quando-

444 2214 699 2296 quidem
760 2235 832 2278 ex
888 2218 1069 2279 utero
1126 2213 1393 2298 uirginis
1448 2214 1559 2277 ille
1627 2213 1874 2297 accepit
1936 2214 2246 2278 formam
2312 2215 2543 2281 serui.
2613 2216 2752 2298 qui

444 2341 609 2386 cum
666 2322 741 2385 in
798 2321 1037 2386 forma
1094 2321 1213 2384 dei
1271 2323 1494 2398 esset,
1554 2340 1695 2386 non
1751 2320 2086 2402 rapinam
2145 2321 2565 2386 arbitratus
2623 2325 2752 2386 est

444 2447 612 2492 esse
662 2427 1011 2510 aequalis
1061 2426 1217 2492 deo.
1267 2426 1537 2509 denique
1582 2426 1720 2508 ipse
1769 2428 2101 2508 apostolus
2137 2428 2379 2492 Paulus
2427 2426 2550 2492 alio
2597 2427 2751 2492 loco

450 2534 851 2618 apertissime
893 2533 1084 2598 dicit:
1137 2553 1299 2598 011111
1348 2533 1600 2596 autem
1646 2533 1860 2596 uenit
1903 2533 2302 2615 plenitudo
2351 2533 2750 2616 temporiS.

449 2640 666 2705 misit
712 2640 897 2704 deus
945 2638 1197 2703 filium
1258 2657 1505 2713 suum,
1562 2637 1849 2701 factum
1910 2657 1992 2702 ex
2049 2638 2398 2718 muliere,
2453 2639 2750 2704 factum

443 2746 581 2812 sub
629 2748 820 2831 lege.
870 2745 1202 2810 mulierem
1253 2744 1504 2808 scilicet
1550 2763 1725 2809 more
1773 2745 2119 2809 locutionis
2177 2745 2509 2810 hebraicae
2562 2745 2754 2810 femi-

444 2873 589 2918 nam
640 2853 988 2936 appellans.
1038 2851 1175 2934 ipse
1226 2856 1326 2916 est
1374 2868 1520 2934 ergo
1568 2850 1742 2915 filius
1791 2850 1915 2928 dei,
1953 2851 2063 2934 qui
2101 2855 2167 2916 et
2203 2852 2498 2918 dominus
2533 2852 2757 2917 Dauid

444 2961 800 3026 secundum
856 2959 1282 3036 diuinitatem,
1342 2961 1408 3024 et
1461 2959 1632 3022 idem
1689 2957 1828 3040 ipse
1883 2957 2056 3022 filius
2105 2959 2315 3023 Dauid
2371 2979 2444 3024 ex
2499 2960 2756 3026 semine

443 3068 655 3133 Dauid
694 3068 1046 3134 secundum
1085 3085 1357 3133 carnem.
1406 3065 1576 3148 quod
1625 3065 1680 3129 81
1717 3064 1900 3130 nobis
1941 3066 2190 3131 credere
2229 3087 2351 3132 non
2390 3067 2756 3150 prodesset.

444 3194 569 3240 non
614 3175 737 3239 hoc
782 3177 913 3238 tam
963 3173 1217 3238 adtente
1274 3172 1443 3238 idem
1499 3173 1833 3255 apostolus
1880 3172 2220 3270 Timotheo
2271 3174 2760 3238 commendaret-

450 3281 706 3346 dicens:
779 3299 1057 3345 memor
1131 3283 1295 3344 esto
1364 3279 1750 3344 Christum
1813 3279 2065 3344 Iesum
2127 3280 2641 3345 resurrexisse
2715 3301 2756 3344 a

452 3387 775 3452 mortuis
812 3406 893 3450 ex
923 3387 1209 3451 semine
1240 3386 1486 3450 Dauid
1526 3385 1938 3450 secundum
1971 3387 2450 3471 euangelium
2479 3406 2755 3452 meum.

619 3629 653 3680 2
691 3629 757 3683 cf.
798 3627 931 3683 Gen.
971 3629 1058 3692 26,
1098 3629 1165 3693 7;
1204 3629 1275 3684 24
1447 3631 1515 3685 12
1556 3631 1624 3685 cf.
1661 3631 1859 3685 Matth.
1902 3632 1986 3696 17,
2023 3633 2056 3685 5
2206 3631 2274 3684 16
2311 3630 2455 3685 Phil.
2493 3634 2543 3694 2,
2584 3632 2618 3685 6
2659 3650 2750 3702 sq.

448 3719 513 3771 19
552 3715 671 3772 Gal.
710 3717 760 3782 6,
798 3718 833 3771 4
942 3717 1012 3771 26
1049 3717 1103 3771 Π
1139 3718 1277 3773 Tim.
1314 3719 1365 3784 2,
1404 3723 1439 3772 ὃ

516 3893 541 3945 1
582 3893 723 3962 1Ρο80
760 3893 814 3946 L
958 3894 1271 3949 rebeccham
1307 3895 1361 3948 L
1504 3894 1712 3950 dixerat
1754 3895 1802 3949 C
1953 3897 1986 3948 2
2025 3898 2110 3948 est
2153 3895 2200 3950 G
2376 3894 2604 3950 cottidie
2643 3895 2754 3950 LS

440 3982 475 4035 4
511 3981 659 4051 prior
696 3984 785 4050 (ω)
818 3999 978 4053 proor
1011 4000 1080 4036 m.
1118 3985 1171 4048 1)
1207 3985 1260 4038 L
1465 3983 1596 4038 illuc
1635 3985 1667 4039 b
1911 3985 1944 4038 6
1983 3985 2270 4054 scriptores
2309 3985 2467 4050 (corr.
2507 3999 2572 4038 er
2611 3986 2752 4038 scri-

438 4071 703 4140 ptorsese)
744 4071 789 4126 S
967 4071 998 4124 7
1038 4073 1351 4142 euangelico
1392 4073 1508 4126 CM
1682 4073 1716 4127 8
1755 4073 2031 4126 matheum
2071 4072 2217 4129 CSG
2387 4073 2654 4128 nominis*
2699 4079 2754 4141 (s

440 4160 533 4227 er.)
571 4158 626 4213 L
662 4159 911 4214 culminis
956 4160 1022 4214 0¹
1254 4163 1289 4216 9
1327 4161 1531 4216 mathei
1573 4161 1720 4218 086³
1759 4162 1990 4236 matthei
2025 4162 2080 4216 L
2317 4162 2383 4215 12
2421 4178 2620 4232 aquam
2665 4161 2754 4216 Cb

442 4250 511 4302 13
550 4249 1017 4318 quemammodum
1046 4251 1099 4304 L
1246 4251 1310 4304 17
1348 4251 1538 4320 rapina
1566 4251 1620 4304 L
1769 4253 1834 4306 18
1871 4251 2017 4306 idem
2043 4252 2160 4322 ipse
2205 4251 2282 4306 Cb
2441 4251 2504 4306 21
2537 4251 2755 4306 hebra·-

437 4340 557 4392 icae
596 4338 649 4390 L

2787 1599 2850 1638 1⁰

2793 2138 2856 2176 15

2791 2671 2858 2710 20

2795 3204 2858 3243 25
