3159 4984
323 1670 378 1709 10

321 2200 378 2239 15

1031 495 1162 549 1111.
1219 494 1512 551 Contra
1565 470 2075 550 Adima'ntum.
2580 496 2705 561 173

423 692 550 754 mia
595 690 794 757 fuisse
835 691 1166 775 promissa,
1207 691 1321 755 sed
1357 696 1568 756 tamen
1609 692 1686 755 ab
1724 710 1849 758 uno
1890 691 2027 769 deo,
2067 692 2249 757 cuius
2289 694 2387 757 est
2424 693 2709 755 creatura

423 796 626 862 omnis
692 800 756 861 et
821 796 1106 881 superior
1166 800 1229 861 et
1292 796 1563 862 inferior.
1632 802 1799 863 certe
1876 798 2043 862 enim
2114 796 2252 881 ipse
2326 796 2706 863 Adimantus

415 904 636 987 posuit
697 905 1142 970 testimonium
1207 905 1284 969 de
1349 905 1702 988 euangelio,
1766 904 1877 969 ubi
1938 904 2231 969 dominus
2278 903 2403 969 ait:
2466 905 2707 969 nolite

417 1011 664 1077 iurare
703 1031 942 1095 neque
979 1031 1110 1095 per
1147 1012 1462 1081 caelum.
1504 1012 1680 1093 quia
1717 1011 2043 1075 thronus
2085 1010 2247 1076 eius
2296 1014 2428 1079 est.
2468 1030 2711 1093 neque

419 1138 549 1201 per
618 1130 920 1187 terram,
996 1118 1169 1201 quia
1243 1118 1665 1183 scabellum
1740 1122 1857 1183 est
1930 1117 2197 1201 pedum
2274 1118 2461 1182 eiuS.
2538 1118 2706 1200 quod

419 1225 670 1307 quidem
721 1226 894 1290 etin
961 1225 1288 1290 ueteribus
1353 1224 1530 1289 libris
1598 1225 1905 1309 scriptum
1972 1227 2105 1289 est:
2174 1224 2461 1289 caelum
2524 1224 2706 1288 mihi

417 1332 736 1397 thronus
775 1335 910 1407 est,
947 1336 1146 1397 terra
1195 1332 1613 1396 scabellum
1661 1332 1930 1416 pedum
1978 1350 2325 1396 meorum.
2366 1330 2518 1413 quid
2556 1350 2704 1415 ergo

419 1437 672 1513 mirum,
721 1438 776 1503 si
821 1439 986 1503 bona
1033 1438 1244 1503 throni
1291 1438 1391 1503 sui
1439 1438 1549 1503 dat
1596 1438 1967 1523 spiritaliter
2012 1437 2133 1503 sibi
2180 1436 2603 1502 seruientibus
2642 1439 2707 1501 et

423 1544 588 1609 bona
631 1544 894 1609 scabelli
941 1545 1175 1630 pedum
1223 1564 1484 1611 suorum
1531 1545 1641 1609 dat
1704 1544 2035 1609 carnaliter
2081 1544 2203 1609 sibi
2260 1543 2704 1620 seruientibus,

423 1670 568 1715 cum
613 1652 878 1735 spiritus
927 1652 1215 1734 superior
1260 1652 1346 1717 sit
1394 1655 1457 1716 et
1503 1670 1647 1717 caro
1683 1651 1957 1729 inferior,
1998 1650 2167 1716 sicut
2204 1650 2523 1735 superiora
2557 1654 2709 1715 sunt

417 1759 716 1825 caelestia
763 1762 828 1823 et
877 1759 1170 1825 inferiora
1216 1758 1587 1825 terrestria?
1638 1778 2023 1841 quamquam
2068 1759 2181 1823 illa
2228 1758 2457 1833 omnia,
2504 1758 2569 1822 id
2608 1762 2709 1823 est

419 1886 566 1947 ager
609 1870 676 1931 et
719 1869 971 1950 pratum
1018 1870 1084 1931 et
1127 1868 1372 1931 fructus
1418 1868 1659 1931 uentris
1708 1870 1773 1931 et
1816 1866 2061 1931 fructus
2106 1869 2307 1931 terrae
2355 1869 2421 1930 et
2463 1864 2703 1930 iumen-

417 1977 626 2038 torum
676 1976 739 2037 et
793 1976 1145 2037 armentum
1189 1973 1384 2037 boum
1434 1976 1498 2037 et
1545 1992 1692 2057 grex
1740 1973 1957 2039 ouium
2004 1971 2253 2057 possint
2290 1971 2481 2037 etiam
2526 1972 2704 2056 spiri-

416 2080 630 2143 taliter
675 2080 985 2163 intellegi.
1037 2080 1146 2144 sed
1195 2100 1362 2145 nunc
1409 2080 1486 2144 ad
1533 2100 1665 2144 rem
1713 2100 1836 2146 non
1900 2079 2175 2165 pertinet
2219 2079 2345 2143 ista
2388 2078 2703 2143 tractatio.

418 2185 472 2249 si
521 2190 734 2250 autem
782 2185 846 2249 in
893 2186 1032 2269 ipso
1081 2205 1246 2251 nouo
1313 2190 1717 2265 testamento,
1768 2187 1949 2253 cuius
2015 2185 2364 2270 praemium
2421 2188 2487 2249 et
2532 2186 2705 2251 here-

419 2293 584 2359 ditas
634 2294 714 2357 ad
761 2312 1000 2360 nouum
1047 2294 1366 2360 hominem
1416 2294 1713 2378 pertinet,
1762 2298 1973 2359 tamen
2030 2297 2094 2358 et
2142 2293 2434 2359 dominus
2479 2292 2707 2359 iisdem

415 2399 592 2483 ipsis,
641 2420 800 2483 quos
848 2402 994 2465 uult
1039 2420 1178 2466 esse
1231 2420 1442 2465 rerum
1487 2402 1931 2487 temporalium
1982 2404 2467 2486 contemptores,
2514 2405 2591 2466 ut
2641 2402 2706 2466 in

417 2508 748 2592 euangelio
798 2507 921 2572 sibi
971 2508 1271 2578 seruiant,
1328 2508 1648 2592 promittit
1708 2508 2303 2593 multiplicationem
2369 2509 2705 2573 earundem

420 2632 628 2679 rerum
673 2614 740 2679 in
786 2615 908 2681 hoc
955 2616 1210 2681 saeculo
1277 2616 1512 2684 dicens,
1560 2615 1732 2698 quod
1797 2615 2109 2699 accipient
2169 2616 2233 2679 in
2280 2616 2401 2681 hoc
2448 2616 2704 2682 saeculo

419 2720 656 2785 centies
703 2724 973 2795 tantum,
1039 2722 1102 2786 in
1169 2724 1424 2787 saeculo
1493 2726 1705 2787 autem
1770 2726 2037 2789 uenturo
2098 2723 2302 2786 uitam
2366 2726 2703 2803 aeternam,

415 2825 586 2892 sicut
632 2828 832 2893 etiam
875 2828 940 2893 i'n
977 2831 1194 2893 uetere
1231 2829 1542 2913 scriptura
1579 2829 1847 2893 dicitur:
1896 2828 2116 2893 fideli
2163 2829 2446 2894 homini
2489 2833 2703 2896 totus

415 2934 736 2999 mundus
804 2933 1248 2999 diuitiarum
1317 2940 1450 3004 est,
1517 2935 1683 3000 unde
1752 2936 1993 3000 exultat
2056 2936 2381 3020 apostolus
2448 2936 2699 3001 dicens:

417 3040 634 3121 quasi
681 3040 882 3105 nihil
928 3041 1296 3107 habentes
1345 3046 1419 3107 et
1465 3042 1711 3107 omnia
1764 3042 2289 3126 possidentes:
2338 3044 2393 3107 si
2442 3062 2590 3128 ergo
2636 3044 2701 3108 in

415 3166 580 3213 nouo
645 3150 1035 3213 testamento
1103 3153 1353 3232 praeter
1416 3152 1735 3215 aeternam
1800 3150 2291 3235 possessionem,
2357 3170 2515 3233 quae
2561 3170 2702 3234 pro-

417 3252 694 3319 mittitur
741 3254 999 3334 sanctis,
1047 3256 1243 3322 huius
1309 3276 1558 3341 quoque
1624 3258 2069 3341 possessionis,
2137 3276 2297 3339 quae
2360 3257 2704 3324 transitura

416 3360 531 3425 est.
578 3358 1030 3442 multiplicatio
1079 3379 1202 3426 non
1255 3362 1650 3427 subtrahitur
1694 3364 1759 3427 et
1802 3365 1979 3429 tanto
2026 3363 2099 3429 fit
2142 3364 2413 3440 uberior,
2462 3368 2698 3447 quanto

416 3464 839 3549 contemptius
906 3466 1290 3550 possidetur,
1356 3471 1591 3551 quanto
1654 3470 1863 3555 magis
1927 3470 1990 3534 in
2054 3474 2271 3535 uetere
2316 3473 2700 3537 testamento

414 3570 677 3636 carnalis
725 3572 946 3657 populi
991 3573 1270 3657 praemia
1313 3575 1466 3638 talia
1514 3594 1657 3642 esse
1725 3576 2077 3641 debuerunt
2129 3577 2269 3661 ipso
2316 3583 2528 3641 tamen
2576 3596 2702 3643 uno

587 3736 620 3791 3
655 3738 854 3795 Matth.
893 3740 944 3805 5,
981 3740 1052 3794 35
1187 3740 1219 3793 6
1256 3740 1346 3796 Es.
1385 3741 1470 3805 66,
1513 3742 1538 3797 1
1663 3742 1737 3797 20
1774 3742 1841 3797 cf.
1878 3742 2077 3797 Matth.
2118 3744 2203 3807 19,
2242 3742 2311 3798 29
2438 3744 2503 3797 21
2544 3744 2703 3800 Prou.

415 3823 496 3889 17,
537 3826 604 3879 16
713 3826 780 3879 23
821 3829 870 3883 ΙΙ
912 3826 1032 3884 Cor.
1074 3828 1155 3891 11,
1195 3830 1265 3883 10

481 3948 510 4001 1
552 3948 724 4019 cuius]
765 3950 858 4019 qui
895 3966 1032 4005 unus
1071 3950 1124 4004 P
1253 3951 1288 4005 5
1325 3950 1522 4021 pedum
1559 3957 1645 4007 est
1692 3952 1745 4008 V
1846 3954 1879 4007 6
1918 3953 2177 4009 scribtum
2205 3954 2262 4009 P
2369 3955 2400 4009 7
2437 3958 2624 4011 tronus
2650 3956 2702 4013 G

415 4062 480 4119 13
517 4068 883 4133 armentorum
917 4066 998 4120 1²²
1105 4066 1172 4121 16
1209 4066 1412 4159 tamen]
1453 4075 1518 4123 cu
1555 4068 1589 4123 b
1732 4066 1907 4123 isdem
1935 4068 2042 4125 PG
2066 4070 2277 4125 hisdem
2311 4070 2360 4125 0
2390 4070 2622 4176 hiisdem
2662 4071 2713 4124 V

415 4176 479 4231 18
516 4176 727 4247 pmittit
747 4178 778 4233 b
853 4178 922 4233 20
950 4180 1201 4253 uenturo]
1232 4181 1414 4237 futuro
1443 4180 1548 4237 GV
1548 4183 1580 4239 b
1654 4182 1769 4239 21
1753 4200 1810 4237 m
1841 4187 2023 4241 uetere
2054 4201 2155 4241 om.
2188 4186 2237 4241 V
2303 4185 2369 4239 22
2401 4186 2607 4255 exultet
2630 4186 2707 4243 θ’

403 4292 478 4348 24
511 4292 677 4363 ιιοιιο]
716 4294 893 4365 ιιοΗιιο
934 4298 1025 4365 (no
1059 4296 1124 4351 in
1157 4300 1350 4367 mar-9.)
1387 4296 1446 4351 P
1622 4298 1690 4351 25
1728 4298 1790 4353 hs
1826 4298 1903 4354 θ’
2082 4300 2149 4355 27
2186 4302 2359 4356 ueteri
2385 4300 2699 4359 TGSVG²b

313 4396 320 4403 ⁶
403 4408 476 4463 28
514 4364 738 4481 i¹npr9so
780 4408 857 4465 G²
1005 4413 1211 4483 tamen]
1247 4414 1406 4467 tantu
1443 4412 1474 4467 b
