3159 4984
420 432 552 494 564
1126 428 1178 481 S.
1241 426 1512 481 Aureli
1568 426 2008 495 Augustini

418 626 633 687 tamen
682 626 747 687 et
792 623 856 686 in
904 622 1026 687 hoc
1072 622 1213 705 ipso
1264 621 1503 686 distant
1557 620 1909 704 plurimum
1967 622 2191 705 culpae
2248 621 2727 686 uinolentorum

343 732 347 737 ’
427 732 492 793 et
562 731 1037 813 sacrilegorum.
1112 728 1302 811 longe
1368 728 1602 810 quippe
1665 727 1929 793 minoris
2003 727 2252 811 peccati
2319 730 2420 792 est
2483 728 2726 793 ebrium

426 836 629 900 redire
680 856 717 899 a
752 835 1137 919 martyribus
1186 854 1374 917 quam
1423 834 1533 898 uel
1577 834 1865 898 ieiunum
1913 834 2266 899 sacrificare
2321 833 2726 919 martyribus.

425 943 775 1007 sacrificare
807 941 1193 1026 martyribus
1226 942 1371 1019 dixi,
1401 960 1527 1007 non
1556 940 1710 1004 dixi:
1751 940 2103 1005 sacrificare
2143 941 2260 1006 deo
2297 941 2364 1005 in
2401 941 2726 1006 memoriis

426 1051 795 1132 martyrum.
863 1048 1032 1130 quod
1096 1048 1612 1130 frequentissime
1670 1048 1944 1112 facimus
2006 1047 2119 1112 illo
2187 1048 2517 1111 dumtaxat
2578 1048 2728 1113 ritu.
2791 1066 2822 1103 5

432 1175 556 1237 quo
604 1155 727 1219 sibi
776 1155 1111 1219 sacrificari
1165 1155 1319 1221 noui
1373 1153 1747 1219 testamenti
1799 1154 2314 1220 manifestatione
2365 1154 2726 1237 praecepit:

430 1262 599 1345 quod
643 1262 919 1345 pertinet
963 1263 1043 1327 ad
1087 1262 1275 1326 illum
1323 1262 1592 1334 cultum,
1641 1280 1801 1343 quae
1845 1261 2035 1325 latria
2080 1260 2313 1325 dicitur
2357 1264 2423 1325 et
2455 1261 2568 1324 uni
2606 1260 2727 1325 deo

427 1367 710 1432 debetur.
762 1368 874 1433 sed
922 1368 1075 1451 quid
1122 1386 1309 1451 agam
1356 1369 1422 1432 et
1465 1369 1680 1432 tantae
1729 1367 2023 1432 caecitati
2064 1367 2335 1432 istorum
2380 1366 2728 1432 haeretico-

420 1494 561 1539 rum
610 1474 858 1557 quando
908 1474 1374 1553 demonstrabo,
1424 1493 1614 1557 quam
1659 1474 1796 1537 uim
1840 1475 2093 1551 habeat,
2133 1474 2304 1557 quod
2347 1474 2412 1537 in
2458 1475 2730 1557 psalmis

433 1580 715 1646 canitur:
793 1580 1267 1646 sacrificium
1338 1581 1592 1645 laudis
1659 1581 2141 1665 glorificabit
2200 1600 2343 1659 me,
2409 1584 2484 1645 et
2547 1580 2816 1645 illicm

418 1686 548 1749 uia
595 1689 731 1759 est,
780 1686 911 1751 ubi
959 1688 1353 1753 ostendam
1398 1688 1522 1753 illi
1572 1689 1912 1753 salutare
1957 1696 2242 1753 meum?
2286 1688 2480 1753 huius
2529 1687 2728 1752 sacri-

419 1793 546 1858 ficii
614 1812 756 1859 caro
822 1797 886 1857 et
959 1793 1218 1879 sanguis
1294 1798 1439 1860 ante
1514 1795 1860 1860 aduentum
1931 1795 2167 1861 Christi
2238 1814 2351 1877 per
2419 1794 2727 1859 uictimas

425 1900 918 1965 similitudinum
979 1902 1486 1984 promittebatur,
1551 1902 1617 1965 in
1683 1903 1978 1987 passione
2035 1901 2276 1967 Christi
2337 1920 2450 1983 per
2511 1900 2726 1982 ipsam

412 2007 750 2072 ueritatem
796 2007 1195 2085 reddebatur,
1244 2012 1393 2091 post
1448 2027 1785 2075 ascensum
1824 2009 2060 2074 Christi
2099 2028 2212 2093 per
2248 2009 2726 2073 sacramentum

416 2113 760 2177 memoriae
808 2114 1200 2187 celebratur:
1260 2134 1334 2179 ac
1379 2134 1492 2198 per
1534 2116 1956 2183 hoc'tantum
2000 2119 2271 2181 interest
2313 2116 2481 2180 inter
2527 2114 2726 2178 sacri-
2769 2130 2828 2167 1⁵

412 2220 559 2285 ficia
618 2238 1010 2303 paganorum
1076 2224 1140 2285 et
1194 2222 1651 2301 Hebraeorum,
1712 2228 2018 2306 quantum
2073 2224 2241 2288 inter
2291 2220 2726 2287 imitationem

415 2326 727 2389 errantem
776 2327 841 2389 et
874 2326 1473 2410 praefigurationem
1508 2330 2082 2412 praenuntiantem.
2132 2328 2301 2394 sicut
2335 2329 2549 2391 autem
2589 2344 2724 2389 non

413 2431 555 2496 ideo
615 2432 1076 2497 contemnenda
1128 2434 1236 2498 uel
1292 2434 1666 2499 detestanda
1721 2439 1823 2500 est
1876 2436 2212 2521 uirginitas
2269 2433 2723 2500 sanctimonia-

403 2537 587 2614 lium,
656 2537 803 2619 quia
868 2540 934 2601 et
978 2538 1275 2604 Uestales
1332 2541 1612 2626 uirgines
1667 2543 1945 2622 fuerunt,
2003 2544 2097 2608 sic
2145 2562 2267 2607 non
2314 2542 2458 2607 ideo
2505 2559 2722 2623 repre-

404 2643 738 2708 hendenda
794 2645 1105 2710 sacrificia
1159 2648 1435 2729 patrum,
1494 2650 1643 2731 quia
1697 2646 1849 2715 sunt
1904 2652 1969 2715 et
2023 2649 2332 2714 sacrificia
2398 2648 2718 2733 gentium.
2763 2664 2824 2703 ²⁰

310 2758 319 2766 “
407 2750 575 2833 quia,
643 2750 817 2816 sicut
880 2751 1046 2817 inter
1104 2752 1252 2818 illas
1316 2754 1719 2839 uirginitates
1784 2756 2062 2819 multum
2130 2755 2348 2835 distat,
2415 2754 2720 2837 quamuis

405 2854 566 2920 nihil
614 2855 790 2920 aliud
838 2856 1054 2935 distet,
1102 2858 1226 2923 nisi
1274 2846 1435 2942 q'uae
1483 2860 1587 2925 cui
1631 2863 1948 2926 uoueatur
2001 2864 2191 2944 atque
2246 2861 2566 2938 reddatur,
2617 2861 2720 2926 sie-

402 2962 568 3027 inter
626 2962 934 3028 sacrificia
987 2983 1379 3049 paganorum
1437 2969 1502 3031 et
1554 2968 1988 3033 Hebraeorum
2043 2968 2322 3032 multum
2380 2968 2578 3032 distat
2635 2986 2718 3033 eo

402 3068 568 3151 ips0,
601 3069 773 3152 quod
809 3050 932 3135 ho’c
974 3072 1185 3136 solum
1224 3073 1440 3153 distat,
1479 3093 1642 3156 quae
1683 3074 1787 3139 cui
1825 3075 1955 3139 sint
1988 3074 2324 3139 immolata
2359 3076 2428 3139 et
2463 3074 2716 3138 oblata:

408 3173 522 3237 illa
570 3174 820 3238 scilicet
865 3177 1175 3259 superbae
1220 3177 1512 3261 inpietati
1560 3180 2038 3247 daemoniorum
2079 3181 2150 3245 id
2192 3181 2407 3265 ipsum
2455 3181 2578 3247 sibi
2627 3182 2714 3246 ob
2761 3196 2820 3237 ²5

406 3279 529 3344 hoc
577 3279 1038 3364 adrogantium,
1088 3302 1216 3365 quo
1262 3283 1645 3350 haberentur
1691 3285 1798 3364 dii,
1849 3287 1997 3367 quia
2042 3284 2296 3352 diuinus
2353 3287 2554 3352 honor
2609 3290 2714 3351 est

580 3478 649 3533 10
684 3478 774 3532 Ps.
813 3480 903 3545 49,
940 3480 1009 3535 23

474 3601 501 3655 1
542 3602 647 3671 ipsi
693 3601 769 3654 L¹
804 3602 923 3675 ipse
958 3604 1037 3657 L²
1181 3607 1338 3677 culpe
1376 3609 1423 3663 C
1562 3612 1597 3663 3
1631 3608 1806 3664 redire
1834 3628 1867 3663 a
1895 3610 2243 3681 martyribus]
2281 3612 2704 3668 deridereamar-

400 3690 611 3760 tyribus
656 3690 943 3746 L¹S¹P¹M
952 3693 1061 3747 6¹1»
1119 3694 1413 3767 derogare..¹
1458 3698 1784 3768 martyribus
1821 3699 1900 3753 L2
1943 3700 2187 3756 deridere
2241 3706 2502 3773 martyres
2553 3703 2710 3759 6282

400 3778 645 3833 diffidere
684 3797 715 3834 a
750 3780 1078 3851 martyribus
1106 3783 1201 3837 Ma
1310 3803 1467 3855 quam
1507 3788 1900 3858 sacrilegu***¹=
1936 3790 2233 3845 sacrificare
2263 3791 2332 3844 Μ
2429 3792 2701 3847 ieiunmm

398 3868 442 3933 (i
480 3870 576 3931 er.)
624 3867 679 3921 L
831 3871 1139 3926 martiribus
1192 3872 1241 3927 0
1377 3876 1413 3927 4
1450 3875 1586 3929 dixit
1625 3876 1751 3945 (bis)
1792 3877 2117 3934 SP¹L¹MG
2260 3882 2294 3934 5
2329 3882 2612 3935 martirum
2659 3882 2712 3937 Ο

397 3958 429 4009 7
471 3974 572 4026 que
607 3956 655 4011 0
792 3958 827 4010 8
864 3961 1019 4013 tante
1045 3959 1103 4013 L
1265 3963 1479 4017 cecitati
1514 3964 1611 4019 CL
1774 3967 2133 4023 hereticorum
2160 3968 2270 4023 LC
2401 3970 2435 4025 9
2471 3970 2699 4025 demon-

396 4045 578 4100 strabo
608 4050 659 4113 (e
688 4047 751 4099 in
773 4046 909 4116 ναε.)
936 4046 992 4101 L
1100 4050 1168 4103 10
1206 4052 1515 4106 sacrifitium
1552 4054 1601 4107 C
1740 4056 2069 4126 glorificauit
2093 4058 2342 4115 LSM¹G
2454 4062 2512 4114 11
2549 4064 2700 4117 salu-

395 4142 511 4188 tare
538 4136 591 4189 L
702 4137 767 4188 14
797 4138 1096 4209 ascensum]
1138 4138 1431 4195 aduentum
1466 4142 1515 4195 C'
1619 4144 1685 4197 15
1715 4145 1972 4200 sacrifitia
2005 4147 2056 4201 G
2151 4149 2218 4203 16
2245 4148 2566 4205 hebreorum
2601 4154 2704 4207 CL

400 4224 464 4276 17
484 4225 919 4293 prenuntiantem
948 4226 995 4279 Ο
1102 4228 1167 4280 19
1186 4228 1567 4298 rephendenda
1593 4232 1648 4285 L
1775 4234 1843 4287 20
1882 4236 2138 4291 sacrifitia
2161 4236 2212 4292 G
2375 4243 2503 4293 sunt
2528 4258 2573 4297 s.
2597 4243 2634 4296 Ζ.
2659 4242 2706 4297 S

396 4312 466 4365 23
504 4328 566 4365 eo
604 4312 967 4382 ipso—distat
1004 4316 1086 4375 (in
1121 4320 1316 4386 mar-9.)
1353 4318 1403 4373 S
1503 4320 1573 4373 25
1613 4320 1978 4377 demoniorum
2017 4325 2066 4379 C
2168 4326 2239 4382 26
2277 4328 2422 4399 quod
2457 4330 2512 4384 L
2549 4332 2626 4402 qd
2657 4332 2700 4387 C
