3159 4984
501 433 632 496 624
1181 430 1233 484 S.
1287 429 1563 484 Aureli
1618 429 2057 499 Augustini

500 625 667 690 diem
715 628 1020 711 fungatur
1067 630 1439 705 extremum,
1495 645 1622 692 non
1676 626 1805 690 iam
1863 625 2323 703 emendatione,
2382 626 2494 690 sed
2544 626 2799 689 damna-

498 733 674 797 tione
721 732 986 817 dignum
1032 734 1132 798 lex
1177 733 1292 798 illa
1333 733 1925 817 inreprehensibilis
1974 735 2213 800 censet.

591 841 696 903 30.
763 839 1038 905 Aeterna
1095 860 1240 926 ergo
1297 841 1441 925 lege
1499 841 1813 915 consulta,
1872 859 2031 923 quae
2090 840 2373 906 ordinem
2436 841 2799 904 naturalem

501 947 861 1012 conseruari
905 947 1108 1025 iubet,
1155 948 1510 1030 perturbari
1555 950 1757 1025 uetat,
1806 948 2143 1012 uideamus
2200 946 2353 1028 quid
2406 947 2799 1030 peccauerit,

499 1054 564 1119 id
612 1057 730 1134 est,
779 1054 931 1137 quid
972 1058 1190 1121 contra
1225 1055 1418 1120 istam
1461 1056 1673 1138 legem
1720 1054 1941 1120 fecerit
1984 1056 2163 1137 pater
2197 1054 2517 1118 Abraham
2560 1054 2627 1118 in
2674 1053 2801 1126 his,
2878 1071 2911 1108 ⁵

502 1180 662 1243 quae
709 1162 892 1226 uelut
927 1181 1160 1246 magna
1197 1161 1461 1226 crimina
1495 1161 1777 1226 Faustus
1819 1163 2073 1229 obiecit.
2123 1161 2528 1238 habendae,
2566 1160 2800 1243 inquit,

499 1268 742 1351 prolis
807 1267 1076 1332 insana
1138 1269 1480 1353 flagrans
1547 1269 1903 1352 cupidine
1970 1273 2043 1334 et
2107 1269 2271 1346 dec,
2340 1268 2464 1350 qui
2522 1268 2596 1333 id
2652 1268 2801 1331 iam

505 1375 654 1440 sibi
720 1375 804 1440 de
873 1375 1052 1441 Sara
1127 1375 1447 1460 coniuge
1521 1376 2005 1458 promiserat,
2082 1376 2385 1458 minime
2460 1374 2801 1450 credenS,

503 1502 667 1546 cum
715 1483 963 1566 pelice
1010 1484 1414 1548 uolutatus
1462 1483 1585 1548 sit.
1633 1483 1857 1548 insana
1901 1503 2053 1549 uero
2100 1484 2543 1573 isteFaustus
2591 1480 2803 1546 crimi-

503 1589 689 1654 nandi
746 1589 1094 1672 cupiditate
1153 1593 1449 1655 caecatus
1507 1594 1571 1655 et
1626 1591 1909 1656 haeresis
1966 1608 2121 1655 suae
2176 1589 2354 1654 nefas
2408 1588 2689 1672 prodidit
2736 1591 2807 1652 et
2851 1608 2911 1646 ιο

499 1695 790 1774 Abrahae
839 1697 1248 1762 concubitum
1293 1697 1586 1762 nesciens
1634 1715 1973 1779 erransque
2027 1697 2336 1762 laudauit.
2404 1697 2575 1761 sicut
2629 1695 2802 1758 enim

503 1805 598 1868 lex
660 1803 776 1867 illa
815 1806 1121 1882 aeterna,
1187 1803 1256 1867 id
1321 1805 1421 1868 est
1483 1803 1785 1869 uoluntas
1852 1804 1953 1870 dei
2018 1807 2447 1870 creaturarum
2514 1802 2805 1869 omnium

503 1909 847 1976 conditoris
924 1910 1357 1976 conseruando
1431 1911 1707 1974 naturali
1783 1911 1987 1978 ordini
2068 1912 2408 1977 consulens
2432 1961 2447 1988 ,
2524 1929 2649 1975 non
2724 1911 2807 1973 ut

503 2017 828 2082 satiandae
873 2017 1122 2081 libidini
1169 2017 1503 2095 seruiatur,
1553 2017 1669 2083 sed
1714 2021 1789 2082 ut
1834 2019 2030 2084 saluti
2068 2018 2317 2102 generis
2354 2005 2803 2100 prospiciatur,

503 2126 582 2192 ad
625 2125 864 2206 prolem
913 2125 1355 2204 tantummodo
1402 2125 1871 2210 propagandam
1916 2126 2207 2190 mortalis
2265 2125 2467 2190 carnis
2526 2124 2804 2189 delecta·
2850 2143 2905 2181 ιτ»

501 2233 742 2298 tionem
808 2231 1136 2296 dominatu
1199 2230 1463 2297 rationis
1516 2231 1582 2294 in
1640 2231 1983 2297 concubitu
2036 2233 2302 2296 relaxari
2356 2231 2545 2316 sinit:
2612 2231 2705 2296 sic
2768 2250 2803 2294 e

503 2339 813 2405 contrario
868 2357 1168 2422 peruersa
1221 2339 1322 2404 lex
1365 2338 1909 2415 Manichaeorum,
1966 2358 2044 2404 ne
2102 2338 2259 2404 deus
2316 2358 2558 2416 eorum,
2607 2357 2801 2420 quem

500 2447 774 2531 ligatum
819 2445 883 2510 in
934 2445 1229 2512 omnibus
1278 2445 1629 2510 seminibus
1675 2447 2005 2530 plangunt,
2050 2447 2116 2510 in
2164 2447 2477 2528 conceptu
2522 2443 2803 2509 feminae

503 2554 702 2618 artius
749 2551 1126 2636 conligetur,
1181 2553 1427 2636 prolem
1473 2557 1619 2617 ante
1668 2553 1877 2618 omnia
1924 2553 2194 2618 deuitari
2241 2572 2278 2617 a
2323 2551 2804 2618 concumbenti-

503 2662 623 2725 bus
669 2661 870 2738 iubet,
917 2662 994 2723 ut
1038 2659 1196 2724 deus
1246 2678 1462 2724 eorum
1509 2659 1681 2743 turpi
1726 2661 1913 2742 lapsu
1956 2660 2173 2742 potius
2212 2657 2569 2724 effundatur
2606 2677 2805 2741 quam
2844 2672 2904 2712 πο

503 2767 744 2832 crudeli
800 2785 961 2832 nexu
1017 2749 1354 2830 uinciatur.
1419 2785 1543 2830 non
1601 2767 1801 2851 igitur
1844 2766 2161 2832 Abraham
2218 2765 2415 2849 prolis
2468 2764 2803 2829 habendae

497 2874 723 2940 insana
769 2873 1117 2957 cupiditate
1161 2873 1490 2958 flagrabat,
1539 2874 1655 2938 sed
1698 2873 2112 2958 Manichacus
2166 2873 2363 2956 prolis
2418 2871 2805 2937 deuitandae

499 2981 722 3046 insana
756 2980 1042 3045 uanitate
1081 2979 1408 3045 delirabat.
1454 2980 1717 3062 proinde
1760 2982 1873 3046 ille
1909 2985 2172 3046 naturae
2211 2981 2492 3049 ordinem
2531 2998 2805 3045 seruans

504 3086 662 3151 nihil
707 3086 984 3151 humano
1034 3087 1375 3152 concubitu
1423 3088 1671 3171 agebat,
1720 3088 1844 3153 nisi
1881 3092 1956 3153 ut
1990 3089 2181 3154 homo
2220 3091 2621 3164 nasceretur;
2670 3088 2804 3152 iste

501 3193 983 3275 peruersitatem
1047 3194 1302 3258 fabulae
1368 3193 1717 3260 obseruans
1773 3195 1932 3260 nihil
1986 3197 2049 3260 in
2108 3196 2396 3278 quolibet
2449 3195 2803 3261 concubitu
2843 3211 2900 3250 εδ

502 3299 789 3375 timebat,
839 3298 962 3364 nisi
1008 3319 1086 3365 ne
1134 3300 1290 3366 deus
1341 3302 1789 3388 captiuaretur.

594 3406 698 3472 31.
752 3405 873 3470 Ubi
921 3409 1136 3471 autem
1173 3407 1453 3472 Faustus
1488 3407 1556 3471 in
1592 3407 1761 3473 facto
1798 3409 2085 3474 Abrahae
2124 3410 2307 3473 uelut
2342 3410 2805 3475 conscientiam

579 3635 603 3684 1
646 3633 1023 3688 emendatione
1063 3637 1113 3703 (e
1149 3637 1247 3706 fin.
1283 3651 1328 3689 ε.
1368 3636 1403 3688 1.
1445 3635 1573 3691 add.
1613 3653 1682 3690 m.
1722 3636 1781 3705 2)
1819 3638 1872 3691 L
1980 3637 2013 3689 2
2050 3637 2489 3708 inrephensibilis
2534 3637 2582 3691 0
2621 3637 2803 3707 irrep-

503 3720 784 3775 hensibilis
821 3720 875 3774 L
1018 3727 1239 3777 censeat
1275 3722 1444 3778 SMG
1589 3724 1623 3776 3
1661 3727 1898 3779 aeterna.
1934 3725 2079 3797 Ergo
2118 3726 2265 3781 LGb
2446 3725 2622 3780 csulta
2663 3727 2714 3792 (c
2752 3741 2801 3780 s.

505 3809 561 3880 l.)
607 3809 655 3863 (J
791 3811 826 3864 ὸ
859 3809 1156 3881 habraham
1203 3812 1251 3867 0
1282 3812 1500 3867 abraam
1537 3816 1693 3884 pater
1730 3813 1761 3866 b
1908 3814 1939 3867 7
1980 3814 2073 3884 qui
2108 3813 2188 3884 id]
2226 3813 2355 3884 quid
2393 3814 2447 3867 L
2485 3813 2629 3884 quod
2674 3811 2806 3868 6¹8

503 3898 655 3970 quiid
693 3905 800 3969 (pr.
835 3901 857 3954 i
891 3916 934 3956 ε.
976 3901 1012 3954 l.
1053 3917 1090 3954 a
1124 3919 1192 3957 m.
1232 3905 1298 3967 2)
1335 3902 1412 3955 M
1550 3902 1582 3956 8
1621 3919 1767 3957 sarra
1802 3902 1856 3956 L
2001 3903 2067 3958 10
2102 3903 2306 3958 heresis
2346 3902 2491 3958 CSG
2526 3902 2707 3956 heresi
2750 3905 2803 3972 (s

503 3993 595 4060 er.)
633 3990 687 4045 L
829 4007 928 4046 sna
965 3991 1014 4061 (e
1052 3993 1146 4057 er.)
1185 3991 1239 4044 L
1347 3991 1416 4045 12
1454 3991 1550 4046 illa
1588 4008 1689 4046 om.
1728 3991 1815 4047 Pb
1943 3993 2009 4046 14
2047 3993 2407 4063 prospiciatur
2444 3993 2511 4062 (ci
2550 4008 2689 4046 corr.
2730 4007 2803 4044 ex

503 4081 589 4149 cu)
626 4079 680 4133 L
787 4081 854 4134 15
893 4079 1264 4135 delibationem
1309 4079 1362 4135 G
1472 4081 1538 4134 16
1577 4081 1895 4136 concubitus
1930 4081 1985 4135 L
2124 4083 2351 4138 relaxari
2390 4085 2443 4149 (x
2478 4083 2541 4136 in
2576 4087 2714 4146 ras.)
2744 4082 2803 4136 L

504 4169 570 4223 17
607 4169 1007 4224 manicheorum
1045 4171 1098 4224 L
1209 4171 1276 4224 18
1313 4170 1578 4225 faeminae
1623 4171 1723 4226 GS
1830 4175 1897 4228 19
1936 4173 2167 4228 debitari
2202 4172 2256 4226 L
2364 4174 2429 4226 21
2470 4171 2725 4226 uincetur
2762 4170 2797 4224 b

506 4262 588 4327 (in
622 4277 723 4331 my.
763 4259 831 4314 al.
869 4259 1158 4330 uinciatur)
1289 4261 1358 4314 22
1395 4261 1710 4317 manicheus
1748 4263 1856 4317 LO
1983 4263 2049 4316 27
2090 4263 2421 4318 conscientia
2454 4263 2511 4330 (a
2548 4277 2688 4316 corr.
2724 4279 2800 4315 m.

507 4356 535 4402 1
571 4369 635 4405 ex
673 4354 722 4418 e)
757 4354 800 4402 C
2142 4371 2149 4377 ·
