3159 4984
806 408 897 462 VI.
957 407 1245 464 Contra
1298 410 1666 466 Faustum
1723 411 1852 466 lib.
1890 410 2118 465 XXIIII.
2466 417 2588 480 721

307 604 695 686 professione
744 623 781 668 a
826 604 1012 670 uobis
1071 605 1305 670 distare
1362 625 1551 688 quam
1605 606 1961 684 intellectu,
2032 605 2353 689 siquidem
2407 610 2599 675 uobis

307 711 616 794 placuerit
670 711 793 777 hoc
846 711 1049 778 ueteri
1107 717 1172 777 et
1228 713 1520 778 exteriori
1576 713 1818 779 homini
1876 732 1949 778 ac
2004 716 2250 780 terreno
2296 716 2598 794 tribuere,

307 822 382 882 ut
427 819 513 882 sit
550 836 586 880 a
622 817 740 884 deo
776 819 1109 897 formatus,
1156 839 1273 884 1108
1330 838 1480 885 11010
1520 824 1743 885 contra
1779 820 2040 886 caelesti
2078 821 2200 886 1100
2238 820 2598 888 dederimus

310 928 374 989 et
416 925 703 990 interiori
750 944 823 990 ac
870 945 1037 991 nouo
1084 925 1327 991 homini
1391 925 1750 991 deferamus
1817 946 2022 1009 neque
2076 926 2148 991 id
2185 931 2441 994 'temere
2490 932 2604 993 aut

250 1048 275 1084 ⁵
307 1033 807 1116 praesumptiue,
858 1032 971 1097 sed
1019 1051 1057 1096 a
1104 1031 1358 1098 Christo
1416 1031 1734 1098 discentes
1795 1036 1860 1097 et
1917 1033 2054 1098 eius
2111 1034 2442 1117 apostolis,
2492 1035 2601 1118 qui

311 1139 498 1222 primi
546 1140 765 1204 eadem
811 1140 875 1203 in
920 1139 1161 1204 mundo
1210 1139 1508 1205 docuisse
1554 1143 2010 1205 monstrantur.

403 1247 462 1310 2.
501 1247 967 1316 AUGUSTINUS
1002 1246 1355 1330 respondit:
1394 1247 1636 1312 Paulus
1674 1247 1934 1330 quidem
1971 1248 2304 1329 apostolus
2344 1247 2618 1312 interio··

312 1373 445 1416 rem
490 1352 813 1418 hominem
857 1372 971 1436 per
1013 1353 1310 1437 spiritum
1346 1353 1601 1431 mentis,
1642 1355 2013 1418 exteriorem
2050 1373 2202 1419 uero
2239 1353 2304 1419 in
2344 1373 2602 1440 corpore

315 1463 503 1542 atque
548 1459 675 1524 ista
718 1460 975 1525 mortali
1031 1460 1169 1524 uita
1220 1462 1366 1525 uult
1417 1460 1750 1545 intellegiz
1809 1480 1931 1526 non
1987 1464 2204 1525 tamen
2257 1466 2604 1546 utrumque

230 1578 279 1616 ¹⁰
314 1566 541 1631 horum
605 1567 800 1632 simul
864 1567 1025 1632 duos
1090 1565 1380 1632 homines
1445 1587 1592 1632 eum
1657 1568 1888 1632 dixisse
1949 1568 2288 1652 aliquando
2343 1569 2409 1633 in
2467 1569 2603 1634 01118

314 1671 547 1738 litteris
610 1673 867 1757 legitur,
927 1674 1041 1738 sed
1094 1691 1313 1752 unum,
1373 1693 1561 1756 quem
1618 1677 1830 1740 totum
1887 1674 2045 1740 deus
2099 1675 2344 1756 fecerit,
2394 1676 2607 1760 idest

318 1784 383 1844 et
428 1779 514 1856 id,
564 1780 732 1862 quod
778 1780 1050 1845 interius
1106 1783 1225 1858 est,
1282 1783 1349 1844 et
1398 1780 1486 1858 id,
1543 1780 1715 1864 quod
1769 1781 2083 1858 exterius3
2152 1782 2265 1847 sed
2323 1802 2468 1847 eum
2527 1782 2605 1846 ad
2703 1844 2712 1853 ,

315 1889 658 1972 imaginem
706 1906 888 1952 suam
934 1907 1057 1953 non
1103 1887 1259 1952 fecit
1293 1887 1418 1952 nisi
1456 1885 1806 1952 secundum
1843 1886 1930 1966 id,
1972 1889 2140 1970 quod
2176 1888 2445 1954 interius
2485 1891 2605 1966 est,

318 2015 441 2061 non
490 1995 701 2060 solum
745 1995 1209 2078 incorporeum,
1257 2013 1484 2059 uerum
1532 1993 1728 2058 etiam
1771 1995 2100 2072 rationale,
2149 1993 2319 2077 quod
2367 1995 2606 2078 pecori-

230 2111 279 2148 1⁵
320 2103 443 2168 bus
488 2121 612 2168 non
658 2102 847 2172 inest.
896 2122 1019 2167 non
1065 2102 1281 2184 itaque
1327 2121 1527 2166 unum
1572 2101 1893 2167 hominem
1939 2101 2094 2166 fecit
2139 2101 2218 2166 ad
2262 2102 2605 2186 imaginem

320 2228 502 2274 suam
550 2213 617 2274 et
660 2209 934 2274 alterum
978 2208 1134 2273 fecit
1177 2227 1304 2274 non
1350 2208 1428 2273 ad
1474 2209 1818 2293 imaginem
1867 2227 2071 2287 suam,
2132 2208 2248 2274 sed
2293 2209 2442 2291 quia
2485 2209 2608 2274 hoc

320 2319 681 2399 utrumque,
727 2315 995 2381 interius
1063 2319 1129 2380 et
1188 2315 1487 2394 exterius,
1536 2315 1732 2380 simul
1793 2335 1962 2380 unus
2015 2316 2209 2381 homo
2266 2317 2386 2394 est,
2442 2315 2612 2380 hunc

321 2442 520 2488 unum
566 2422 888 2488 hominem
938 2422 1017 2487 ad
1060 2421 1405 2506 imaginem
1463 2441 1647 2487 suam
1701 2422 1873 2500 fecit,
1930 2442 2054 2488 non
2115 2421 2468 2486 secundum
2524 2422 2610 2500 id,

324 2530 493 2613 quod
546 2530 740 2594 habet
792 2548 1021 2613 corpus
1080 2530 1594 2612 corporalemque
1653 2529 1876 2606 uitam,
1947 2529 2060 2593 sed
2119 2529 2469 2592 secundum
2523 2527 2611 2602 id,

234 2641 286 2679 ²⁰
325 2637 494 2720 quod
539 2637 731 2700 habet
773 2636 1149 2702 rationalem
1195 2639 1498 2714 mentem,
1538 2653 1664 2717 qua
1701 2638 2046 2718 cognoseat
2083 2633 2275 2698 deum
2314 2638 2380 2699 et
2415 2633 2614 2699 omni-

322 2745 445 2809 bus
491 2743 976 2809 inrationalibus
1024 2742 1244 2807 eadem
1291 2741 1553 2806 rationis
1602 2741 1975 2806 excellentia
2008 2744 2453 2824 praeponatur.
2502 2738 2615 2805 sed

326 2851 489 2916 illud
524 2851 791 2915 interius
832 2849 1125 2915 concedit
1149 2849 1427 2913 Faustus
1471 2866 1507 2911 a
1544 2848 1662 2912 deo
1699 2846 1852 2914 fieri.
1895 2866 2058 2912 cum
2105 2851 2606 2923 „renouatur‚“

328 2956 600 3041 inquit,
658 2957 765 3032 „in
814 2956 1283 3040 agnitionem
1332 2954 1450 3019 dei
1501 2953 1910 3019 secundum
1969 2954 2372 3038 imaginem
2430 2953 2614 3033 eius,

330 3065 459 3148 qui
508 3064 805 3129 creauit
850 3071 1075 3128 eum.“
1130 3062 1291 3127 hanc
1338 3061 1756 3144 apostolicam
1810 3061 1996 3144 plane
2043 3078 2319 3144 agnosco
2369 3064 2616 3125 senten-

242 3169 295 3208 25
328 3173 523 3236 tiam:
572 3189 765 3252 quare
812 3170 950 3252 ipse
999 3170 1263 3234 alteram
1310 3189 1433 3233 non
1481 3166 1776 3252 agnoscit
1833 3166 2052 3242 „deus
2099 3167 2361 3251 posuit
2405 3186 2616 3232 mem·

510 3399 577 3452 22
616 3398 730 3452 Col.
769 3398 818 3459 3,
861 3397 927 3451 10
1037 3397 1104 3449 25
1142 3395 1169 3448 Ι
1207 3393 1326 3450 Cor.
1370 3395 1453 3458 12,
1495 3393 1560 3446 18

406 3526 433 3576 1
472 3521 803 3592 professione
840 3522 913 3590 (m
952 3521 1044 3589 er.)
1082 3515 1221 3582 LM,
1260 3517 1353 3585 (m.
1390 3516 1530 3584 exp.)
1567 3517 1612 3588 S
1645 3515 2033 3585 professionem
2066 3514 2119 3570 G·
2227 3517 2261 3568 2
2295 3515 2535 3569 homini*
2575 3517 2620 3582 (s
2679 3549 2682 3552 -

334 3617 427 3681 er.)
470 3611 518 3666 0
637 3611 670 3664 3
708 3614 927 3664 econtra
964 3608 1009 3662 G
1149 3605 1503 3660 dedenrimus
1547 3603 1595 3658 C'
1715 3606 1751 3658 4
1787 3603 2088 3660 deferamus
2126 3602 2201 3657 L¹
2345 3604 2535 3658 timere
2581 3602 2628 3655 G

334 3704 367 3756 5
403 3700 805 3772 praesumptiue
832 3697 885 3750 L
919 3696 1288 3768 presumptiue
1314 3693 1363 3749 0
1432 3694 1461 3745 7
1498 3693 1632 3762 Cap.
1662 3687 2160 3748 XLV'HLPSGM
2251 3690 2627 3762 AgustinusL

336 3793 369 3846 8
416 3808 511 3862 pro
558 3793 653 3856 (ex
699 3805 795 3859 per
839 3803 975 3842 corn
1022 3803 1092 3839 m.
1140 3789 1205 3851 2)
1243 3784 1371 3838 LM
1508 3788 1611 3856 sp‘u
1657 3783 1710 3836 L
1841 3784 2037 3837 mentis
2087 3787 2138 3850 (e
2185 3783 2248 3835 in
2293 3782 2312 3834 i
2361 3783 2522 3845 corr.)
2571 3779 2628 3832 P

336 3880 672 3949 exteriorem]
710 3881 770 3943 et
805 3876 1121 3930 exteriorem
1157 3873 1351 3936 Usa,
1391 3874 1472 3945 (οτ
1510 3875 1604 3942 er.)
1643 3875 1710 3926 M
1747 3877 1804 3927 et
1841 3873 2154 3927 exteriorem
2193 3871 2227 3924 b
2466 3870 2532 3923 10
2567 3869 2624 3922 in

336 3987 439 4024 om.
478 3968 578 4023 SG
689 3969 752 4020 11
792 3969 878 4020 est
914 3967 989 4034 (81.-
1023 3981 1065 4019 s.
1107 3965 1141 4018 Ζ.
1182 3963 1310 4019 add.
1348 3981 1417 4018 m.
1458 3967 1516 4023 2)
1557 3963 1612 4016 L
1719 3963 1786 4016 12
1817 3966 1902 4015 est
1917 3967 2050 4030 post
2075 3961 2174 4014 int.
2200 3975 2244 4013 8.
2275 3959 2310 4015 1.
2342 3975 2380 4011 a
2405 3975 2475 4011 m.
2505 3960 2546 4011 2
2572 3957 2625 4009 L

339 4056 570 4110 exterius
609 4059 695 4110 est
736 4055 783 4108 0
891 4056 954 4107 14
989 4051 1259 4106 racionale
1297 4051 1343 4105 S
1374 4051 1640 4105 rationale
1670 4049 1748 4104 Cb
1890 4047 2202 4119 peccoribus
2233 4045 2281 4102 S
2384 4048 2452 4100 15
2483 4048 2567 4100 est
2595 4045 2626 4098 b

344 4148 409 4200 19
446 4161 550 4216 que
586 4144 759 4199 uitam
796 4147 867 4209 (s.
907 4142 941 4196 Ζ.
980 4157 1048 4195 m.
1083 4143 1215 4206 rec.)
1261 4137 1309 4193 0
1411 4140 1478 4194 21
1516 4138 1990 4193 inrationabilibus
2031 4137 2109 4196 (bi
2144 4152 2187 4190 s.
2220 4137 2255 4190 Ζ.
2287 4152 2325 4188 α
2349 4151 2420 4188 m.
2447 4132 2549 4203 1?)
2585 4133 2634 4186 0

338 4229 817 4301 inrationabilibus
872 4233 1017 4297 (exp.
1072 4245 1141 4281 m.
1196 4230 1262 4295 2)
1320 4227 1369 4279 L
1558 4227 1628 4280 22
1681 4230 1974 4281 renouatur
2027 4226 2082 4296 (u
2139 4240 2274 4279 corr.
2330 4240 2394 4277 ex
2451 4223 2503 4290 b)
2559 4222 2628 4275 M

341 4323 411 4376 23
450 4322 645 4392 inquid
682 4321 803 4376 8¹6
947 4316 1227 4388 agnitione
1271 4315 1387 4370 CM
1489 4316 1559 4370 25
1595 4314 1819 4370 menbra
1856 4314 1955 4368 SG

399 4447 531 4486 XXV.
562 4447 683 4495 Aug.
712 4451 823 4485 sect.
852 4445 895 4485 6.
2453 4421 2524 4474 46
