3159 4984
453 377 588 440 696
1176 374 1226 428 S.
1289 371 1564 426 Aureli
1620 373 2055 441 Augustini

457 588 572 652 per
633 568 1006 652 prophetam
1083 568 1332 633 dictum
1409 569 1545 632 est:
1623 571 1697 631 et
1770 567 1915 632 erit
1988 587 2343 632 numerus
2416 567 2767 631 filiorum

465 675 763 741 Israhel
809 677 1032 757 quasi
1079 693 1300 740 arena
1343 675 1595 752 maris,
1656 694 1840 758 quae
1900 674 2061 738 sine
2117 693 2469 739 mensura
2524 677 2643 738 est
2692 677 2767 738 et

460 802 602 848 non
647 783 1193 860 numerabitur,
1244 784 1310 846 et
1356 781 1528 865 quod
1573 785 2036 864 consequenter
2079 782 2454 846 adiunctum
2503 785 2639 846 est:
2694 787 2769 846 et

461 889 608 952 erit
662 889 732 952 in
793 889 990 966 loco,
1051 889 1180 952 ubi
1239 889 1525 953 dictum
1585 891 1703 954 est
1756 888 1867 953 eis
1930 908 2108 965 „non
2163 889 2495 972 populus
2546 907 2765 952 meus

457 1002 664 1072 uoS,“
737 995 1040 1060 dicetur
1105 996 1244 1074 eis,
1311 997 1471 1060 filii
1537 996 1659 1060 dei
1723 995 1916 1074 uiui,
1994 1016 2116 1061 non
2186 997 2439 1062 omnino
2508 995 2586 1059 de
2646 995 2768 1059 ino
2842 1014 2873 1053 ⁵

459 1099 704 1165 Israhel
752 1120 895 1166 esse
944 1101 1208 1178 dictum,
1259 1102 1369 1184 qui
1426 1104 1526 1166 est
1581 1101 1933 1166 secundum
1990 1119 2264 1180 carnem,
2322 1102 2437 1167 sed
2492 1102 2571 1166 de
2626 1102 2767 1169 illo.

465 1207 542 1272 de
592 1227 715 1289 quo
765 1207 1096 1291 apostolus
1138 1209 1442 1292 gentibus
1482 1208 1675 1274 dicit:
1723 1228 1859 1274 uos
1909 1229 2084 1293 ergo
2120 1209 2462 1274 Abrahae
2510 1227 2767 1274 semen

459 1314 653 1378 estis
703 1314 1120 1379 secundum
1165 1315 1752 1398 promissionem
1798 1315 2137 1381 heredes,
2188 1315 2301 1380 sed
2352 1315 2649 1396 quoniam
2702 1319 2769 1379 et

459 1421 538 1485 de
603 1420 720 1484 illa
780 1421 1018 1486 Iudaea
1079 1420 1272 1484 multi
1341 1421 1747 1485 crediderunt
1802 1425 1867 1486 θῖ
1922 1422 2225 1487 credituri
2281 1425 2433 1487 sunt
2484 1459 2573 1468 --
2619 1441 2772 1485 nam

459 1527 609 1591 inde
677 1529 854 1591 erant
919 1528 984 1590 et
1049 1527 1344 1608 apostoli,
1411 1526 1556 1590 inde
1620 1529 1722 1592 tot
1774 1527 1972 1606 milia,
2031 1545 2192 1609 quae
2248 1528 2314 1591 in
2360 1527 2773 1591 Hierusalem
2820 1546 2879 1584 ιο

463 1633 773 1717 apostolis
833 1634 1078 1700 sociata
1134 1635 1302 1710 sunt,
1361 1634 1507 1698 inde
1565 1634 1895 1711 ecclesiae,
1955 1634 2031 1698 de
2090 1635 2325 1717 quibus
2373 1634 2452 1698 ad
2500 1633 2771 1699 Galatas

462 1738 654 1803 dicit:
735 1758 932 1804 eram
1006 1742 1257 1804 autem
1333 1740 1651 1824 ignotus
1715 1740 1910 1804 facie
1978 1741 2339 1806 ecclesiis
2414 1740 2773 1818 Iudaeae,

461 1865 647 1928 quae
697 1850 880 1911 sunt
914 1847 988 1911 in
1029 1847 1367 1925 Christo,
1419 1847 1586 1912 unde
1635 1850 1699 1912 et
1743 1847 2023 1930 lapidem
2070 1849 2444 1931 angularem
2486 1847 2553 1910 in
2599 1847 2778 1930 psal-

461 1952 584 2016 mis
641 1953 1030 2035 appellatum
1081 1953 1408 2018 dominum
1447 1953 1541 2017 sic
1577 1954 2048 2036 interpretatur,
2088 1953 2257 2035 quod
2296 1953 2457 2019 duos
2492 1953 2779 2036 parietes

459 2057 523 2120 in
583 2077 651 2122 se
705 2059 849 2142 ipso
911 2058 1323 2138 coniunxerit,
1392 2059 1895 2124 circumcisionis
1949 2060 2259 2124 uidelicet
2312 2061 2378 2124 et
2427 2059 2774 2143 praeputii,
2820 2079 2877 2118 1⁵

463 2167 546 2227 ut
594 2163 782 2229 duos
831 2166 1195 2230 conderet
1231 2167 1303 2230 in
1344 2185 1422 2232 se
1460 2185 1687 2231 unum
1726 2187 1999 2232 nouum
2036 2166 2433 2243 hominem,
2472 2166 2775 2230 faciens

461 2289 752 2353 pacem,
815 2277 888 2336 et
946 2276 1423 2337 conmutaret
1475 2277 1843 2356 utrosque
1900 2274 1974 2337 in
2029 2292 2175 2337 uno
2236 2292 2547 2356 corpore
2606 2272 2775 2352 dec,

458 2395 593 2459 per
641 2398 940 2445 crucem
989 2381 1475 2446 interficiens
1523 2380 1979 2445 inimicitias
2038 2381 2107 2443 in
2169 2383 2411 2445 semet
2456 2380 2647 2464 ipso,
2697 2385 2781 2444 et

461 2487 777 2552 ueniens
836 2488 1412 2572 euangelizaret
1464 2507 1725 2572 pacem
1782 2489 1930 2566 his,
1992 2489 2119 2570 qui
2176 2489 2433 2570 longe,
2494 2490 2569 2551 et
2626 2486 2776 2560 his,

461 2594 587 2676 qui
655 2613 916 2677 prope,
973 2594 1040 2658 id
1100 2598 1200 2659 est
1257 2595 1559 2679 gentibus
1616 2597 1807 2678 longe
1865 2596 1931 2658 et
1983 2594 2239 2658 Iudaeis
2308 2612 2539 2676 prope;
2606 2593 2777 2675 ipse
2814 2616 2877 2655 ιο

469 2704 587 2766 est
624 2701 818 2765 enim
855 2721 994 2786 pax
1031 2705 1319 2771 nostra,
1360 2701 1488 2784 qui
1524 2702 1715 2766 fecit
1760 2703 2081 2783 utraque
2136 2719 2365 2765 unum
2404 2737 2489 2744 —
2538 2698 2777 2762 merito

469 2811 532 2871 et
577 2807 701 2872 iste
748 2807 1060 2892 propheta
1095 2808 1262 2873 filios
1303 2807 1462 2872 Iuda
1497 2827 1740 2892 ponens
1778 2827 1891 2892 pro
1931 2807 2185 2873 Iudaeis
2226 2811 2289 2872 θῖ
2324 2806 2492 2872 filios
2527 2805 2779 2870 Israhel

461 2933 573 2997 pro
639 2915 969 2999 gentibus,
1020 2917 1094 2979 et
1150 2916 1845 3000 congregabuntur,
1896 2914 2132 2998 inquit.
2205 2915 2361 2978 filii
2408 2912 2639 2977 Iudae
2700 2916 2781 2976 et

463 3021 622 3085 filii
678 3022 976 3086 Israhel
1039 3023 1329 3106 pariter
1399 3026 1473 3088 et
1534 3025 1819 3106 ponent
1883 3023 2194 3087 sibimet
2250 3022 2481 3105 caput
2544 3037 2777 3083 unum

462 3132 540 3192 et
594 3128 1010 3193 ascendent
1065 3129 1149 3193 de
1205 3132 1430 3194 terra.
1494 3129 1647 3194 huic
1692 3131 1909 3212 itaque
1955 3129 2328 3213 prophetiae
2384 3130 2515 3190 tam
2570 3125 2781 3189 mani·
2818 3149 2875 3188 a

415 3235 624 3299 ·feste
681 3235 820 3318 ipso
876 3255 1086 3300 rerum
1146 3235 1377 3300 effectu
1434 3236 1791 3301 declaratae
1847 3236 2141 3318 quisquis
2200 3233 2598 3307 contradicit,
2646 3251 2779 3296 non

637 3491 666 3543 1
709 3487 827 3544 Gal.
867 3489 918 3556 3,
957 3491 1027 3544 29
1164 3491 1230 3544 11
1271 3489 1338 3545 cf.
1376 3492 1496 3545 Act.
1534 3491 1586 3555 2,
1626 3493 1726 3549 14;
1765 3491 1816 3556 4,
1854 3489 1891 3542 4
2028 3489 2095 3543 12
2136 3487 2255 3544 Gal.
2308 3489 2355 3551 1,
2396 3487 2464 3540 22
2598 3487 2667 3540 14
2708 3487 2773 3540 cf

461 3580 549 3636 ΡΒ.
593 3580 712 3642 117,
751 3579 820 3632 22
935 3579 1000 3632 16
1039 3579 1237 3650 Ephes.
1275 3579 1326 3640 2,
1367 3579 1433 3632 11
1473 3596 1592 3648 sqq.

532 3731 566 3784 2
602 3730 807 3785 harena
844 3730 902 3800 (h
938 3746 982 3785 s.
1021 3731 1058 3785 l.
1095 3747 1165 3788 m.
1203 3735 1253 3798 1)
1293 3729 1348 3784 L
1526 3734 1558 3786 8
1598 3731 1731 3785 estis
1770 3747 1873 3786 om.
1912 3731 1945 3785 b
2126 3732 2159 3784 9
2208 3729 2335 3800 iude
2372 3728 2426 3783 L
2464 3727 2625 3784 iudae
2672 3729 2783 3784 ΒΘ

461 3819 645 3874 iudaei
681 3818 784 3872 Mb
931 3819 1001 3873 10
1058 3834 1220 3890 quem
1279 3825 1313 3888 (⁸
1336 3820 1466 3874 add.
1523 3825 1573 3874 et
1624 3836 1679 3872 m
1736 3836 1855 3888 exp.
1910 3837 1979 3875 m.
2037 3822 2098 3886 2)
2158 3820 2208 3872 L
2266 3835 2370 3890 que
2426 3819 2500 3890 (m
2557 3821 2652 3886 er.)
2707 3818 2791 3872 M

470 3909 534 3962 11
577 3908 847 3963 aecclesiae
882 3907 930 3962 G
1115 3909 1367 3980 galathas
1397 3909 1443 3963 C
1625 3909 1692 3962 12
1720 3909 1859 3980 facie
1889 3908 1934 3962 C
2138 3907 2266 3978 iude
2296 3907 2369 3962 L¹
2400 3906 2595 3961 iudeae
2630 3905 2785 3962 CSG

463 3999 532 4053 14
569 3998 899 4067 interptatur
936 3995 1081 4052 GSG
1190 3998 1256 4052 15
1298 3998 1574 4069 praepucii
1611 3997 1659 4053 S
1764 4001 1831 4054 16
1878 3999 1930 4052 in
1970 4015 2137 4054 unum
2180 3997 2259 4051 Cb
2371 3995 2437 4049 17
2476 3998 2783 4050 communi-

465 4115 612 4166 caret
667 4111 714 4166 S
768 4078 1222 4182 commuj,ni{aret
1280 4112 1333 4167 G
1441 4112 1509 4165 18
1567 4113 1887 4169 inimicicias
1944 4112 2045 4168 86-
2155 4113 2223 4167 19
2262 4111 2676 4184 ςιιαιιςθῑίιαῐθῖ
2740 4113 2795 4168 0

460 4201 834 4270 euangelizare
873 4202 905 4256 b
1051 4203 1120 4256 iis
1160 4201 1286 4272 (bis)
1329 4202 1360 4255 b
1497 4201 1570 4256 20
1608 4206 1695 4257 est
1724 4203 1799 4272 (st
1822 4219 1865 4258 s.
1898 4203 1933 4256 l.
1966 4203 2096 4256 add.
2126 4219 2195 4257 m.
2227 4203 2285 4268 2)
2314 4202 2367 4256 L
2522 4199 2703 4256 iudeis
2740 4205 2793 4258 0

445 4290 538 4382 “25
575 4289 862 4359 manifeste
899 4289 948 4344 S
1052 4290 1122 4343 26
1163 4291 1353 4344 effecto
1399 4290 1538 4343 ML¹
