3159 4984
347 1640 401 1678 10

349 2170 398 2209 15

869 466 928 519 V.
985 464 1278 521 Contra
1335 466 1765 536 epistulam
1822 467 2337 523 fundamenti.
2602 472 2727 536 195

529 664 588 726 3.
653 664 788 745 Ego
835 669 1070 730 autem,
1119 664 1226 744 qui
1274 663 1382 727 diu
1429 663 1833 745 multumque
1890 664 2166 729 iactatus
2224 665 2479 730 tandem
2538 665 2731 749 respi-

439 788 576 833 cere
635 770 836 852 potui,
895 768 1047 851 quid
1105 768 1192 833 sit
1242 769 1356 833 illa
1411 769 1763 847 sinceritas,
1822 789 1983 853 quae
2040 771 2174 835 sine
2228 772 2433 835 inanis
2480 771 2731 836 fabulae

437 878 788 942 narratione
816 876 1194 959 percipiturz
1236 874 1343 957 qui
1373 894 1570 939 uanas
1606 876 2103 959 imaginationes
2142 875 2336 940 animi
2373 876 2500 939 mei
2537 876 2731 941 uariis

437 983 838 1065 opinionibus
907 982 1346 1064 erroribusque
1413 983 1733 1049 conlectas
1802 983 1906 1046 uix
1964 983 2159 1048 miser
2216 983 2419 1047 merui
2476 983 2729 1049 domino

437 1090 787 1173 opitulante
820 1088 1222 1154 conuincere:
1263 1090 1372 1171 qui
1399 1109 1503 1153 me
1537 1089 1617 1153 ad
1646 1090 2097 1174 detergendam
2132 1089 2466 1173 caliginem
2496 1091 2731 1155 mentis

437 1201 568 1260 tam
604 1196 781 1259 tarde
820 1196 1316 1261 clementissimo
1352 1194 1603 1260 medico
1641 1196 1905 1261 uocanti
1940 1195 2415 1277 blandientique
2454 1196 2722 1272 subieci;

439 1304 544 1385 qui
603 1303 711 1367 diu
767 1303 936 1375 fleui,
995 1305 1068 1365 ut
1121 1303 1661 1367 incommutabilis
1722 1306 1787 1366 et
1837 1303 2305 1367 inmaculabilis
2372 1304 2730 1369 substantia

439 1410 916 1473 concinentibus
973 1408 1209 1473 diuinis
1265 1407 1444 1473 libris
1503 1428 1643 1473 sese
1700 1408 1859 1473 mihi
1914 1409 2291 1491 persuadere
2346 1410 2727 1475 intrinsecus

439 1516 836 1599 dignaretur3
876 1514 986 1598 qui
1015 1515 1282 1597 denique
1314 1516 1524 1579 omnia
1559 1515 1672 1578 illa
1708 1516 2034 1599 figmenta,
2072 1534 2232 1597 quae
2272 1535 2388 1581 uos
2429 1515 2729 1581 diuturna

441 1622 894 1687 consuetudine
921 1621 1257 1705 inplicatos
1289 1624 1352 1685 et
1381 1622 1757 1687 constrictos
1790 1625 2030 1699 tenent,
2064 1626 2129 1686 et
2156 1622 2445 1703 quaesiui
2480 1622 2724 1687 curiose

439 1734 500 1793 et
545 1729 798 1793 adtente
846 1728 1064 1792 audiui
1111 1731 1176 1791 et
1217 1731 1456 1791 temere
1506 1729 1743 1793 credidi
1782 1731 1846 1793 et
1879 1728 2209 1807 instanter,
2250 1728 2482 1811 quibus
2520 1730 2723 1812 potui,

435 1838 717 1920 persuasi
775 1840 840 1899 et
893 1836 1200 1899 aduersus
1266 1836 1424 1899 alios
1490 1835 1893 1917 pertinaciter
1960 1836 2368 1918 animoseque
2408 1835 2723 1901 defendi:

436 1944 676 2009 saeuire
724 1945 784 2006 in
831 1964 951 2009 006
1001 1944 1254 2009 omnino
1301 1960 1423 2005 non
1471 1960 1757 2023 possum,
1808 1962 1971 2024 quos
2012 1943 2182 2006 sicut
2216 1963 2317 2007 me
2354 1943 2567 2026 ipsum
2610 1944 2723 2007 illo

435 2053 713 2134 tempore
776 2054 868 2117 ita
913 2069 1082 2115 nuno
1131 2049 1328 2115 debeo
1376 2050 1689 2113 sustinere
1731 2052 1797 2113 et
1832 2053 2011 2113 tanta
2046 2050 2351 2132 patientia
2388 2050 2723 2116 uobiscum

435 2176 634 2241 agere.
703 2161 938 2241 quanta
999 2178 1250 2222 mecum
1317 2161 1583 2241 egerunt
1643 2158 1909 2240 proximi
1976 2158 2123 2234 mei,
2188 2178 2333 2222 cum
2388 2158 2453 2222 in
2506 2160 2721 2224 uestro

435 2264 725 2348 dogmate
771 2266 1062 2329 rabiosus
1112 2268 1176 2329 et
1222 2284 1448 2329 caecus
1498 2283 1791 2328 errarem.
1930 2330 1933 2333 ,

521 2373 607 2437 Ut
652 2376 866 2437 6016111
909 2372 1161 2436 facilius
1209 2371 1560 2436 mitescatis
1602 2374 1667 2435 et
1702 2391 1826 2437 non
1866 2371 2123 2436 inimico
2164 2372 2371 2435 animo
2411 2370 2723 2452 uobisque

431 2479 778 2561 pernicioso
825 2480 986 2543 mihi
1031 2478 1472 2555 aduersemini,
1511 2478 1675 2542 illud
1722 2478 1950 2560 quouis
2002 2478 2211 2542 iudice
2260 2478 2573 2559 inpetrare
2620 2498 2722 2542 me

433 2588 678 2667 oportet
725 2605 762 2649 a
806 2585 1014 2661 uobis,
1063 2589 1137 2648 ut
1183 2604 1254 2649 ex
1299 2588 1566 2667 utraque
1614 2588 1791 2667 parte
1840 2584 2043 2649 omnis
2102 2584 2473 2669 adrogantia
2530 2584 2719 2667 depo—

435 2696 634 2757 natur.
699 2713 884 2758 nemo
933 2696 1220 2757 nostrum
1277 2693 1448 2757 dicat
1500 2693 1629 2755 iam
1686 2712 1755 2757 se
1809 2693 2131 2757 inuenisse
2187 2691 2567 2766 061116161ος
2627 2691 2719 2755 610

431 2816 566 2861 eam
622 2818 1018 2881 (1066161006,
1078 2799 1260 2881 quasi
1317 2799 1394 2863 ab
1452 2799 1738 2881 utrisque
1794 2799 2140 2863 nesciatur.
2209 2798 2299 2863 ita
2356 2798 2523 2861 enim
2579 2797 2717 2861 dili·

431 2910 649 2988 genter
695 2911 758 2970 et
805 2906 1195 2971 concorditer
1243 2907 1458 2988 quaeri
1505 2906 1758 2988 poterit.
1824 2906 1879 2969 si
1933 2906 2111 2969 nulla
2161 2904 2495 2969 temeraria
2542 2923 2717 2988 prae-

432 3012 787 3094 sumptione
847 3012 1110 3075 inuenta
1172 3014 1238 3075 et
1301 3012 1558 3095 cognita
1624 3031 1763 3076 esse
1838 3011 2147 3077 credatur.
2216 3013 2327 3074 aut
2391 3010 2447 3075 si
2500 3010 2621 3075 1100
2682 3029 2721 3073 a

429 3119 612 3183 uobis
660 3118 968 3201 inpetrare
1044 3138 1166 3184 non
1238 3136 1523 3200 possum,
1600 3119 1828 3183 saltem
1874 3117 2037 3182 illud
2084 3116 2429 3193 concedite,
2478 3119 2554 3180 ut
2598 3136 2719 3182 uos

431 3228 754 3307 tamquam
798 3226 1158 3309 incognitos
1206 3244 1372 3289 nune
1417 3226 1693 3308 primum
1750 3223 2021 3298 audiam,
2056 3241 2224 3288 nunc
2268 3224 2543 3307 primum
2592 3222 2719 3289 dis-

429 3332 684 3395 cutiam.
749 3332 993 3397 iustum
1057 3335 1212 3416 puto
1281 3350 1440 3409 esse,
1491 3332 1661 3414 quod
1705 3332 1990 3415 postulo,
2038 3331 2158 3395 hac
2206 3348 2357 3395 sane
2402 3329 2545 3413 lege
2594 3350 2720 3395 ser—

501 3596 525 3649 1
571 3592 810 3663 tandem]
847 3594 936 3648 uix
974 3594 1193 3647 tandem
1241 3593 1292 3647 T
1414 3593 1446 3646 2
1493 3592 1670 3646 inanis
1720 3592 1787 3648 (is
1835 3608 1877 3645 s.
1928 3590 1964 3644 l.
2014 3609 2051 3645 a
2095 3610 2164 3647 m.
2216 3594 2267 3656 1)
2327 3594 2377 3645 T
2502 3594 2533 3647 3
2582 3594 2716 3647 ima-

427 3684 581 3753 gines
624 3684 676 3737 T
778 3685 812 3737 4
852 3700 954 3753 que
993 3699 1095 3737 om.
1135 3682 1188 3735 V
1325 3683 1576 3735 collectas
1615 3682 1671 3734 P
1812 3678 1969 3750 potui
2004 3682 2173 3735 merui
2212 3682 2265 3734 V
2368 3682 2401 3734 8
2438 3683 2717 3736 eontinen-

426 3772 571 3826 tibus
613 3774 660 3825 P
765 3773 833 3825 10
873 3770 1200 3825 consuetudo
1231 3770 1298 3823 H
1436 3770 1743 3839 implicatos
1779 3770 1836 3823 P
1984 3771 2223 3825 curiosae
2259 3769 2327 3822 H
2434 3770 2492 3822 11
2538 3772 2717 3823 atten-

427 3862 547 3929 dete
595 3863 648 3915 V
679 3864 888 3915 attente
924 3860 981 3914 P
1089 3862 1154 3914 12
1193 3861 1537 3930 animoseque
1578 3859 1630 3912 T
1772 3860 1840 3913 13
1880 3863 2033 3931 quos]
2074 3859 2217 3929 quod
2255 3858 2323 3912 H
2463 3859 2531 3910 14
2568 3859 2716 3928 paci-

427 3952 574 4005 entia
639 3953 688 4005 T
867 3952 932 4004 16
999 3949 1242 4003 docmate
1299 3950 1354 4001 P
1541 3951 1606 4002 17
1671 3952 1735 4004 ut
1795 3950 2013 4004 inimico
2073 3950 2103 4003 b
2284 3947 2461 4001 animo
2526 3942 2629 4000 om.
2684 3947 2715 3999 b

425 4042 497 4096 18
549 4040 871 4111 spernicioso
920 4040 973 4093 V
1111 4038 1249 4093 illud
1303 4055 1404 4092 om.
1459 4038 1707 4093 TRVLb
1856 4038 2087 4092 iudicem
2142 4038 2198 4090 P
2336 4036 2623 4106 impetrare
2661 4034 2717 4086 P

423 4130 700 4200 impetrari
737 4128 934 4183 SCTR
1078 4145 1163 4182 me
1200 4127 1486 4197 impetrare
1518 4128 1548 4181 b
1667 4130 1731 4183 19
1770 4145 1803 4182 a
1838 4128 1993 4182 uobis
2023 4132 2237 4197 oportet
2272 4125 2419 4180 TSG
2559 4142 2715 4195 opor·

423 4222 506 4271 tet
569 4234 670 4271 om.
735 4216 788 4269 L
934 4216 982 4285 a]
1050 4219 1106 4268 et
1169 4232 1200 4267 a
1263 4215 1314 4268 T
1453 4216 1769 4285 arrogantia
1821 4216 1877 4268 P
2066 4215 2133 4268 22
2198 4212 2598 4284 praesumtione
2663 4212 2719 4266 P

424 4307 492 4360 23
542 4305 776 4360 creditur
821 4305 942 4358 HT
1119 4309 1247 4357 ante
1288 4304 1388 4357 hoc
1437 4304 1567 4359 add.
1614 4304 1682 4358 Η
1727 4309 1783 4358 61
1830 4310 1928 4358 aut
1980 4322 2039 4357 ex
2184 4304 2255 4355 24
2312 4303 2599 4372 impetrare
2642 4302 2711 4365 P,

425 4412 525 4449 om.
562 4394 615 4447 L
758 4410 1040 4465 possumus
1077 4393 1142 4447 H
1148 4392 1433 4448 TCSVRb

2504 4496 2597 4549 13*
