3159 4984
985 476 1112 529 1111.
1171 478 1458 529 Contra
1515 478 2025 535 Adimantum.
2500 488 2625 551 145

309 676 735 737 aeternam?
803 673 909 737 cui
963 674 1294 756 respondit
1351 674 1570 737 Iesus:
1642 675 1819 755 quid
1878 696 1987 739 nie
2046 677 2477 760 interrogas
2538 678 2623 742 de

307 780 543 845 bono?
593 798 806 844 nemo
853 780 1094 845 bonus
1143 780 1294 845 nisi
1342 800 1536 844 unus
1588 780 1796 846 deuS.
1862 786 1939 845 nt
2006 802 2077 845 ex
2146 783 2266 847 hoc
2326 784 2630 850 uidelicet

315 886 628 949 contraria
690 886 814 951 ista
881 906 1022 951 esse
1091 887 1486 961 arbitremur,
1553 887 1701 969 quia
1764 888 1827 952 in
1893 889 2036 971 lege
2104 889 2373 954 dicitur:
2442 893 2625 959 dens

303 978 511 1071 ignis
570 994 774 1062 edax,
833 996 932 1057 et:
1005 994 1187 1059 deus
1249 994 1526 1063 zelans,
1583 994 1648 1057 in
1710 996 2041 1078 euangelio
2091 998 2343 1061 autem:
2412 1020 2620 1067 nemo

249 1119 272 1154 ιτ
307 1100 572 1174 bonus,
624 1100 776 1165 nisi
823 1120 1015 1165 unus
1066 1102 1268 1165 deus,

394 1208 474 1271 Et
540 1208 618 1271 de
666 1209 798 1272 zelo
848 1208 1106 1290 quidem
1152 1209 1279 1271 iam
1327 1228 1705 1290 responsum
1772 1212 1871 1271 est
1938 1229 2059 1274 non
2132 1212 2224 1275 sic
2291 1232 2431 1277 esse
2500 1214 2623 1278 ista
2707 1236 2713 1242 ·

307 1316 502 1377 uerba
548 1315 612 1379 in
663 1315 995 1397 scripturis
1043 1315 1272 1398 posita,
1322 1318 1396 1378 ut
1443 1315 1721 1397 aliquam
1773 1315 1871 1377 dei
1910 1317 2447 1399 perturbationem
2490 1339 2627 1383 cru-

217 1414 238 1429 *
308 1421 632 1485 ciatumne
681 1420 1062 1504 significent,
1114 1421 1226 1485 sed
1264 1421 1410 1503 quia
1451 1421 1611 1485 nihil
1651 1421 1911 1505 dignum
1954 1422 2029 1485 de
2071 1422 2187 1487 deo
2229 1424 2352 1487 dici
2390 1429 2623 1507 potest,

304 1532 642 1609 propterea
692 1546 896 1609 usque
956 1528 1036 1591 ad
1093 1528 1218 1592 ista
1273 1531 1655 1610 peruentum
1712 1532 1847 1595 est:
1916 1548 2077 1610 quae
2134 1549 2279 1594 cum
2336 1531 2622 1596 homines

223 1648 270 1685 ¹⁰
315 1634 572 1719 indigna
621 1655 764 1701 esse
809 1636 1197 1719 putauerint.
1247 1640 1558 1719 cogantur
1596 1638 1837 1701 discere
1878 1638 2069 1701 etiarn
2111 1637 2239 1706 illa,
2282 1656 2441 1719 quae
2483 1657 2627 1701 con-

315 1741 644 1806 uenienter
692 1740 768 1805 de
815 1741 1119 1805 ineffabili
1169 1742 1382 1805 diuina
1431 1743 1799 1806 excellentia
1859 1762 1927 1807 se
1987 1744 2193 1807 dicere
2243 1744 2623 1830 existimant,

317 1847 571 1930 indigna
622 1866 764 1911 esse
813 1846 1146 1911 maiestate
1205 1846 1346 1921 (ἱεὶς
1417 1847 1598 1911 cuius
1658 1848 1967 1930 sapientia
2032 1866 2175 1911 cum
2246 1847 2627 1913 descensura

317 1956 488 2017 esset
551 1973 757 2035 usque
823 1954 902 2017 ad
967 1973 1195 2036 corpus
1261 1953 1631 2021 humanum.
1698 1955 1872 2037 prius
1940 1974 2141 2037 usque
2208 1954 2287 2017 ad
2351 1954 2626 2019 humana

317 2060 510 2124 uerba
557 2061 906 2125 descendit.
958 2060 1126 2142 quod
1175 2062 1442 2124 uerbum
1489 2080 1635 2125 cum
1686 2060 1998 2125 discutere
2049 2079 2331 2144 coepero,
2380 2062 2625 2144 proprie

235 2186 280 2223 1⁵
319 2187 420 2231 me
469 2167 702 2232 dixisse
751 2186 874 2231 non
921 2167 1148 2234 uideo:
1200 2187 1323 2231 non
1375 2167 1541 2231 enim
1587 2169 1800 2249 potest
1850 2166 2249 2234 descendere.
2288 2168 2409 2231 nisi
2456 2168 2625 2249 qnod

313 2275 503 2339 etiam
551 2274 629 2338 de
679 2275 842 2339 loco·
875 2274 940 2338 in
996 2275 1211 2338 locum
1265 2274 1510 2338 moueri
1575 2276 1810 2357 potest.
1888 2292 2033 2337 nam
2099 2273 2209 2354 qni
2274 2272 2621 2348 descendit,

307 2381 521 2445 locum
581 2381 970 2463 superiorem
1030 2380 1314 2445 deserere
1375 2384 1438 2445 et
1493 2380 1849 2445 inferiorem
1908 2384 2121 2464 petere
2176 2380 2449 2444 uidetur.
2518 2381 2617 2445 dei

307 2492 520 2575 {tutem
589 2488 896 2571 sapientia
973 2506 1116 2551 cum
1183 2490 1316 2552 tota
1383 2487 1619 2569 ubique
1685 2490 1937 2569 praesto
2006 2487 2109 2565 sit,
2178 2487 2355 2551 nullo
2435 2491 2617 2569 pacto

307 2595 570 2677 migrare
613 2594 688 2657 de
725 2594 866 2659 loco
904 2594 968 2657 in
1006 2594 1222 2658 locum
1259 2594 1490 2677 potest.
1543 2594 1619 2657 de
1659 2612 1783 2675 qua
1822 2593 2132 2659 Iohannes
2170 2594 2233 2657 in
2275 2594 2607 2676 euangelio

225 2716 272 2755 20
297 2700 536 2766 melius
604 2701 694 2764 ait
756 2703 1082 2782 tamquam
1140 2699 1440 2763 dominici
1495 2699 1773 2782 pectoris
1838 2700 2175 2782 particeps,
2244 2700 2331 2763 ait
2400 2699 2608 2764 enim:

300 2806 372 2870 in
422 2807 561 2871 hoc
609 2807 883 2871 mundo
935 2810 1094 2871 erat
1152 2809 1225 2869 et
1279 2806 1601 2870 mundus
1668 2825 1797 2888 per
1859 2805 2107 2888 ipsum
2172 2805 2425 2869 factus
2492 2808 2609 2869 est

302 2917 374 2977 et
419 2913 744 2979 mundus
795 2933 957 2977 eum
1017 2932 1155 2977 non
1218 2912 1609 2996 cognouit;
1680 2914 1743 2975 et
1798 2915 2011 2975 tamen
2064 2912 2253 2975 etiam
2310 2911 2445 2995 ipse
2503 2912 2607 2975 ad-

299 3019 508 3104 iungit
574 3024 638 3084 et
703 3020 894 3084 dicit:
973 3020 1046 3082 in
1115 3038 1248 3083 sua
1311 3018 1619 3101 propria
1676 3017 1889 3080 uenit
1946 3021 2018 3080 et
2076 3018 2195 3081 sui
2253 3036 2415 3081 eum
2464 3037 2602 3083 non

299 3130 766 3211 receperunt.
835 3124 1151 3207 quomodo
1200 3124 1304 3189 hic
1353 3128 1486 3187 erat
1533 3127 1600 3187 et
1646 3123 1963 3205 quomodo
2024 3124 2219 3199 uenit,
2276 3123 2399 3187 nisi
2455 3124 2603 3205 quia

217 3246 262 3283 ἕ·
294 3233 407 3298 illa
443 3232 804 3299 sublimitas
843 3231 1180 3295 ineffabilis
1219 3235 1292 3294 ut
1329 3230 1693 3295 hominibus
1734 3233 2061 3313 congruat,
2096 3230 2388 3294 humanis
2428 3230 2599 3301 sonis

295 3338 704 3423 significanda
761 3341 908 3403 est?
977 3341 1050 3402 ut
1105 3340 1318 3401 autem
1381 3336 1532 3401 deos
1592 3336 1881 3400 homines
1938 3336 2151 3403 faciat.
2220 3336 2434 3401 diuino
2502 3340 2601 3401 est

290 3444 712 3530 intellegenda
751 3444 1024 3509 silentio.
1073 3446 1288 3526 potest
1334 3463 1481 3525 ergo
1529 3441 1707 3506 reddi
1753 3442 1935 3517 ratio,
1977 3460 2167 3524 quare
2213 3443 2302 3506 ita
2351 3443 2589 3507 dictum

293 3554 410 3622 sit:
479 3572 602 3617 non
650 3554 861 3615 tamen
907 3554 1124 3633 potest
1169 3550 1408 3632 aliquid
1468 3549 1542 3614 de
1606 3556 1717 3613 deo
1776 3548 1963 3632 digne
2022 3548 2167 3626 dici,
2226 3550 2394 3631 quod
2448 3549 2591 3613 ideo

290 3658 412 3722 iam
459 3658 794 3743 indignum
843 3660 964 3734 est,
1012 3657 1158 3739 quia
1215 3657 1424 3739 potnit
1483 3657 1626 3721 dici.
1693 3656 1848 3720 tolle
1898 3655 1975 3719 de
2022 3657 2157 3721 zelo
2208 3670 2477 3723 errorem
2528 3658 2590 3719 et

465 3834 494 3884 1
532 3830 698 3884 Marc.
739 3832 823 3890 10,
867 3830 929 3883 17
970 3848 1051 3899 sq.
1163 3830 1226 3882 21
1271 3830 1390 3883 Ioh.
1435 3832 1480 3887 1.
1526 3831 1591 3884 10
1630 3848 1709 3899 sq.

360 3999 423 4052 10
459 3999 635 4053 dicere
675 4000 706 4052 b
829 4001 890 4052 11
933 3998 998 4051 de
1039 4000 1133 4063 (m.
1177 4004 1213 4049 3
1251 3997 1410 4065 add.)
1449 3998 1503 4050 1²
1646 3954 1861 4051 ifli‘abili
1886 3996 1937 4051 (τ’
2052 3996 2117 4049 12
2156 3950 2441 4057 maiestat}
2494 3992 2591 4045 ΥΡ

283 4111 600 4169 descensura
657 4118 743 4181 (ex
799 4114 927 4167 disc.
985 4118 1158 4181 corr.)
1218 4111 1294 4164 Ρ2
1449 4114 1517 4166 14
1555 4115 1697 4181 cum}
1737 4114 1782 4164 si
1829 4110 2066 4165 GTc’Sb
2220 4078 2407 4178 cepero
2447 4106 2582 4161 PG³

291 4227 352 4280 17
389 4190 458 4294 {21
499 4229 552 4285 G
675 4229 738 4283 18
775 4232 957 4301 presto
997 4230 1050 4283 P
1185 4229 1254 4282 20
1291 4228 1486 4309 melin
1521 4227 1572 4280 G
1602 4244 1703 4281 om.
1750 4226 1982 4279 Ταςῐί,
2128 4224 2226 4293 ait]
2267 4222 2399 4276 dicit
2444 4221 2579 4276 Tot>

286 4318 562 4385 pecsstoris
623 4320 779 4380 (co-rr.
836 4334 901 4371 ex
956 4318 1274 4389 peccatoris)
1320 4316 1371 4371 G
1525 4316 1595 4368 22
1653 4315 1815 4369 etiam
1873 4330 1973 4367 om.
2014 4312 2116 4367 SV
2294 4312 2363 4365 25
2421 4310 2577 4364 sulli-

285 4404 440 4458 mitas
485 4405 532 4458 0
635 4406 702 4459 26
743 4406 942 4474 autem]
984 4408 1109 4459 ante
1159 4405 1212 4458 V
1314 4404 1382 4457 28
1423 4403 1514 4473 sit]
1558 4406 1643 4457 est
1694 4402 1745 4455 Γ

385 4528 518 4569 XXV.
547 4529 666 4577 Aua.
697 4534 808 4569 sect.
838 4526 876 4567 6.
2160 4504 2224 4558 10
