3159 4984
503 483 630 544 208
1204 476 1255 527 ὃ.
1315 473 1588 527 Aureli
1644 474 2069 542 Augustini

497 673 693 755 quod
741 673 925 737 mihi
973 673 1448 758 significasti
1496 673 1754 739 dicens
1803 694 2025 739 nosse
2072 679 2144 739 te
2204 695 2497 758 cupere,
2540 677 2791 741 cuius-

503 780 703 844 modi
769 781 873 845 sit
938 781 1311 846 natiuitas
1365 780 1567 845 Adae
1627 784 1701 845 et
1754 781 1976 857 Euae,
2034 784 2285 845 utrum
2342 783 2575 847 uerbo
2636 782 2795 847 sint

501 886 693 951 idem
741 888 1043 969 prolati.
1095 907 1179 952 an
1227 888 1618 972 progeniti
1682 906 1761 952 ex
1820 907 2158 971 corpore,
2206 888 2795 971 respondebitur

498 993 664 1067 tibi,
712 997 798 1058 ut
843 995 1219 1078 congruit.
1270 1014 1593 1077 namque
1642 994 1727 1059 de
1775 995 1894 1059 his
1944 1013 1979 1057 a
2015 995 2405 1078 plerisque
2443 996 2516 1059 in
2555 996 2791 1059 uariis

504 1101 916 1184 scripturis
954 1102 1725 1184 reuelationibusque
1766 1101 2135 1167 dissimili
2172 1103 2385 1168 modo
2423 1103 2793 1168 insertum
2856 1117 2884 1157 ⁵

500 1211 732 1290 atque
781 1211 1444 1274 commemoratum
1493 1213 1630 1273 est.
1699 1212 2157 1293 quapropter
2210 1210 2503 1273 ueritas
2559 1209 2794 1273 istius

501 1314 610 1379 rei
655 1318 741 1379 ut
787 1334 956 1380 sese
1004 1315 1253 1382 habet.
1306 1316 1392 1381 ab
1439 1317 1831 1381 uniuersis
1878 1316 2033 1380 fere
2092 1316 2451 1400 gentibus
2506 1316 2794 1399 ignora-

498 1424 626 1485 tur
673 1425 746 1486 et
792 1424 880 1487 ab
929 1423 1299 1499 omnibus,
1351 1422 1476 1504 qui
1528 1423 1755 1487 etiam
1805 1422 1889 1487 de
1947 1408 2266 1488 hoc-diu
2323 1423 2794 1504 multumque

499 1528 1017 1611 disputarunt.
1087 1528 1152 1593 si
1209 1528 1400 1593 enim
1459 1530 1625 1593 illis
1688 1548 1914 1611 super
1957 1528 2161 1593 Adae
2219 1533 2294 1593 et
2336 1528 2537 1593 Euae
2585 1548 2796 1614 gene-

501 1635 798 1701 ratione
844 1636 1342 1718 prouenisset
1386 1636 1795 1701 manifesto
1853 1654 2335 1720 cognoscere.
2397 1655 2795 1718 numquam
2830 1650 2885 1689 ιο

507 1742 986 1825 corruptioni
1025 1747 1098 1807 et
1133 1743 1358 1807 morti
1397 1744 1905 1809 subiacerent.
1954 1743 2355 1808 manifestam
2396 1762 2545 1826 ergo
2586 1742 2797 1826 cogni-

499 1848 740 1913 tionem
805 1848 998 1913 huius
1062 1850 1153 1913 rei
1219 1850 1403 1915 nobis
1468 1850 1829 1934 pollicetur,
1896 1870 1975 1913 ne
2039 1850 2425 1933 corruptioni
2480 1868 2554 1916 ac
2608 1850 2799 1915 morti

509 1954 918 2021 subiciamur.
977 1959 1042 2021 et
1089 1956 1142 2021 si
1193 1955 1398 2021 adhuc
1444 1974 1670 2039 parum
1720 1959 1837 2029 est.
1885 1956 2057 2033 uide,
2106 1956 2258 2038 quid
2306 1960 2628 2037 sequatur.
2684 1975 2797 2020 ne-

519 2060 858 2126 cessario
908 2081 1108 2144 ergo,
1158 2063 1396 2145 inquit,
1445 2064 1669 2146 plura
1716 2066 1892 2127 sunt
1940 2066 2108 2127 ante
2156 2064 2799 2128 commemoranda

501 2170 588 2230 ut
643 2167 729 2231 ad
784 2167 995 2233 istud
1051 2170 1500 2252 mysterium
1559 2169 1721 2235 sine
1778 2171 1939 2233 ulla
1990 2170 2243 2252 possit
2290 2169 2797 2253 ambiguitate
2836 2180 2890 2221 1⁵

505 2274 912 2356 perueniri.
989 2275 1109 2341 hoc
1177 2279 1294 2353 est,
1363 2276 1532 2359 quod
1604 2276 1915 2353 dicebam,
1983 2276 2077 2341 sic
2148 2276 2309 2340 mihi
2382 2276 2803 2343 demonstrari

513 2380 739 2445 debere
801 2382 1161 2460 ueritatem,
1227 2385 1304 2446 ut
1359 2383 1436 2447 ad
1497 2382 1759 2447 eandem
1818 2383 1955 2447 sine
2010 2383 2145 2446 ulla
2202 2381 2619 2466 ambiguitate
2665 2400 2801 2464 per-

504 2487 780 2553 ueniam.
831 2488 1000 2569 quod
1047 2489 1103 2553 si
1147 2489 1286 2574 ipse
1333 2509 1457 2555 non
1503 2490 1933 2573 polliceretur,
1977 2508 2081 2555 me
2127 2493 2340 2554 tamen
2387 2489 2510 2554 hoc
2558 2488 2799 2572 exigere

503 2599 570 2660 et
615 2594 898 2679 flagitare
947 2597 1296 2679 oportebat,
1347 2599 1421 2661 ut
1465 2599 1645 2660 tanta
1689 2596 1979 2661 mercede
2028 2596 2410 2680 cognitionis
2460 2594 2800 2659 euidentis-

497 2702 698 2767 simae
773 2705 960 2784 atque
1017 2702 1406 2767 certissimae
1453 2722 1524 2767 ex
1600 2682 1913 2768 catholico
1990 2695 2337 2768 christiano
2399 2701 2793 2784 quibuslibet
2813 2715 2868 2756 ω

495 2808 1074 2874 contradicentibus
1111 2808 1558 2874 Manichaeum
1592 2828 1695 2873 me
1726 2808 1861 2873 fieri
1906 2829 2031 2874 non
2077 2808 2367 2892 puderet.
2415 2808 2539 2872 iam
2591 2807 2797 2892 igitur

489 2914 844 2993 audiamus,
892 2916 1045 2997 quid
1091 2916 1352 2979 adferat.

581 3022 791 3087 Unde
859 3022 924 3087 si
989 3022 1134 3086 tibi
1198 3022 1525 3101 uidetur,
1593 3024 1829 3109 inquit,
1887 3024 2241 3089 ausculta
2296 3023 2537 3108 prius,
2596 3040 2784 3105 quae

495 3128 788 3194 fuerint
836 3131 1008 3193 ante
1057 3129 1699 3195 constitutionem
1737 3130 1995 3195 mundi
2032 3134 2106 3195 et
2144 3150 2288 3212 quo
2325 3132 2549 3212 pacto
2586 3145 2797 3211 proe-

495 3234 684 3299 lium
743 3234 848 3298 sit
902 3234 1297 3318 agitatum,
1355 3239 1437 3299 ut
1490 3236 1745 3318 possis
1800 3236 2114 3302 luminis
2200 3236 2595 3319 seiungere
2668 3252 2783 3297 na·
2820 3247 2875 3289 κ

493 3342 741 3405 turam
808 3360 888 3405 ac
953 3344 1456 3409 tenebrarum.
1537 3342 1663 3408 iam
1729 3342 2125 3408 incredibilia
2189 3347 2255 3407 et
2319 3341 2573 3407 omnino
2636 3340 2798 3405 falsa

505 3446 856 3529 proposuit.
907 3446 1049 3529 quis
1093 3447 1260 3513 enim
1300 3448 1517 3513 credat
1561 3453 1708 3514 ante
1756 3449 2277 3515 constitutionem
2322 3446 2545 3512 mundi
2588 3446 2795 3511 ullum

499 3552 815 3637 proelium
891 3553 1089 3619 fuisse
1167 3556 1581 3619 commissum
1604 3558 1635 3619 ⁶?
1712 3558 1776 3619 et
1837 3557 2051 3619 tamen
2116 3554 2173 3619 si
2238 3557 2409 3621 esset
2472 3552 2794 3628 credibile,

499 3659 690 3725 modo
739 3679 854 3725 nos
901 3681 1024 3727 non
1075 3662 1350 3727 credere.
1391 3660 1502 3726 sed
1541 3680 1924 3745 cognoscere
1962 3661 2259 3728 uelimus.
2308 3680 2455 3726 nam
2494 3658 2602 3743 qui
2640 3658 2796 3723 dicit

566 3852 598 3903 2
637 3850 730 3921 sit]
769 3868 870 3905 om.
919 3851 1020 3905 VL
1057 3855 1142 3906 est
1178 3854 1209 3905 b
1375 3852 1540 3907 adeae
1578 3853 1634 3906 P
1776 3869 1873 3905 0110
1930 3852 1982 3905 V
2088 3853 2121 3906 3
2162 3852 2307 3905 idem
2340 3850 2586 3917 PTHV,
2624 3864 2726 3905 om.
2764 3849 2793 3900 ὁ

495 3958 697 4029 prolati
734 3974 766 4022 a
803 3959 866 4013 Η
999 3959 1032 4012 5
1069 3959 1534 4031 relationibusque
1580 3958 1681 4025 V,b
1722 3960 1804 4026 (in
1838 3966 2029 4030 mat-9.)
2151 3961 2183 4012 6
2222 3962 2284 4012 ut
2321 3960 2523 4012 ueritas
2560 3958 2591 4011 b
2633 3961 2795 4026 (post,

499 4052 562 4102 ut
598 4050 722 4115 om.)
835 4048 868 4101 9
905 4048 1070 4103 adeae
1108 4050 1164 4103 P
1268 4049 1337 4103 10
1373 4048 1661 4103 manifeste
1700 4048 1731 4101 b
1894 4065 2165 4120 nonquam
2206 4048 2257 4100 V
2364 4047 2429 4101 13
2468 4048 2515 4101 si
2552 4063 2654 4101 om.
2693 4044 2796 4099 VL

498 4138 564 4191 15
603 4136 771 4207 istud]
808 4137 918 4191 istu
954 4140 1010 4192 P
1117 4137 1420 4193 dubitatio&
1459 4142 1515 4192 et
1551 4138 1752 4208 ambig.
1792 4138 1821 4191 b
1898 4138 1965 4191 17
2012 4136 2253 4207 eandem]
2294 4152 2413 4191 eam
2440 4136 2503 4190 Η
2512 4136 2563 4189 Τ
2572 4135 2796 4189 VGSLb

501 4227 568 4279 19
633 4224 1036 4280 euidentissime
1102 4229 1159 4280 et
1221 4227 1516 4281 certissime
1586 4228 1668 4282 Tb
1848 4230 1919 4281 24
1980 4226 2200 4281 fuerunt
2262 4227 2292 4277 b
2456 4226 2621 4295 plium
2678 4220 2745 4278 H
2750 4223 2803 4278 T

497 4314 574 4368 26
594 4315 811 4368 omnino
821 4322 954 4383 post
971 4314 1308 4369 incredibilia
1325 4315 1381 4370 R
1490 4319 1546 4370 01
1565 4333 1669 4371 om.
1692 4317 1865 4372 HVL
1875 4317 1963 4371 CS
2068 4317 2205 4371 salsa
2226 4316 2441 4369 omnino
2462 4315 2493 4367 b
2584 4314 2651 4367 27
2671 4329 2794 4384 pro·

494 4404 715 4474 ponitR
795 4404 1007 4459 creditb
1081 4406 1302 4459 28esset
1352 4409 1436 4459 est
1456 4404 1743 4461 TSGVRb
1818 4401 2794 4475 29uelimusjuenimusHTCSVLb
