3159 4984
476 442 603 505 350
1168 444 1219 493 S.
1278 441 1549 495 Aureli
1609 440 2052 511 Augustini

472 654 621 718 pore
677 635 869 699 huius
926 635 1300 699 sacramenti
1358 654 1499 701 caro
1559 636 1953 718 concupiscit
1999 636 2305 699 aduersus
2363 634 2656 717 spiritum
2705 635 2770 695 et

474 742 733 825 spiritus
781 741 1087 807 aduersus
1146 760 1414 807 carnem.
1483 746 1712 807 exeunt
1757 744 1972 807 autem
2015 743 2153 807 Noe
2201 745 2265 807 et
2312 760 2465 806 uxor
2520 739 2655 804 eius
2703 740 2768 802 et

472 849 587 913 filii
634 849 771 915 eius
812 853 876 914 et
912 868 1135 916 uxores
1182 849 1457 914 filiorum
1506 849 1664 923 eius,
1713 869 1879 914 nunc
1919 849 2252 914 coniuncte
2291 846 2766 913 commemorati

469 956 738 1021 masculi
789 959 854 1020 et
889 957 1179 1033 feminae,
1220 956 1367 1039 quia
1402 957 1467 1020 in
1514 956 1638 1021 fine
1687 956 1929 1021 saeculi
1977 958 2166 1039 atque
2203 956 2268 1019 in
2306 953 2764 1021 resurrectione

468 1062 784 1127 iustorum
832 1063 1190 1128 omnimoda
1229 1068 1293 1127 et
1328 1064 1608 1147 perfecta
1642 1082 1796 1145 pace
1836 1062 2087 1145 spiritui
2134 1080 2360 1144 corpus
2401 1060 2764 1125 adhaerebit
2828 1077 2858 1115 5

470 1169 647 1232 nulla
689 1169 1099 1235 mortalitatis
1144 1169 1495 1254 indigentia
1532 1170 1640 1234 uel
1688 1169 2201 1251 concupiscentia
2246 1168 2604 1233 resistente.
2657 1186 2768 1231 cur

468 1276 781 1353 animalia,
822 1276 1115 1358 quamuis
1155 1279 1221 1339 et
1253 1276 1490 1340 munda
1523 1278 1586 1340 et
1621 1276 1924 1341 inmunda
1957 1276 2023 1339 in
2063 1294 2206 1340 arca
2249 1275 2504 1351 fuerint,
2551 1276 2763 1338 tamen

466 1384 615 1464 post
670 1401 995 1466 egressum
1055 1383 1132 1447 de
1181 1402 1323 1447 arca
1368 1402 1492 1448 non
1550 1383 1898 1448 offeruntur
1953 1382 2069 1448 deo
2133 1382 2197 1445 in
2267 1381 2572 1447 sacrificio
2641 1380 2764 1445 nisi

464 1488 737 1553 munda?

558 1598 663 1660 22.
715 1593 883 1674 Quid
931 1595 1153 1660 deinde
1202 1596 1324 1661 sibi
1360 1596 1521 1660 uelit
1558 1596 1675 1661 deo
1715 1597 2011 1678 loquente
2045 1596 2123 1660 ad
2160 1596 2220 1659 N
2225 1614 2298 1660 oe
2337 1598 2402 1659 et
2436 1597 2762 1677 tamquam
2803 1610 2860 1648 1⁰

465 1722 685 1767 rursus
734 1702 811 1765 ab
862 1702 1387 1785 exordio—quia
1432 1704 1655 1767 multis
1695 1702 1901 1767 modis
1943 1702 2160 1767 eadem
2201 1700 2543 1785 significari
2581 1720 2757 1784 opor·
2819 1766 2826 1775 ,

465 1810 644 1875 tebat
677 1847 767 1857 --
802 1810 1069 1893 figuram
1118 1810 1422 1876 ecclesiae
1470 1810 1973 1887 commendante,
2024 1809 2193 1892 quod
2239 1809 2572 1893 progenies
2621 1808 2759 1874 eius

464 1915 857 1981 benedicitur
912 1917 991 1980 ad
1043 1916 1407 2000 inplendam
1471 1921 1723 1993 terram,
1793 1917 1961 2000 quod
2018 1902 2246 1981 dantur
2300 1916 2392 1981 eis
2436 1916 2500 1979 in
2552 1934 2761 1981 escam

467 2025 696 2087 cuncta
752 2023 1066 2098 animalia,
1126 2023 1296 2088 sicut
1340 2025 1403 2087 in
1448 2024 1562 2088 illo
1613 2024 1788 2089 disco
1834 2025 2024 2088 Petro
2084 2022 2341 2087 dicitur:
2401 2024 2642 2086 macta
2690 2024 2764 2084 et

466 2130 872 2199 manduca?
918 2132 1087 2213 quod
1136 2132 1335 2197 eiecto
1385 2132 1690 2215 sanguine
1727 2131 2028 2196 iubentur
2056 2129 2462 2194 manducare:
2513 2148 2590 2193 ne
2627 2128 2764 2192 uita
2799 2144 2850 2183 1⁵

466 2236 729 2318 pristina
796 2238 975 2320 quasi
1042 2238 1347 2304 suffocata
1400 2240 1462 2303 in
1523 2238 1912 2304 conscientia
1975 2240 2285 2313 teneatur,
2353 2237 2465 2302 sed
2529 2236 2762 2299 habeat

466 2344 789 2425 tamquam
819 2343 1191 2409 effusionem
1222 2364 1333 2428 per
1362 2344 1843 2411 confessionem.
1876 2343 2043 2425 quod
2070 2345 2526 2409 testamentum
2545 2340 2762 2425 posuit

476 2448 631 2515 deus
691 2450 857 2514 inter
910 2470 979 2515 se
1027 2454 1091 2515 et
1134 2450 1423 2517 homines
1487 2455 1676 2533 atque
1743 2470 1994 2515 omnem
2061 2450 2334 2514 animam
2379 2449 2616 2524 uiuam,
2681 2466 2759 2511 ne

470 2556 692 2639 perdat
739 2575 877 2621 eam
926 2558 1190 2636 diluuio,
1238 2576 1473 2634 arcum,
1524 2558 1631 2641 qui
1679 2558 1937 2641 adparet
1973 2557 2036 2621 in
2075 2557 2374 2633 nubibus,
2423 2556 2534 2637 qui
2578 2574 2758 2619 num-

474 2683 659 2744 quam
715 2665 838 2729 nisi
886 2666 961 2730 de
1010 2666 1144 2731 sole
1200 2666 1588 2748 resplendet:
1657 2665 1754 2729 illi
1803 2665 1969 2728 enim
2025 2684 2147 2729 non
2203 2666 2472 2747 pereunt
2515 2661 2756 2727 diluuio
2797 2672 2854 2713 ²⁰
2940 2690 2949 2701 ·

472 2770 743 2852 separati
780 2770 855 2835 ab
898 2771 1185 2847 ecclesia,
1234 2771 1342 2854 qui
1380 2772 1442 2834 in
1479 2771 1805 2854 prophetis
1846 2774 1911 2835 et
1949 2770 2242 2835 omnibus
2291 2757 2524 2834 diuinis
2566 2768 2757 2851 scrip-

468 2876 629 2941 turis
675 2880 1001 2958 tamquam
1044 2878 1108 2942 in
1158 2879 1258 2943 dei
1303 2864 1577 2942 nubibus
1628 2879 1980 2961 agnoscunt
2021 2876 2251 2944 Christi
2302 2876 2587 2961 gloriam,
2637 2894 2758 2939 non

471 2986 781 3065 quaerunt
818 3004 1017 3049 suam.
1058 3004 1276 3050 uerum
1317 3004 1395 3049 ne
1428 2985 1791 3050 adoratores
1820 2984 2010 3048 huius
2050 2983 2204 3049 solis
2243 2982 2516 3065 amplius
2554 2984 2756 3046 tume-

472 3090 667 3168 scant,
701 3090 905 3155 sciant
930 3091 1022 3154 ita
1060 3091 1400 3175 significari
1439 3090 1762 3157 Christum
1801 3090 2136 3173 aliquando
2174 3108 2286 3174 per
2323 3090 2544 3167 solem,
2593 3088 2763 3154 sicut

470 3216 579 3278 per
621 3197 891 3273 leonem,
956 3217 1069 3280 per
1113 3216 1365 3282 agnum,
1431 3217 1543 3280 per
1598 3196 1877 3280 lapidem
1933 3196 2264 3261 cuiusdam
2322 3193 2855 3260 similitudinis¹²⁵

473 3320 680 3380 causa,
728 3323 852 3369 non
898 3304 1300 3388 proprietatis
1350 3303 1730 3369 substantia.

562 3411 665 3473 23.
714 3410 848 3474 Iam
895 3430 1047 3475 uero
1093 3411 1275 3488 illud,
1334 3411 1500 3493 quod
1558 3410 1634 3474 de
1682 3409 1888 3489 uinea,
1937 3428 2126 3493 quam
2173 3408 2488 3493 plantauit
2531 3406 2758 3471 inebri-

470 3519 612 3581 atus
648 3516 807 3592 Noe,
855 3517 1130 3582 nudatus
1179 3520 1277 3582 est
1320 3517 1382 3581 in
1432 3517 1621 3581 domo
1660 3535 1794 3594 sua,
1845 3516 1948 3581 cui
1983 3536 2107 3581 non
2147 3515 2443 3598 adpareat
2469 3512 2759 3579 Christus

614 3707 647 3759 2
685 3708 749 3763 cf.
781 3708 901 3763 Gal.
940 3710 988 3774 5,
1032 3710 1097 3762 17
1171 3709 1204 3763 3
1234 3709 1302 3763 cf.
1330 3708 1463 3764 Gen.
1493 3709 1543 3768 8,
1575 3709 1645 3762 18
1729 3708 1760 3761 7
1799 3709 1865 3761 cf.
1905 3707 2038 3762 Gen.
2075 3706 2127 3771 8,
2165 3705 2235 3759 20
2320 3706 2386 3759 14
2423 3704 2542 3758 Act.
2576 3705 2658 3768 10,
2691 3702 2759 3757 13

473 3798 539 3851 19
578 3798 642 3851 cf.
683 3796 815 3852 Gen.
855 3798 905 3864 9,
950 3799 975 3851 1
1018 3814 1136 3868 sqq.
1249 3798 1316 3851 27
1354 3798 1420 3852 cf.
1460 3796 1594 3853 Gen.
1633 3797 1684 3863 9,
1726 3798 1794 3851 20
1833 3814 1949 3866 sqq.

542 3923 574 3977 3
613 3922 929 3977 coniunctae
968 3921 1250 3977 S¹GLMb
1366 3922 1404 3974 4
1439 3921 1637 3975 femine
1675 3920 1902 3975 LSMG
2022 3922 2055 3975 5
2093 3919 2376 3975 adherebit
2410 3917 2520 3972 Lo
2633 3918 2664 3970 7
2703 3920 2762 3970 et

472 4014 628 4078 (ante
680 4012 883 4066 munda
934 4013 998 4065 in
1040 4014 1180 4079 ras.)
1217 4011 1271 4064 L
1414 4012 1572 4065 archa
1617 4010 1664 4065 0
1803 4010 1836 4064 8
1893 4009 2148 4064 sacrifitio
2194 4009 2242 4063 0
2381 4008 2451 4063 10
2503 4004 2642 4060 uelit
2665 4003 2742 4057 M
2747 4005 2759 4038 ¹

475 4104 540 4155 12
578 4102 849 4156 aecclesiae
884 4100 932 4155 0
1072 4100 1441 4171 commendate
1486 4101 1533 4156 G
1651 4099 1718 4153 13
1765 4116 1887 4154 esca
1922 4098 2076 4153 LSG
2122 4114 2296 4169 escam
2343 4097 2390 4152 G
2497 4097 2564 4149 14
2609 4093 2758 4147 disco

475 4195 569 4257 (m.
618 4194 657 4245 2
704 4189 865 4253 add.)
913 4188 970 4255 S,
1010 4204 1112 4243 om.
1157 4188 1209 4242 G
1321 4188 1384 4241 17
1422 4205 1519 4257 per
1554 4188 1942 4242 confessionem
1982 4204 2083 4241 om.
2123 4184 2224 4240 aS'G'
2340 4186 2407 4238 21
2447 4183 2676 4256 ecclesia
2718 4182 2768 4235 G

474 4281 543 4333 23
582 4282 813 4350 querunt
857 4278 905 4332 0
1044 4277 1111 4331 27
1148 4278 1338 4347 planta
1375 4276 1437 4331 S·
1582 4277 1635 4331 in
1677 4276 1916 4331 ebriatus
1953 4274 2030 4328 M
2059 4274 2358 4329 inebriatur
2395 4275 2425 4328 b
2571 4273 2640 4326 23
2677 4273 2761 4324 est

475 4372 571 4433 (m.
609 4373 649 4423 2
686 4367 846 4434 add.)
886 4365 933 4421 S
