3159 4984
506 451 634 512 (586
1213 451 1266 502 S.
1322 447 1593 501 Aureli
1649 448 2084 518 Augustini

507 639 879 722 disponente
929 645 1118 722 atque
1163 639 1512 720 inspirante
1552 639 1813 722 collegit
1848 641 2156 722 propheta
2192 647 2492 711 narrator.
2533 663 2809 726 quorum

505 747 903 828 interpositio
951 766 1077 811 non
1123 749 1382 810 uacaret
1435 764 1474 808 a
1526 745 2040 830 praesignatione
2094 767 2326 816 rerum.
2386 769 2545 833 quas
2600 751 2812 815 inten-

506 853 685 916 derat
743 853 1140 935 prophetare.
1217 851 1295 915 ad
1363 852 1778 936 significanda
1842 858 2057 918 autem
2122 855 2333 938 aliqua
2404 857 2571 922 bona
2644 857 2812 921 nihil

502 958 788 1036 interest,
837 959 1008 1022 facta
1051 959 1184 1033 illa,
1225 959 1458 1041 quibus
1507 979 1580 1024 ea
1628 959 2088 1043 significantur,
2130 981 2243 1025 seu
2281 962 2445 1028 bona
2483 983 2597 1028 seu
2636 964 2814 1027 mala

506 1065 656 1131 sint.
705 1066 858 1147 quid
898 1065 1065 1129 enim
1103 1085 1246 1130 mea
1280 1066 1565 1142 interest,
1608 1084 1753 1130 cum
1792 1068 1942 1133 uolo
1983 1067 2224 1150 aliquid
2260 1069 2531 1152 legendo
2572 1089 2813 1155 cogno·
2884 1091 2915 1128 ⁵

505 1191 700 1237 scere.
751 1177 969 1236 utrum
1023 1192 1093 1236 ex
1139 1171 1336 1237 minio
1379 1172 1688 1255 reperiam
1752 1173 2025 1256 scriptos
2081 1174 2297 1258 nigros
2340 1176 2691 1259 Aethiopes
2745 1181 2815 1240 et

506 1299 578 1342 ex
607 1282 960 1343 atramento
993 1279 1296 1344 candidos
1328 1279 1551 1345 Gallos
1573 1283 1603 1343 *ἓ
1642 1283 2104 1359 uerumtamen,
2146 1283 2200 1345 si
2238 1301 2363 1347 non
2402 1283 2809 1364 scripturam.

505 1385 615 1450 sed
660 1386 975 1468 picturam
1023 1387 1219 1450 talem
1269 1387 1571 1466 uiderem,
1630 1386 1766 1451 sine
1813 1386 2211 1452 dubitatione
2257 1389 2811 1470 reprehenderem.

501 1493 593 1556 ita
639 1493 702 1555 in
752 1492 938 1557 factis
987 1493 1337 1570 hominum,
1397 1512 1556 1576 quae
1615 1493 1695 1557 ad
1749 1493 2131 1558 imitandum
2186 1495 2607 1560 uitandumue
2664 1516 2812 1579 pro-

502 1603 845 1681 ponuntur,
903 1600 1110 1684 magis
1167 1601 1454 1678 interest,
1509 1600 1757 1664 bonane
1814 1619 1893 1664 an
1947 1602 2117 1665 mala
2162 1601 2310 1667 sint.
2379 1621 2539 1684 quae
2588 1607 2809 1666 autern
2858 1623 2919 1661 m

504 1706 582 1770 ad
657 1706 1147 1791 significandum
1222 1706 1586 1771 scribuntur
1661 1707 1797 1771 siue
1865 1707 2191 1788 dicuntur,
2257 1709 2416 1773 nihil
2484 1709 2677 1774 refert
2742 1710 2812 1773 in

501 1814 786 1879 moribus
852 1813 1252 1892 facientium,
1331 1833 1520 1895 quam
1583 1813 1842 1878 laudem
1904 1815 2541 1897 reprehensionemue
2606 1835 2813 1880 mere-

503 1925 709 1999 antur,
759 1921 814 1986 si
859 1919 1049 1984 modo
1090 1919 1326 1984 habent
1363 1921 1644 2002 aliquam
1681 1922 1795 2000 rei,
1838 1922 1915 1986 de
1954 1941 2079 2004 qua
2114 1923 2343 2006 agitur,
2382 1922 2813 1987 necessariam

501 2027 966 2112 praefigurandi
1014 2028 1512 2111 congruentiam.
1580 2029 1752 2094 sicut
1799 2029 1967 2094 enim
2016 2029 2287 2113 Caiphas
2332 2030 2399 2094 in
2446 2029 2811 2114 euangelio-

504 2137 812 2218 quantum
861 2134 940 2198 ad
989 2135 1127 2198 eius
1174 2135 1427 2200 noxium
1475 2134 2034 2219 perniciosumque
2090 2136 2374 2200 animum
2425 2136 2813 2220 pertinebat,
2860 2157 2917 2194 ιε,

503 2245 810 2325 quantum
861 2241 1133 2323 denique
1181 2242 1260 2306 ad
1303 2243 1447 2325 ipsa
1489 2244 1705 2322 uerba,
1756 2244 1811 2308 si
1856 2243 1922 2308 in
1962 2244 2055 2308 eis
2091 2244 2493 2310 uoluntatem
2532 2243 2811 2308 dicentis

501 2348 828 2428 adtenda8‚
891 2348 1124 2431 quibus
1181 2350 1430 2433 agebat,
1486 2353 1563 2414 ut
1616 2351 1832 2416 iustus
1888 2349 2127 2415 iniuste
2182 2351 2531 2418 necaretur.
2579 2349 2813 2430 utique

501 2455 670 2518 mala
715 2458 912 2534 erant,
951 2458 1165 2520 tamen
1202 2475 1505 2540 magnum
1543 2457 1782 2522 bonum
1822 2456 1935 2521 illo
1974 2455 2298 2522 nesciente
2338 2455 2813 2540 significabant,
2930 2534 2937 2538 ¹

501 2563 750 2645 quando
791 2562 920 2626 ait:
971 2562 1294 2645 expedit,
1332 2566 1416 2626 ut
1450 2582 1644 2627 unus
1682 2563 2058 2627 moriatur
2104 2566 2179 2626 et
2224 2583 2361 2628 non
2411 2565 2576 2626 tota
2622 2581 2813 2645 gens

499 2671 782 2751 pereat,
835 2669 1207 2752 dictumque
1257 2670 1334 2734 de
1369 2670 1482 2734 ino
1525 2673 1663 2734 est:
1711 2669 1853 2734 hoc
1899 2672 2150 2733 autem
2196 2687 2233 2732 a
2278 2689 2355 2734 se
2400 2689 2545 2735 non
2593 2669 2813 2746 dixit,
2854 2692 2915 2729 er·

502 2777 632 2841 sed
682 2795 847 2841 cum
897 2779 1107 2841 esset
1149 2776 1522 2860 pontifex,
1578 2776 2106 2860 prophetauit,
2166 2777 2343 2860 quia
2400 2777 2815 2861 oportebat

497 2885 749 2949 Iesum
805 2883 995 2950 mori
1051 2903 1183 2966 pro
1241 2885 1498 2967 gente:
1546 2883 1639 2947 ita
1694 2883 1937 2947 factum
1982 2881 2180 2948 Iudae
2226 2883 2579 2948 secundum
2625 2883 2809 2947 illius

499 2989 832 3055 libidinem
907 2991 1151 3054 malum
1223 2990 1381 3061 fuit.
1449 2990 1563 3055 sed
1628 2991 1739 3054 illo
1806 2989 2129 3054 nesciente
2194 3009 2497 3073 magnum
2562 2990 2808 3054 bonum

501 3096 934 3180 significauit;
985 3115 1022 3159 a
1068 3115 1136 3161 se
1181 3097 1323 3179 ipso
1371 3097 1606 3179 quippe
1652 3096 1894 3160 malum
1945 3096 2119 3174 fecit,
2168 3096 2278 3160 sed
2319 3116 2442 3162 non
2480 3115 2519 3160 a
2556 3115 2623 3160 se
2661 3096 2807 3178 ipso

498 3204 736 3268 bonum
769 3203 1180 3286 significauit.
1215 3197 1341 3268 'hoc
1379 3207 1617 3282 autem,
1658 3203 1831 3285 quod
1868 3203 2224 3268 necessario
2261 3202 2811 3285 praeloquendum
2852 3223 2915 3262 ὃ

495 3311 742 3393 putaui.
792 3329 916 3374 non
966 3311 1042 3373 ad
1089 3310 1214 3376 hoc
1259 3311 1707 3375 tantummodo
1754 3309 1953 3374 Iudae
2008 3310 2249 3375 factum
2309 3309 2421 3374 sed
2477 3310 2669 3373 etiam
2726 3309 2813 3373 ad

500 3420 708 3480 cetera
761 3417 992 3494 ualeat,
1043 3417 1099 3481 si
1147 3437 1274 3499 qua
1311 3417 1698 3482 occurrerint
1733 3418 1907 3480 mala
1952 3435 2142 3499 opera
2175 3416 2527 3494 hominum,
2567 3415 2807 3498 quibus

496 3524 736 3588 bonum
785 3523 1026 3604 aliquid
1075 3544 1112 3589 a
1156 3527 1444 3588 narrante
1490 3524 1945 3606 prophetatum
1998 3527 2117 3590 est.

679 3743 746 3799 19
781 3742 897 3798 Ioh.
937 3743 1022 3809 11,
1061 3743 1132 3798 50
1168 3760 1246 3813 sq.

569 3893 603 3947 2
663 3894 732 3948 ad
794 3893 1202 3964 presignatione
1267 3893 1312 3947 G
1373 3909 1406 3946 a
1461 3892 1905 3964 praesignatione
1959 3891 2014 3946 L
2245 3891 2279 3945 6
2331 3890 2631 3962 repperiam
2690 3887 2805 3944 SG

495 3985 794 4054 repperiam
851 3983 992 4052 (exp.
1049 4000 1117 4038 m.
1175 3983 1228 4048 2)
1267 3983 1320 4036 L
1569 3983 1604 4035 8
1660 3982 1899 4036 uide'rem
1940 3981 1986 4034 C'
2248 3979 2635 4049 rephenderem
2672 3977 2813 4033 12²0

495 4072 870 4142 rephenderim
933 4071 1009 4125 Ll
1194 4071 1259 4126 10
1312 4072 1498 4140 magni
1551 4070 1633 4124 Cb
1816 4071 1882 4124 11
1941 4070 2193 4124 dicuntur
2248 4069 2289 4138 (i
2342 4084 2481 4123 corr.
2534 4083 2601 4122 a
2654 4067 2713 4137 u)
2762 4066 2813 4122 S

499 4189 566 4242 12
603 4189 1082 4259 rephensionemue
1123 4185 1230 4242 Lo
1405 4189 1472 4242 13
1511 4203 1619 4257 qua
1656 4186 1724 4240 de
1769 4187 1816 4240 0
1844 4156 2060 4256 'c'lua'lle
2097 4184 2151 4238 L
2323 4187 2390 4239 14
2427 4184 2716 4255 euangelio
2764 4184 2815 4238 0

501 4278 563 4330 17
605 4276 854 4330 attendas
891 4273 946 4328 L
1089 4274 1292 4346 iniuste
1335 4275 1382 4330 0
1527 4275 1596 4328 21
1635 4273 1883 4344 pontifex
1924 4276 1979 4343 (n
2018 4289 2083 4326 ex
2116 4273 2193 4339 m)
2232 4271 2287 4324 L
2437 4274 2507 4329 24
2543 4272 2661 4343 ipse
2698 4271 2807 4326 SG

496 4364 563 4418 ‘27
605 4368 782 4432 cetera
829 4361 874 4414 0
983 4361 1052 4416 28
1089 4379 1121 4416 a
1161 4367 1224 4431 (s.
1265 4363 1300 4418 Ζ.
1341 4380 1407 4416 m.
1445 4363 1496 4434 1)
1537 4361 1659 4416 012²
