3159 4984
619 435 700 496 78
1305 433 1357 486 S.
1415 433 1692 487 Aureli
1750 433 2187 502 Augustini

619 625 878 690 uirtutis
909 626 1262 696 inchoetur,
1295 626 1472 702 nihil,
1503 626 1672 690 unde
1713 645 1747 688 a
1784 625 2085 689 uitiorum
2126 629 2329 690 morte
2370 629 2682 710 surgatur,
2725 627 2935 690 etiam

619 735 806 814 atque
856 733 1044 796 etiam
1097 732 1492 796 considerata
1539 732 1695 796 satis
1746 731 1909 795 clare
1958 751 2031 795 ac
2078 731 2354 796 dilucide
2398 731 2937 796 Manichaeorum

615 839 926 903 haeresim
975 840 1200 904 falsam
1249 859 1387 903 esse
1437 839 1841 904 conuincunt.

711 948 813 1012 22.
863 948 1108 1011 Horum
1149 946 1357 1010 simile
1398 949 1514 1018 est,
1556 945 1727 1027 quod
1764 945 1839 1008 de
1878 946 2253 1028 paenitendo
2291 964 2459 1009 nunc
2496 945 2721 1010 dicam.
2774 964 2937 1010 nam

618 1054 694 1115 ut
755 1053 921 1115 inter
985 1071 1203 1116 omnes
1271 1071 1458 1117 sanos
1525 1054 1778 1116 constat
1842 1054 1907 1115 et
1971 1053 2138 1133 quod
2202 1053 2325 1136 ipsi
2380 1051 2737 1116 Manichaei
2796 1071 2939 1116 non
3012 1077 3038 1112 ⁵

619 1165 833 1228 solum
880 1164 1179 1231 fatentur.
1229 1164 1343 1228 sed
1391 1169 1454 1228 et
1499 1167 1911 1249 praecipiunt,
1962 1165 2120 1228 utile
2161 1168 2261 1228 est
2296 1165 2614 1247 paenitere
2649 1164 2939 1245 peccati.

618 1270 768 1352 quid
809 1291 925 1354 ego
965 1290 1132 1334 nunc
1171 1271 1236 1333 in
1274 1270 1438 1334 hanc
1477 1291 1607 1335 rem
1652 1273 2007 1336 diuinarum
2048 1270 2497 1353 scripturarum
2530 1270 2937 1348 testimonia,

621 1396 780 1459 quae
828 1397 1288 1459 usquequaque
1337 1377 1568 1442 diffusa
1616 1382 1785 1456 sunt,
1836 1379 2186 1462 colligam?
2242 1397 2365 1442 uox
2412 1381 2511 1442 est
2556 1377 2747 1441 etiam
2794 1377 2943 1442 ista

621 1489 920 1551 naturae:
989 1485 1314 1550 neminem
1381 1486 1653 1549 stultum
1717 1487 1809 1551 rei
1874 1487 2066 1550 huius
2131 1486 2357 1550 notitia
2414 1485 2730 1558 deseruit;
2798 1485 2941 1548 hoc

621 1595 803 1660 nobis
868 1593 992 1659 nisi
1059 1595 1231 1658 esset
1296 1593 1552 1675 penitus
1618 1593 1906 1660 insitum.
1974 1593 2345 1675 periremus.
2410 1593 2627 1675 potest
2688 1590 2941 1672 aliquis
2984 1609 3037 1646 ιο

628 1701 835 1766 dicere
886 1720 1009 1765 non
1061 1719 1138 1764 se
1193 1718 1494 1782 peccare:
1559 1719 1683 1764 non
1732 1699 1854 1764 sibi
1920 1719 2059 1764 esse
2135 1701 2368 1772 autem,
2426 1699 2481 1763 si
2534 1697 2935 1782 peccauerit,

619 1807 1086 1892 paenitendum,
1125 1806 1302 1870 nulla
1335 1807 1654 1870 barbaries
1694 1807 1899 1870 dicere
1939 1805 2217 1870 audebit.
2258 1824 2417 1887 quae
2456 1824 2603 1869 cum
2642 1805 2734 1867 ita
2760 1803 2925 1873 sint.

624 1931 856 1997 quaero
899 1933 970 1976 ex
1011 1912 1261 1978 duobus
1298 1912 1430 1977 illis
1469 1913 1804 1997 generibus
1844 1913 2216 1984 animarum,
2258 1913 2441 1976 cuius
2480 1911 2568 1976 sit
2599 1910 2937 1994 paenitere

624 2021 921 2103 peccati?
973 2019 1104 2084 scio
1158 2019 1412 2102 quidem
1461 2039 1665 2100 neque
1712 2019 1887 2082 illius
1928 2037 2068 2083 esse
2106 2037 2315 2100 posse,
2355 2018 2464 2101 qui
2500 2019 2665 2082 male
2692 2017 2931 2093 facere,

620 2146 825 2208 neque
872 2125 1071 2200 illiue,
1102 2126 1214 2207 qui
1241 2127 1401 2189 bene
1431 2125 1636 2189 facere
1676 2143 1797 2188 non
1836 2128 2069 2207 potest.
2112 2143 2303 2206 quare
2340 2132 2417 2187 ut
2453 2144 2669 2189 eorum
2704 2125 2933 2190 uerbis
2983 2143 3033 2180 ιε

617 2232 860 2314 loquar,
922 2233 978 2296 si
1035 2231 1318 2297 animam
1375 2233 1778 2297 tenebrarum
1836 2232 2083 2315 peccati
2134 2233 2436 2314 paenitet,
2502 2253 2626 2299 non
2682 2236 2783 2296 est
2842 2233 2927 2297 de

623 2344 982 2408 substantia
1039 2344 1276 2408 summi
1331 2344 1520 2420 mali3
1592 2343 1648 2406 si
1706 2343 1979 2406 animam
2034 2335 2224 2419 lucis,
2282 2363 2405 2408 non
2472 2347 2573 2408 est
2636 2342 2713 2408 de
2766 2343 2927 2408 sub-

623 2452 860 2515 stantia
897 2451 1132 2515 summi
1167 2451 1337 2517 boni.
1376 2449 1738 2535 paenitendi
1768 2450 1934 2514 enim
1964 2449 2238 2516 adfectio
2276 2451 2407 2526 illa,
2440 2470 2599 2532 quae
2636 2451 2927 2533 prodest,

622 2560 688 2622 et
731 2558 897 2622 male
955 2558 1186 2622 fecisse
1250 2557 1679 2641 paenitentem
1728 2561 1793 2620 et
1834 2557 1995 2621 bene
2040 2558 2249 2621 facere
2292 2557 2582 2640 potuisse
2628 2560 2933 2630 testatur,

630 2665 944 2745 quomodo
993 2665 1192 2749 igitur
1235 2663 1395 2728 nihil
1443 2683 1514 2727 ex
1559 2683 1662 2728 me
1711 2665 1882 2732 mali.
1934 2664 1987 2728 si
2037 2681 2155 2747 ego
2201 2682 2528 2747 perperam
2574 2664 2746 2728 feci?
2812 2667 2937 2728 aut
2970 2679 3031 2718 2⁰

625 2772 941 2852 quomodo
1009 2790 1110 2834 me
1175 2773 1346 2835 recte
1405 2771 1706 2853 paenitet,
1764 2771 1820 2836 si
1879 2791 1995 2854 ego
2052 2789 2175 2834 non
2230 2769 2405 2835 feci?
2472 2770 2622 2834 audi
2674 2772 2929 2853 partem

628 2876 927 2942 alteram:
997 2877 1315 2961 quomodo
1375 2897 1445 2941 ex
1503 2897 1605 2942 me
1662 2877 1821 2942 nihil
1876 2878 2026 2942 boni
2079 2880 2199 2945 est.
2259 2878 2360 2941 cui
2405 2878 2573 2942 bona
2615 2877 2929 2942 uoluntas

619 2983 839 3050 inest?
907 2989 1020 3049 aut
1068 2985 1386 3066 quomodo
1435 3003 1538 3048 me
1586 2988 1755 3049 recte
1803 2985 2105 3068 paenitet,
2156 2983 2211 3048 si
2256 3004 2380 3050 non
2434 2985 2651 3049 inest?
2698 3002 2925 3065 quam—

624 3089 839 3154 obrem
887 3095 1002 3154 aut
1045 3093 1280 3175 negent
1323 3091 1433 3156 isti
1484 3111 1626 3157 esse
1672 3091 2036 3176 paenitendi
2080 3111 2379 3176 magnam
2425 3092 2794 3166 utilitatem,
2844 3093 2925 3155 ut

621 3214 744 3260 non
792 3197 1005 3261 solum
1054 3215 1090 3259 a
1136 3196 1476 3263 christiano
1523 3199 1797 3276 nomine,
1846 3197 1959 3262 sed
1998 3198 2074 3262 ab
2114 3199 2285 3263 omni
2323 3199 2515 3263 etiam
2551 3199 2658 3263 uel
2694 3197 2919 3282 imagi·
2956 3209 3019 3250 τῦ

619 3303 794 3366 naria
837 3303 1077 3368 ratione
1124 3303 1462 3386 pellantur,
1520 3307 1634 3368 aut
1688 3305 2039 3369 animarum
2086 3305 2210 3370 duo
2256 3305 2371 3369 illa
2416 3323 2664 3390 genera,
2712 3323 2919 3369 unum

619 3427 691 3471 ex
738 3428 862 3489 quo
912 3409 1074 3473 nihil
1115 3411 1290 3486 mali,
1332 3411 1601 3474 alterum
1643 3431 1714 3475 ex
1752 3431 1876 3493 quo
1915 3411 2075 3475 nihil
2110 3411 2260 3476 boni
2298 3412 2401 3488 sit,
2441 3411 2683 3476 discere
2722 3413 2915 3493 atque

619 3513 840 3580 docere
886 3515 1012 3579 iam
1063 3515 1387 3580 desinant:
1448 3517 1618 3598 quod
1674 3518 1729 3582 si
1782 3517 2037 3594 faciant,
2086 3519 2443 3583 Manichaei
2500 3537 2639 3582 esse
2688 3517 2915 3600 utique

686 3751 718 3805 3
756 3752 984 3805 heresim
1021 3750 1094 3802 M
1236 3751 1628 3806 conuincuntur
1660 3751 1716 3804 A
1860 3753 1891 3806 9
1928 3753 2134 3806 noticia
2170 3755 2223 3806 A
2383 3753 2449 3806 10
2485 3753 2651 3806 etiam
2688 3753 2910 3822 penitus

621 3840 846 3894 insitum
886 3843 1030 3894 esset
1067 3840 1098 3893 b
1265 3839 1326 3892 11
1368 3857 1477 3894 non
1515 3849 1582 3894 au
1622 3839 1725 3894 sibi
1764 3841 1810 3894 S
1841 3858 1947 3895 non
1986 3841 2090 3895 sibi
2128 3844 2312 3896 autem
2348 3843 2402 3895 A
2565 3843 2635 3895 14
2670 3841 2815 3895 mala.
2850 3842 2910 3895 B

615 3956 682 4008 15
701 3971 807 4009 non
829 3972 931 4010 om.
951 3956 1006 4009 A
1115 3955 1181 4008 16
1202 3913 1467 4025 ιοᾷιῖῗίἒῖἰ
1493 3954 1665 4009 utare>
1810 3957 1987 4011 anima
2006 3957 2109 4010 RS
2230 3957 2295 4011 de
2327 3961 2395 4024 (s.
2428 3957 2491 4024 z.)
2511 3957 2566 4010 B
2680 3957 2744 4011 17
2774 3955 2907 4010 sub-

613 4069 835 4140 stantia]
867 4069 1060 4140 supbia
1079 4071 1133 4122 A
1267 4071 1418 4139 mali]
1445 4071 1574 4124 boni
1594 4070 1641 4125 S
1662 4027 1793 4126 §diii
1812 4072 1867 4126 B
2002 4071 2250 4126 si—boni
2277 4087 2379 4126 om.
2399 4071 2503 4125 BS
2634 4070 2829 4142 supbia
2846 4073 2905 4125 A

616 4159 681 4213 18
719 4159 810 4228 qui
848 4157 950 4212 AS
1091 4160 1157 4212 19
1196 4159 1464 4260 potuisset
1501 4159 1556 4211 B
1718 4161 1787 4214 20
1826 4177 1887 4215 ex
1924 4177 2009 4215 me
2044 4161 2183 4215 nihil
2220 4161 2265 4215 S
2406 4161 2470 4213 21
2510 4177 2599 4214 me
2635 4177 2737 4215 om.
2777 4159 2911 4214 ΒΜ

610 4275 821 4345 penitet
858 4278 914 4327 et
951 4274 1005 4327 A
1149 4273 1217 4327 23
1256 4291 1322 4328 au
1361 4275 1414 4328 B
1559 4275 1629 4329 24
1667 4276 1786 4329 istis
1824 4275 1895 4328 M
2034 4277 2102 4330 26
2140 4277 2236 4330 illa
2274 4275 2378 4330 duo
2417 4273 2549 4330 ASb
2679 4273 2747 4329 28
2782 4291 2905 4331 esse

609 4379 710 4417 om.
749 4364 802 4415 A
