<?xml version="1.0" encoding="UTF-8"?>
<!DOCTYPE html PUBLIC "-//W3C//DTD XHTML 1.0 Transitional//EN"
    "http://www.w3.org/TR/xhtml1/DTD/xhtml1-transitional.dtd">
<html xmlns="http://www.w3.org/1999/xhtml" xml:lang="en" lang="en">
 <head>
  <title>
</title>
<meta http-equiv="Content-Type" content="text/html;charset=utf-8" />
  <meta name='ocr-system' content='tesseract 3.04.00' />
  <meta name='ocr-capabilities' content='ocr_page ocr_carea ocr_par ocr_line ocrx_word'/>
</head>
<body>
  <div class='ocr_page' id='page_1' title='image "./corpusscriptoru27wissgoog_0543.png"; bbox 0 0 3159 4984; ppageno 0'>
   <div class='ocr_carea' id='block_1_1' title="bbox 898 500 2658 583">
    <p class='ocr_par' dir='ltr' id='par_1_1' title="bbox 898 500 2658 583">
     <span class='ocr_line' id='line_1_1' title="bbox 898 500 2658 583; baseline 0.005 -16"><span class='ocrx_word' id='word_1_1' title='bbox 898 513 1321 570; x_wconf 82' lang='lat' dir='ltr'><strong>VLContra</strong></span> <span class='ocrx_word' id='word_1_2' title='bbox 1358 515 1729 569; x_wconf 84' lang='lat' dir='ltr'><strong>Faustum</strong></span> <span class='ocrx_word' id='word_1_3' title='bbox 1782 514 1912 570; x_wconf 91' lang='lat' dir='ltr'><strong>lib.</strong></span> <span class='ocrx_word' id='word_1_4' title='bbox 1949 514 2183 570; x_wconf 86' lang='lat' dir='ltr'>XVIIII.</span> <span class='ocrx_word' id='word_1_5' title='bbox 2431 500 2439 505; x_wconf 40' lang='lat'>¹</span> <span class='ocrx_word' id='word_1_6' title='bbox 2529 517 2658 583; x_wconf 83' lang='lat'><strong>533</strong></span> 
     </span>
    </p>
   </div>
   <div class='ocr_carea' id='block_1_2' title="bbox 254 708 2670 3668">
    <p class='ocr_par' dir='ltr' id='par_1_2' title="bbox 358 708 2670 1115">
     <span class='ocr_line' id='line_1_2' title="bbox 359 708 2660 793; baseline 0.001 -20"><span class='ocrx_word' id='word_1_7' title='bbox 359 711 609 792; x_wconf 86' lang='lat' dir='ltr'><strong>prolata</strong></span> <span class='ocrx_word' id='word_1_8' title='bbox 664 713 765 775; x_wconf 92' lang='lat' dir='ltr'><strong>est</strong></span> <span class='ocrx_word' id='word_1_9' title='bbox 820 710 896 774; x_wconf 90' lang='lat' dir='ltr'><strong>de</strong></span> <span class='ocrx_word' id='word_1_10' title='bbox 954 708 1161 793; x_wconf 88' lang='lat' dir='ltr'><strong>prima</strong></span> <span class='ocrx_word' id='word_1_11' title='bbox 1216 710 1662 775; x_wconf 81' lang='lat' dir='ltr'><strong>coniunctione</strong></span> <span class='ocrx_word' id='word_1_12' title='bbox 1727 710 1998 775; x_wconf 86' lang='lat' dir='ltr'><strong>masculi</strong></span> <span class='ocrx_word' id='word_1_13' title='bbox 2063 714 2128 775; x_wconf 93' lang='lat' dir='ltr'><strong>et</strong></span> <span class='ocrx_word' id='word_1_14' title='bbox 2192 710 2462 775; x_wconf 87' lang='lat' dir='ltr'><strong>feminae</strong></span> <span class='ocrx_word' id='word_1_15' title='bbox 2526 714 2660 775; x_wconf 86' lang='lat' dir='ltr'><strong>tam</strong></span> 
     </span>
     <span class='ocr_line' id='line_1_3' title="bbox 361 815 2660 901; baseline 0 -20"><span class='ocrx_word' id='word_1_16' title='bbox 361 819 585 881; x_wconf 83' lang='lat' dir='ltr'><strong>saneta</strong></span> <span class='ocrx_word' id='word_1_17' title='bbox 621 819 685 881; x_wconf 88' lang='lat' dir='ltr'><strong>et</strong></span> <span class='ocrx_word' id='word_1_18' title='bbox 722 816 899 880; x_wconf 83' lang='lat' dir='ltr'><strong>nulla</strong></span> <span class='ocrx_word' id='word_1_19' title='bbox 936 816 1333 899; x_wconf 78' lang='lat' dir='ltr'><strong>separatione</strong></span> <span class='ocrx_word' id='word_1_20' title='bbox 1371 815 1672 882; x_wconf 86' lang='lat' dir='ltr'><strong>uiolanda</strong></span> <span class='ocrx_word' id='word_1_21' title='bbox 1711 817 1975 883; x_wconf 83' lang='lat' dir='ltr'><strong>castitas</strong></span> <span class='ocrx_word' id='word_1_22' title='bbox 2023 817 2396 901; x_wconf 82' lang='lat' dir='ltr'><strong>coniugalis,</strong></span> <span class='ocrx_word' id='word_1_23' title='bbox 2433 820 2660 901; x_wconf 89' lang='lat' dir='ltr'><strong>postea</strong></span> 
     </span>
     <span class='ocr_line' id='line_1_4' title="bbox 358 922 2656 1006; baseline -0 -19"><span class='ocrx_word' id='word_1_24' title='bbox 358 922 720 1006; x_wconf 78' lang='lat' dir='ltr'><strong>permiserit</strong></span> <span class='ocrx_word' id='word_1_25' title='bbox 784 922 1103 989; x_wconf 76' lang='lat' dir='ltr'><strong>dimittere</strong></span> <span class='ocrx_word' id='word_1_26' title='bbox 1168 926 1477 989; x_wconf 76' lang='lat' dir='ltr'><strong>uxorem?</strong></span> <span class='ocrx_word' id='word_1_27' title='bbox 1556 942 1704 987; x_wconf 88' lang='lat' dir='ltr'><strong>nam</strong></span> <span class='ocrx_word' id='word_1_28' title='bbox 1769 942 1916 988; x_wconf 86' lang='lat' dir='ltr'><strong>eum</strong></span> <span class='ocrx_word' id='word_1_29' title='bbox 1979 923 2078 988; x_wconf 89' lang='lat' dir='ltr'><strong>illi</strong></span> <span class='ocrx_word' id='word_1_30' title='bbox 2139 923 2656 1006; x_wconf 62' lang='lat' dir='ltr'><strong>respondissent:</strong></span> 
     </span>
     <span class='ocr_line' id='line_1_5' title="bbox 361 1029 2670 1115; baseline 0 -22"><span class='ocrx_word' id='word_1_31' title='bbox 361 1029 542 1113; x_wconf 90' lang='lat' dir='ltr'><strong>quid</strong></span> <span class='ocrx_word' id='word_1_32' title='bbox 590 1049 764 1114; x_wconf 88' lang='lat' dir='ltr'><strong>ergo</strong></span> <span class='ocrx_word' id='word_1_33' title='bbox 810 1030 1115 1114; x_wconf 82' lang='lat' dir='ltr'><strong>Moyses</strong></span> <span class='ocrx_word' id='word_1_34' title='bbox 1162 1029 1556 1094; x_wconf 86' lang='lat' dir='ltr'><strong>mandauit</strong></span> <span class='ocrx_word' id='word_1_35' title='bbox 1603 1030 1762 1094; x_wconf 85' lang='lat' dir='ltr'><strong>dari</strong></span> <span class='ocrx_word' id='word_1_36' title='bbox 1819 1029 2178 1095; x_wconf 89' lang='lat' dir='ltr'><strong>libellum</strong></span> <span class='ocrx_word' id='word_1_37' title='bbox 2236 1030 2538 1115; x_wconf 88' lang='lat' dir='ltr'><strong>repudii</strong></span> <span class='ocrx_word' id='word_1_38' title='bbox 2585 1036 2670 1094; x_wconf 88' lang='lat' dir='ltr'><strong>et·</strong></span> 
     </span>
    </p>

    <p class='ocr_par' dir='ltr' id='par_1_3' title="bbox 302 1136 2658 1647">
     <span class='ocr_line' id='line_1_6' title="bbox 302 1136 2656 1221; baseline 0.002 -26"><span class='ocrx_word' id='word_1_39' title='bbox 302 1158 330 1195; x_wconf 87' lang='lat'>5</span> <span class='ocrx_word' id='word_1_40' title='bbox 361 1136 795 1202; x_wconf 82' lang='lat' dir='ltr'><strong>dimittere?</strong></span> <span class='ocrx_word' id='word_1_41' title='bbox 834 1136 926 1202; x_wconf 85' lang='lat' dir='ltr'><strong>ait</strong></span> <span class='ocrx_word' id='word_1_42' title='bbox 951 1137 1123 1204; x_wconf 89' lang='lat' dir='ltr'><strong>illis:</strong></span> <span class='ocrx_word' id='word_1_43' title='bbox 1164 1138 1515 1220; x_wconf 87' lang='lat' dir='ltr'><strong>quoniam</strong></span> <span class='ocrx_word' id='word_1_44' title='bbox 1544 1137 1850 1221; x_wconf 80' lang='lat' dir='ltr'><strong>Moyses</strong></span> <span class='ocrx_word' id='word_1_45' title='bbox 1889 1138 1977 1201; x_wconf 89' lang='lat' dir='ltr'><strong>ad</strong></span> <span class='ocrx_word' id='word_1_46' title='bbox 2015 1137 2376 1205; x_wconf 84' lang='lat' dir='ltr'><strong>duritiam</strong></span> <span class='ocrx_word' id='word_1_47' title='bbox 2407 1136 2656 1203; x_wconf 86' lang='lat' dir='ltr'><strong>cordis</strong></span> 
     </span>
     <span class='ocr_line' id='line_1_7' title="bbox 359 1240 2658 1325; baseline 0.001 -19"><span class='ocrx_word' id='word_1_48' title='bbox 359 1240 606 1308; x_wconf 76' lang='lat' dir='ltr'><strong>uestri</strong></span> <span class='ocrx_word' id='word_1_49' title='bbox 667 1243 1022 1325; x_wconf 87' lang='lat' dir='ltr'><strong>permisit</strong></span> <span class='ocrx_word' id='word_1_50' title='bbox 1084 1244 1305 1309; x_wconf 92' lang='lat' dir='ltr'><strong>uobis</strong></span> <span class='ocrx_word' id='word_1_51' title='bbox 1372 1243 1760 1308; x_wconf 89' lang='lat' dir='ltr'><strong>dimittere</strong></span> <span class='ocrx_word' id='word_1_52' title='bbox 1817 1263 2086 1309; x_wconf 88' lang='lat' dir='ltr'><strong>uxores</strong></span> <span class='ocrx_word' id='word_1_53' title='bbox 2143 1246 2468 1310; x_wconf 87' lang='lat' dir='ltr'><strong>uestras.</strong></span> <span class='ocrx_word' id='word_1_54' title='bbox 2537 1244 2658 1309; x_wconf 85' lang='lat' dir='ltr'><strong>hoc</strong></span> 
     </span>
     <span class='ocr_line' id='line_1_8' title="bbox 360 1349 2656 1434; baseline -0 -21"><span class='ocrx_word' id='word_1_55' title='bbox 360 1352 481 1429; x_wconf 90' lang='lat' dir='ltr'><strong>est,</strong></span> <span class='ocrx_word' id='word_1_56' title='bbox 529 1349 699 1433; x_wconf 89' lang='lat' dir='ltr'><strong>quod</strong></span> <span class='ocrx_word' id='word_1_57' title='bbox 745 1349 937 1433; x_wconf 87' lang='lat' dir='ltr'><strong>paulo</strong></span> <span class='ocrx_word' id='word_1_58' title='bbox 996 1354 1142 1415; x_wconf 87' lang='lat' dir='ltr'><strong>ante</strong></span> <span class='ocrx_word' id='word_1_59' title='bbox 1200 1350 1631 1434; x_wconf 74' lang='lat' dir='ltr'><strong>exposuimus,</strong></span> <span class='ocrx_word' id='word_1_60' title='bbox 1699 1354 1938 1432; x_wconf 87' lang='lat' dir='ltr'><strong>quanta</strong></span> <span class='ocrx_word' id='word_1_61' title='bbox 1992 1351 2160 1415; x_wconf 90' lang='lat' dir='ltr'><strong>enim</strong></span> <span class='ocrx_word' id='word_1_62' title='bbox 2216 1350 2448 1415; x_wconf 85' lang='lat' dir='ltr'><strong>duritia</strong></span> <span class='ocrx_word' id='word_1_63' title='bbox 2503 1354 2656 1428; x_wconf 87' lang='lat' dir='ltr'><strong>erat,</strong></span> 
     </span>
     <span class='ocr_line' id='line_1_9' title="bbox 360 1456 2658 1539; baseline -0 -18"><span class='ocrx_word' id='word_1_64' title='bbox 360 1476 521 1537; x_wconf 89' lang='lat' dir='ltr'><strong>quae</strong></span> <span class='ocrx_word' id='word_1_65' title='bbox 586 1475 702 1521; x_wconf 85' lang='lat' dir='ltr'><strong>nec</strong></span> <span class='ocrx_word' id='word_1_66' title='bbox 767 1475 879 1539; x_wconf 90' lang='lat' dir='ltr'><strong>per</strong></span> <span class='ocrx_word' id='word_1_67' title='bbox 939 1457 1144 1521; x_wconf 89' lang='lat' dir='ltr'><strong>libelli</strong></span> <span class='ocrx_word' id='word_1_68' title='bbox 1206 1456 1782 1539; x_wconf 87' lang='lat' dir='ltr'><strong>interpositionem,</strong></span> <span class='ocrx_word' id='word_1_69' title='bbox 1839 1457 1952 1522; x_wconf 88' lang='lat' dir='ltr'><strong>ubi</strong></span> <span class='ocrx_word' id='word_1_70' title='bbox 2009 1456 2422 1523; x_wconf 83' lang='lat' dir='ltr'><strong>dissuadendi</strong></span> <span class='ocrx_word' id='word_1_71' title='bbox 2475 1456 2658 1522; x_wconf 86' lang='lat' dir='ltr'><strong>loeus</strong></span> 
     </span>
     <span class='ocr_line' id='line_1_10' title="bbox 358 1563 2657 1647; baseline 0 -20"><span class='ocrx_word' id='word_1_72' title='bbox 358 1563 549 1628; x_wconf 89' lang='lat' dir='ltr'><strong>iustis</strong></span> <span class='ocrx_word' id='word_1_73' title='bbox 599 1566 663 1629; x_wconf 89' lang='lat' dir='ltr'><strong>et</strong></span> <span class='ocrx_word' id='word_1_74' title='bbox 706 1563 1129 1646; x_wconf 86' lang='lat' dir='ltr'><strong>prudentibus</strong></span> <span class='ocrx_word' id='word_1_75' title='bbox 1174 1564 1513 1641; x_wconf 89' lang='lat' dir='ltr'><strong>tribuetur,</strong></span> <span class='ocrx_word' id='word_1_76' title='bbox 1572 1564 1741 1629; x_wconf 89' lang='lat' dir='ltr'><strong>solui</strong></span> <span class='ocrx_word' id='word_1_77' title='bbox 1789 1567 1855 1628; x_wconf 88' lang='lat' dir='ltr'><strong>et</strong></span> <span class='ocrx_word' id='word_1_78' title='bbox 1898 1563 2068 1631; x_wconf 83' lang='lat' dir='ltr'><strong>flecti</strong></span> <span class='ocrx_word' id='word_1_79' title='bbox 2114 1568 2335 1647; x_wconf 90' lang='lat' dir='ltr'><strong>posset</strong></span> <span class='ocrx_word' id='word_1_80' title='bbox 2379 1563 2459 1629; x_wconf 85' lang='lat' dir='ltr'><strong>ad</strong></span> <span class='ocrx_word' id='word_1_81' title='bbox 2503 1563 2657 1629; x_wconf 85' lang='lat' dir='ltr'><strong>reci·</strong></span> 
     </span>
    </p>

    <p class='ocr_par' dir='ltr' id='par_1_4' title="bbox 264 1666 2658 2179">
     <span class='ocr_line' id='line_1_11' title="bbox 264 1666 2656 1754; baseline -0 -20"><span class='ocrx_word' id='word_1_82' title='bbox 264 1688 318 1725; x_wconf 80' lang='lat'><strong>¹0</strong></span> <span class='ocrx_word' id='word_1_83' title='bbox 358 1669 653 1754; x_wconf 87' lang='lat' dir='ltr'><strong>piendam</strong></span> <span class='ocrx_word' id='word_1_84' title='bbox 717 1670 826 1735; x_wconf 90' lang='lat' dir='ltr'><strong>uel</strong></span> <span class='ocrx_word' id='word_1_85' title='bbox 888 1670 1307 1735; x_wconf 83' lang='lat' dir='ltr'><strong>reuocandam</strong></span> <span class='ocrx_word' id='word_1_86' title='bbox 1384 1669 1667 1753; x_wconf 82' lang='lat' dir='ltr'><strong>coniugii</strong></span> <span class='ocrx_word' id='word_1_87' title='bbox 1731 1666 2110 1735; x_wconf 82' lang='lat' dir='ltr'><strong>caritatem?</strong></span> <span class='ocrx_word' id='word_1_88' title='bbox 2184 1670 2276 1733; x_wconf 87' lang='lat' dir='ltr'><strong>ita</strong></span> <span class='ocrx_word' id='word_1_89' title='bbox 2339 1668 2656 1749; x_wconf 90' lang='lat' dir='ltr'><strong>dominus,</strong></span> 
     </span>
     <span class='ocr_line' id='line_1_12' title="bbox 359 1775 2656 1861; baseline 0 -21"><span class='ocrx_word' id='word_1_90' title='bbox 359 1775 513 1859; x_wconf 89' lang='lat' dir='ltr'><strong>quid</strong></span> <span class='ocrx_word' id='word_1_91' title='bbox 575 1776 675 1842; x_wconf 85' lang='lat' dir='ltr'><strong>lex</strong></span> <span class='ocrx_word' id='word_1_92' title='bbox 731 1780 798 1841; x_wconf 93' lang='lat' dir='ltr'><strong>et</strong></span> <span class='ocrx_word' id='word_1_93' title='bbox 850 1777 1037 1842; x_wconf 90' lang='lat' dir='ltr'><strong>bonis</strong></span> <span class='ocrx_word' id='word_1_94' title='bbox 1093 1777 1488 1861; x_wconf 86' lang='lat' dir='ltr'><strong>praeciperet</strong></span> <span class='ocrx_word' id='word_1_95' title='bbox 1543 1778 1609 1840; x_wconf 91' lang='lat' dir='ltr'><strong>et</strong></span> <span class='ocrx_word' id='word_1_96' title='bbox 1665 1776 1841 1842; x_wconf 90' lang='lat' dir='ltr'><strong>duris</strong></span> <span class='ocrx_word' id='word_1_97' title='bbox 1894 1779 2314 1859; x_wconf 88' lang='lat' dir='ltr'><strong>permitteret,</strong></span> <span class='ocrx_word' id='word_1_98' title='bbox 2371 1775 2656 1841; x_wconf 89' lang='lat' dir='ltr'><strong>eiusdem</strong></span> 
     </span>
     <span class='ocr_line' id='line_1_13' title="bbox 354 1881 2658 1965; baseline 0 -20"><span class='ocrx_word' id='word_1_99' title='bbox 354 1881 523 1965; x_wconf 87' lang='lat' dir='ltr'><strong>legis</strong></span> <span class='ocrx_word' id='word_1_100' title='bbox 568 1882 940 1949; x_wconf 91' lang='lat' dir='ltr'><strong>testimonio</strong></span> <span class='ocrx_word' id='word_1_101' title='bbox 990 1883 1357 1961; x_wconf 86' lang='lat' dir='ltr'><strong>declarauit,</strong></span> <span class='ocrx_word' id='word_1_102' title='bbox 1407 1902 1554 1949; x_wconf 83' lang='lat' dir='ltr'><strong>eum</strong></span> <span class='ocrx_word' id='word_1_103' title='bbox 1601 1886 1668 1947; x_wconf 91' lang='lat' dir='ltr'><strong>et</strong></span> <span class='ocrx_word' id='word_1_104' title='bbox 1721 1901 1846 1948; x_wconf 91' lang='lat' dir='ltr'><strong>non</strong></span> <span class='ocrx_word' id='word_1_105' title='bbox 1905 1883 2346 1948; x_wconf 88' lang='lat' dir='ltr'><strong>dimittendam</strong></span> <span class='ocrx_word' id='word_1_106' title='bbox 2401 1900 2658 1947; x_wconf 84' lang='lat' dir='ltr'><strong>uxorem</strong></span> 
     </span>
     <span class='ocr_line' id='line_1_14' title="bbox 360 1988 2658 2072; baseline 0 -20"><span class='ocrx_word' id='word_1_107' title='bbox 360 2008 431 2052; x_wconf 93' lang='lat' dir='ltr'><strong>ex</strong></span> <span class='ocrx_word' id='word_1_108' title='bbox 508 1988 729 2054; x_wconf 89' lang='lat' dir='ltr'><strong>eadem</strong></span> <span class='ocrx_word' id='word_1_109' title='bbox 804 1990 1121 2072; x_wconf 84' lang='lat' dir='ltr'><strong>scriptura</strong></span> <span class='ocrx_word' id='word_1_110' title='bbox 1194 1993 1690 2055; x_wconf 84' lang='lat' dir='ltr'><strong>commemorata</strong></span> <span class='ocrx_word' id='word_1_111' title='bbox 1753 1990 2196 2055; x_wconf 84' lang='lat' dir='ltr'><strong>coniunctione</strong></span> <span class='ocrx_word' id='word_1_112' title='bbox 2255 1989 2529 2056; x_wconf 84' lang='lat' dir='ltr'><strong>masculi</strong></span> <span class='ocrx_word' id='word_1_113' title='bbox 2593 1992 2658 2055; x_wconf 92' lang='lat' dir='ltr'><strong>et</strong></span> 
     </span>
     <span class='ocr_line' id='line_1_15' title="bbox 354 2094 2656 2179; baseline 0 -20"><span class='ocrx_word' id='word_1_114' title='bbox 354 2094 629 2161; x_wconf 86' lang='lat' dir='ltr'><strong>feminae</strong></span> <span class='ocrx_word' id='word_1_115' title='bbox 656 2097 907 2162; x_wconf 89' lang='lat' dir='ltr'><strong>monuit</strong></span> <span class='ocrx_word' id='word_1_116' title='bbox 936 2096 1344 2179; x_wconf 89' lang='lat' dir='ltr'><strong>diuinamque</strong></span> <span class='ocrx_word' id='word_1_117' title='bbox 1383 2097 1827 2163; x_wconf 84' lang='lat' dir='ltr'><strong>auctoritatem</strong></span> <span class='ocrx_word' id='word_1_118' title='bbox 1869 2097 2156 2162; x_wconf 89' lang='lat' dir='ltr'><strong>eiusdem</strong></span> <span class='ocrx_word' id='word_1_119' title='bbox 2194 2096 2656 2163; x_wconf 77' lang='lat' dir='ltr'><strong>coniunctionis</strong></span> 
     </span>
    </p>

    <p class='ocr_par' dir='ltr' id='par_1_5' title="bbox 266 2202 2656 2377">
     <span class='ocr_line' id='line_1_16' title="bbox 266 2202 2656 2287; baseline 0.002 -24"><span class='ocrx_word' id='word_1_120' title='bbox 266 2226 317 2263; x_wconf 66' lang='grc' dir='ltr'><strong>ιε,</strong></span> <span class='ocrx_word' id='word_1_121' title='bbox 358 2202 653 2285; x_wconf 83' lang='lat' dir='ltr'><strong>exposuit</strong></span> <span class='ocrx_word' id='word_1_122' title='bbox 716 2206 783 2267; x_wconf 93' lang='lat' dir='ltr'><strong>et</strong></span> <span class='ocrx_word' id='word_1_123' title='bbox 846 2203 1125 2270; x_wconf 88' lang='lat' dir='ltr'><strong>dandum</strong></span> <span class='ocrx_word' id='word_1_124' title='bbox 1190 2202 1485 2267; x_wconf 91' lang='lat' dir='ltr'><strong>libellum</strong></span> <span class='ocrx_word' id='word_1_125' title='bbox 1547 2202 1798 2286; x_wconf 91' lang='lat' dir='ltr'><strong>repudii</strong></span> <span class='ocrx_word' id='word_1_126' title='bbox 1867 2207 2124 2287; x_wconf 89' lang='lat' dir='ltr'><strong>propter</strong></span> <span class='ocrx_word' id='word_1_127' title='bbox 2184 2203 2484 2269; x_wconf 85' lang='lat' dir='ltr'><strong>duritiam</strong></span> <span class='ocrx_word' id='word_1_128' title='bbox 2548 2204 2656 2268; x_wconf 90' lang='lat' dir='ltr'><strong>uel</strong></span> 
     </span>
     <span class='ocr_line' id='line_1_17' title="bbox 359 2310 1806 2377; baseline 0.001 -3"><span class='ocrx_word' id='word_1_129' title='bbox 359 2310 661 2375; x_wconf 85' lang='lat' dir='ltr'><strong>domandi</strong></span> <span class='ocrx_word' id='word_1_130' title='bbox 706 2312 814 2377; x_wconf 90' lang='lat' dir='ltr'><strong>uel</strong></span> <span class='ocrx_word' id='word_1_131' title='bbox 860 2311 1161 2377; x_wconf 89' lang='lat' dir='ltr'><strong>indomiti</strong></span> <span class='ocrx_word' id='word_1_132' title='bbox 1209 2310 1417 2377; x_wconf 82' lang='lat' dir='ltr'><strong>cordis</strong></span> <span class='ocrx_word' id='word_1_133' title='bbox 1468 2310 1806 2377; x_wconf 84' lang='lat' dir='ltr'><strong>ostendit.-</strong></span> 
     </span>
    </p>

    <p class='ocr_par' dir='ltr' id='par_1_6' title="bbox 356 2414 2658 2713">
     <span class='ocr_line' id='line_1_18' title="bbox 446 2414 2655 2501; baseline -0 -21"><span class='ocrx_word' id='word_1_134' title='bbox 446 2419 552 2483; x_wconf 89' lang='lat'><strong>30.</strong></span> <span class='ocrx_word' id='word_1_135' title='bbox 595 2414 991 2501; x_wconf 82' lang='lat' dir='ltr'><strong>Quapropter</strong></span> <span class='ocrx_word' id='word_1_136' title='bbox 1027 2437 1175 2483; x_wconf 86' lang='lat' dir='ltr'><strong>eum</strong></span> <span class='ocrx_word' id='word_1_137' title='bbox 1213 2418 1425 2483; x_wconf 85' lang='lat' dir='ltr'><strong>omnia</strong></span> <span class='ocrx_word' id='word_1_138' title='bbox 1458 2418 1573 2482; x_wconf 89' lang='lat' dir='ltr'><strong>illa</strong></span> <span class='ocrx_word' id='word_1_139' title='bbox 1609 2417 1986 2482; x_wconf 81' lang='lat' dir='ltr'><strong>excellentia</strong></span> <span class='ocrx_word' id='word_1_140' title='bbox 2019 2420 2358 2501; x_wconf 85' lang='lat' dir='ltr'><strong>praecepta</strong></span> <span class='ocrx_word' id='word_1_141' title='bbox 2395 2414 2655 2495; x_wconf 88' lang='lat' dir='ltr'><strong>domini,</strong></span> 
     </span>
     <span class='ocr_line' id='line_1_19' title="bbox 356 2524 2658 2605; baseline -0.001 -16"><span class='ocrx_word' id='word_1_142' title='bbox 356 2542 517 2605; x_wconf 86' lang='lat' dir='ltr'><strong>quae</strong></span> <span class='ocrx_word' id='word_1_143' title='bbox 574 2524 901 2589; x_wconf 88' lang='lat' dir='ltr'><strong>ueteribus</strong></span> <span class='ocrx_word' id='word_1_144' title='bbox 956 2524 1395 2589; x_wconf 88' lang='lat' dir='ltr'><strong>Hebraeorum</strong></span> <span class='ocrx_word' id='word_1_145' title='bbox 1448 2524 1631 2589; x_wconf 89' lang='lat' dir='ltr'><strong>libris</strong></span> <span class='ocrx_word' id='word_1_146' title='bbox 1689 2525 2002 2589; x_wconf 82' lang='lat' dir='ltr'><strong>contraria</strong></span> <span class='ocrx_word' id='word_1_147' title='bbox 2053 2524 2334 2588; x_wconf 82' lang='lat' dir='ltr'><strong>Faustus</strong></span> <span class='ocrx_word' id='word_1_148' title='bbox 2397 2524 2658 2589; x_wconf 85' lang='lat' dir='ltr'><strong>uolebat</strong></span> 
     </span>
     <span class='ocr_line' id='line_1_20' title="bbox 357 2627 2656 2713; baseline 0 -21"><span class='ocrx_word' id='word_1_149' title='bbox 357 2627 713 2707; x_wconf 83' lang='lat' dir='ltr'><strong>ostendere,</strong></span> <span class='ocrx_word' id='word_1_150' title='bbox 776 2629 841 2699; x_wconf 89' lang='lat' dir='ltr'><strong>in</strong></span> <span class='ocrx_word' id='word_1_151' title='bbox 910 2629 1153 2695; x_wconf 90' lang='lat' dir='ltr'><strong>eisdem</strong></span> <span class='ocrx_word' id='word_1_152' title='bbox 1218 2648 1470 2713; x_wconf 91' lang='lat' dir='ltr'><strong>quoque</strong></span> <span class='ocrx_word' id='word_1_153' title='bbox 1534 2628 1717 2694; x_wconf 87' lang='lat' dir='ltr'><strong>libris</strong></span> <span class='ocrx_word' id='word_1_154' title='bbox 1772 2630 2199 2709; x_wconf 88' lang='lat' dir='ltr'><strong>inueniantur,</strong></span> <span class='ocrx_word' id='word_1_155' title='bbox 2256 2629 2422 2695; x_wconf 89' lang='lat' dir='ltr'><strong>unde</strong></span> <span class='ocrx_word' id='word_1_156' title='bbox 2476 2630 2656 2694; x_wconf 90' lang='lat' dir='ltr'><strong>uenit</strong></span> 
     </span>
    </p>

    <p class='ocr_par' dir='ltr' id='par_1_7' title="bbox 254 2733 2656 3668">
     <span class='ocr_line' id='line_1_21' title="bbox 256 2733 2654 2821; baseline 0.002 -26"><span class='ocrx_word' id='word_1_157' title='bbox 256 2756 317 2795; x_wconf 64' lang='grc' dir='ltr'><strong>ευ</strong></span> <span class='ocrx_word' id='word_1_158' title='bbox 356 2733 651 2801; x_wconf 89' lang='lat' dir='ltr'><strong>dominus</strong></span> <span class='ocrx_word' id='word_1_159' title='bbox 708 2736 919 2821; x_wconf 88' lang='lat' dir='ltr'><strong>legem</strong></span> <span class='ocrx_word' id='word_1_160' title='bbox 975 2755 1101 2801; x_wconf 90' lang='lat' dir='ltr'><strong>non</strong></span> <span class='ocrx_word' id='word_1_161' title='bbox 1176 2736 1427 2801; x_wconf 91' lang='lat' dir='ltr'><strong>soluere</strong></span> <span class='ocrx_word' id='word_1_162' title='bbox 1486 2735 1600 2801; x_wconf 89' lang='lat' dir='ltr'><strong>sed</strong></span> <span class='ocrx_word' id='word_1_163' title='bbox 1655 2735 1999 2818; x_wconf 78' lang='lat' dir='ltr'><strong>adinplere,</strong></span> <span class='ocrx_word' id='word_1_164' title='bbox 2057 2735 2183 2801; x_wconf 89' lang='lat' dir='ltr'><strong>nisi</strong></span> <span class='ocrx_word' id='word_1_165' title='bbox 2237 2738 2313 2799; x_wconf 90' lang='lat' dir='ltr'><strong>ut</strong></span> <span class='ocrx_word' id='word_1_166' title='bbox 2375 2736 2654 2819; x_wconf 84' lang='lat' dir='ltr'><strong>exeeptis</strong></span> 
     </span>
     <span class='ocr_line' id='line_1_22' title="bbox 355 2841 2654 2927; baseline 0.001 -22"><span class='ocrx_word' id='word_1_167' title='bbox 355 2841 817 2924; x_wconf 89' lang='lat' dir='ltr'><strong>promissorum</strong></span> <span class='ocrx_word' id='word_1_168' title='bbox 882 2842 1127 2927; x_wconf 79' lang='lat' dir='ltr'><strong>figuriS,</strong></span> <span class='ocrx_word' id='word_1_169' title='bbox 1196 2861 1358 2924; x_wconf 87' lang='lat' dir='ltr'><strong>quae</strong></span> <span class='ocrx_word' id='word_1_170' title='bbox 1414 2842 1663 2907; x_wconf 89' lang='lat' dir='ltr'><strong>reddita</strong></span> <span class='ocrx_word' id='word_1_171' title='bbox 1718 2842 1988 2907; x_wconf 82' lang='lat' dir='ltr'><strong>ueritate</strong></span> <span class='ocrx_word' id='word_1_172' title='bbox 2049 2841 2407 2925; x_wconf 87' lang='lat' dir='ltr'><strong>adinpletae</strong></span> <span class='ocrx_word' id='word_1_173' title='bbox 2463 2844 2654 2924; x_wconf 85' lang='lat' dir='ltr'><strong>atque</strong></span> 
     </span>
     <span class='ocr_line' id='line_1_23' title="bbox 357 2947 2656 3033; baseline 0 -21"><span class='ocrx_word' id='word_1_174' title='bbox 357 2947 644 3013; x_wconf 88' lang='lat' dir='ltr'><strong>sublatae</strong></span> <span class='ocrx_word' id='word_1_175' title='bbox 693 2952 861 3029; x_wconf 88' lang='lat' dir='ltr'><strong>sunt,</strong></span> <span class='ocrx_word' id='word_1_176' title='bbox 910 2948 1051 3033; x_wconf 88' lang='lat' dir='ltr'><strong>ipsa</strong></span> <span class='ocrx_word' id='word_1_177' title='bbox 1096 2968 1347 3033; x_wconf 90' lang='lat' dir='ltr'><strong>quoque</strong></span> <span class='ocrx_word' id='word_1_178' title='bbox 1391 2951 1750 3032; x_wconf 83' lang='lat' dir='ltr'><strong>praecepta,</strong></span> <span class='ocrx_word' id='word_1_179' title='bbox 1796 2968 1909 3031; x_wconf 91' lang='lat' dir='ltr'><strong>per</strong></span> <span class='ocrx_word' id='word_1_180' title='bbox 1954 2966 2114 3031; x_wconf 89' lang='lat' dir='ltr'><strong>quae</strong></span> <span class='ocrx_word' id='word_1_181' title='bbox 2149 2949 2251 3013; x_wconf 84' lang='lat' dir='ltr'><strong>lex</strong></span> <span class='ocrx_word' id='word_1_182' title='bbox 2287 2948 2400 3013; x_wconf 87' lang='lat' dir='ltr'><strong>illa</strong></span> <span class='ocrx_word' id='word_1_183' title='bbox 2436 2950 2656 3014; x_wconf 84' lang='lat' dir='ltr'><strong>sancta</strong></span> 
     </span>
     <span class='ocr_line' id='line_1_24' title="bbox 356 3055 2656 3138; baseline 0.001 -22"><span class='ocrx_word' id='word_1_184' title='bbox 356 3056 423 3117; x_wconf 91' lang='lat' dir='ltr'><strong>et</strong></span> <span class='ocrx_word' id='word_1_185' title='bbox 464 3055 639 3119; x_wconf 83' lang='lat' dir='ltr'><strong>iusta</strong></span> <span class='ocrx_word' id='word_1_186' title='bbox 684 3058 750 3121; x_wconf 91' lang='lat' dir='ltr'><strong>et</strong></span> <span class='ocrx_word' id='word_1_187' title='bbox 793 3057 961 3121; x_wconf 87' lang='lat' dir='ltr'><strong>bona</strong></span> <span class='ocrx_word' id='word_1_188' title='bbox 1007 3059 1127 3134; x_wconf 89' lang='lat' dir='ltr'><strong>est,</strong></span> <span class='ocrx_word' id='word_1_189' title='bbox 1175 3075 1299 3121; x_wconf 90' lang='lat' dir='ltr'><strong>non</strong></span> <span class='ocrx_word' id='word_1_190' title='bbox 1346 3075 1459 3138; x_wconf 91' lang='lat' dir='ltr'><strong>per</strong></span> <span class='ocrx_word' id='word_1_191' title='bbox 1504 3056 1900 3120; x_wconf 89' lang='lat' dir='ltr'><strong>uetustatem</strong></span> <span class='ocrx_word' id='word_1_192' title='bbox 1955 3055 2206 3121; x_wconf 85' lang='lat' dir='ltr'><strong>litterae</strong></span> <span class='ocrx_word' id='word_1_193' title='bbox 2261 3055 2542 3121; x_wconf 90' lang='lat' dir='ltr'><strong>iubentis</strong></span> <span class='ocrx_word' id='word_1_194' title='bbox 2589 3058 2656 3121; x_wconf 91' lang='lat' dir='ltr'><strong>et</strong></span> 
     </span>
     <span class='ocr_line' id='line_1_25' title="bbox 356 3160 2654 3247; baseline 0.001 -23"><span class='ocrx_word' id='word_1_195' title='bbox 356 3160 589 3225; x_wconf 82' lang='lat' dir='ltr'><strong>delicta</strong></span> <span class='ocrx_word' id='word_1_196' title='bbox 634 3163 1055 3246; x_wconf 89' lang='lat' dir='ltr'><strong>superborum</strong></span> <span class='ocrx_word' id='word_1_197' title='bbox 1103 3166 1283 3227; x_wconf 87' lang='lat' dir='ltr'><strong>reatu</strong></span> <span class='ocrx_word' id='word_1_198' title='bbox 1333 3162 1527 3226; x_wconf 84' lang='lat' dir='ltr'><strong>etiam</strong></span> <span class='ocrx_word' id='word_1_199' title='bbox 1572 3161 2136 3245; x_wconf 84' lang='lat' dir='ltr'><strong>praeuaricationis</strong></span> <span class='ocrx_word' id='word_1_200' title='bbox 2182 3162 2499 3247; x_wconf 87' lang='lat' dir='ltr'><strong>augentis,</strong></span> <span class='ocrx_word' id='word_1_201' title='bbox 2539 3162 2654 3227; x_wconf 88' lang='lat' dir='ltr'><strong>sed</strong></span> 
     </span>
     <span class='ocr_line' id='line_1_26' title="bbox 254 3266 2652 3353; baseline 0.003 -28"><span class='ocrx_word' id='word_1_202' title='bbox 254 3286 312 3325; x_wconf 77' lang='lat'><strong>25</strong></span> <span class='ocrx_word' id='word_1_203' title='bbox 353 3286 464 3350; x_wconf 90' lang='lat' dir='ltr'><strong>per</strong></span> <span class='ocrx_word' id='word_1_204' title='bbox 510 3268 865 3334; x_wconf 89' lang='lat' dir='ltr'><strong>nouitatem</strong></span> <span class='ocrx_word' id='word_1_205' title='bbox 912 3268 1179 3353; x_wconf 88' lang='lat' dir='ltr'><strong>spiritus</strong></span> <span class='ocrx_word' id='word_1_206' title='bbox 1243 3266 1612 3333; x_wconf 85' lang='lat' dir='ltr'><strong>adiuuantis</strong></span> <span class='ocrx_word' id='word_1_207' title='bbox 1670 3270 1735 3333; x_wconf 90' lang='lat' dir='ltr'><strong>et</strong></span> <span class='ocrx_word' id='word_1_208' title='bbox 1788 3267 2132 3333; x_wconf 84' lang='lat' dir='ltr'><strong>humilium</strong></span> <span class='ocrx_word' id='word_1_209' title='bbox 2187 3267 2652 3335; x_wconf 85' lang='lat' dir='ltr'><strong>confessionem</strong></span> 
     </span>
     <span class='ocr_line' id='line_1_27' title="bbox 356 3370 2650 3457; baseline -0.002 -18"><span class='ocrx_word' id='word_1_210' title='bbox 356 3373 587 3439; x_wconf 87' lang='lat' dir='ltr'><strong>salutis</strong></span> <span class='ocrx_word' id='word_1_211' title='bbox 652 3372 857 3457; x_wconf 85' lang='lat' dir='ltr'><strong>gratia</strong></span> <span class='ocrx_word' id='word_1_212' title='bbox 919 3373 1247 3438; x_wconf 88' lang='lat' dir='ltr'><strong>liberantis</strong></span> <span class='ocrx_word' id='word_1_213' title='bbox 1311 3372 1705 3455; x_wconf 89' lang='lat' dir='ltr'><strong>inplerentur</strong></span> <span class='ocrx_word' id='word_1_214' title='bbox 1767 3370 1831 3435; x_wconf 89' lang='lat' dir='ltr'><strong>in</strong></span> <span class='ocrx_word' id='word_1_215' title='bbox 1893 3371 2077 3437; x_wconf 90' lang='lat' dir='ltr'><strong>nobis</strong></span> <span class='ocrx_word' id='word_1_216' title='bbox 2097 3375 2127 3436; x_wconf 76' lang='lat' dir='ltr'>P</span> <span class='ocrx_word' id='word_1_217' title='bbox 2202 3372 2350 3455; x_wconf 87' lang='lat' dir='ltr'><strong>quia</strong></span> <span class='ocrx_word' id='word_1_218' title='bbox 2411 3390 2650 3451; x_wconf 84' lang='lat' dir='ltr'><strong>reuera,</strong></span> 
     </span>
     <span class='ocr_line' id='line_1_28' title="bbox 354 3477 2650 3563; baseline -0.001 -18"><span class='ocrx_word' id='word_1_219' title='bbox 354 3480 525 3546; x_wconf 83' lang='lat' dir='ltr'><strong>sieut</strong></span> <span class='ocrx_word' id='word_1_220' title='bbox 572 3479 785 3546; x_wconf 89' lang='lat' dir='ltr'><strong>omnia</strong></span> <span class='ocrx_word' id='word_1_221' title='bbox 830 3479 959 3545; x_wconf 85' lang='lat' dir='ltr'><strong>ista</strong></span> <span class='ocrx_word' id='word_1_222' title='bbox 1001 3482 1343 3563; x_wconf 83' lang='lat' dir='ltr'><strong>praecepta</strong></span> <span class='ocrx_word' id='word_1_223' title='bbox 1390 3478 1694 3543; x_wconf 88' lang='lat' dir='ltr'><strong>sublimia</strong></span> <span class='ocrx_word' id='word_1_224' title='bbox 1738 3496 1856 3543; x_wconf 86' lang='lat' dir='ltr'><strong>nec</strong></span> <span class='ocrx_word' id='word_1_225' title='bbox 1901 3477 2031 3543; x_wconf 88' lang='lat' dir='ltr'><strong>illis</strong></span> <span class='ocrx_word' id='word_1_226' title='bbox 2087 3478 2268 3544; x_wconf 88' lang='lat' dir='ltr'><strong>libris</strong></span> <span class='ocrx_word' id='word_1_227' title='bbox 2325 3478 2650 3543; x_wconf 90' lang='lat' dir='ltr'><strong>ueteribus</strong></span> 
     </span>
     <span class='ocr_line' id='line_1_29' title="bbox 354 3584 2651 3668; baseline -0.001 -17"><span class='ocrx_word' id='word_1_228' title='bbox 354 3586 606 3664; x_wconf 77' lang='lat' dir='ltr'><strong>desunt,</strong></span> <span class='ocrx_word' id='word_1_229' title='bbox 654 3586 747 3651; x_wconf 87' lang='lat' dir='ltr'><strong>ita</strong></span> <span class='ocrx_word' id='word_1_230' title='bbox 789 3586 927 3651; x_wconf 86' lang='lat' dir='ltr'><strong>illie</strong></span> <span class='ocrx_word' id='word_1_231' title='bbox 982 3586 1149 3664; x_wconf 91' lang='lat' dir='ltr'><strong>finis,</strong></span> <span class='ocrx_word' id='word_1_232' title='bbox 1208 3605 1332 3668; x_wconf 90' lang='lat' dir='ltr'><strong>quo</strong></span> <span class='ocrx_word' id='word_1_233' title='bbox 1388 3585 1761 3663; x_wconf 87' lang='lat' dir='ltr'><strong>referantur,</strong></span> <span class='ocrx_word' id='word_1_234' title='bbox 1821 3585 2113 3650; x_wconf 86' lang='lat' dir='ltr'><strong>occultus</strong></span> <span class='ocrx_word' id='word_1_235' title='bbox 2170 3589 2288 3663; x_wconf 86' lang='lat' dir='ltr'><strong>est,</strong></span> <span class='ocrx_word' id='word_1_236' title='bbox 2357 3584 2651 3667; x_wconf 87' lang='lat' dir='ltr'><strong>quamuis</strong></span> 
     </span>
    </p>
   </div>
   <div class='ocr_carea' id='block_1_3' title="bbox 528 3803 1830 3873">
    <p class='ocr_par' dir='ltr' id='par_1_8' title="bbox 528 3803 1830 3873">
     <span class='ocr_line' id='line_1_30' title="bbox 528 3803 1830 3873; baseline -0.001 -16"><span class='ocrx_word' id='word_1_237' title='bbox 528 3806 565 3857; x_wconf 87' lang='lat'>4</span> <span class='ocrx_word' id='word_1_238' title='bbox 599 3803 796 3860; x_wconf 82' lang='lat' dir='ltr'><strong>Matth.</strong></span> <span class='ocrx_word' id='word_1_239' title='bbox 841 3805 921 3869; x_wconf 88' lang='grc'><strong>19,</strong></span> <span class='ocrx_word' id='word_1_240' title='bbox 962 3804 992 3857; x_wconf 83' lang='lat'><strong>7</strong></span> <span class='ocrx_word' id='word_1_241' title='bbox 1033 3820 1114 3873; x_wconf 86' lang='lat' dir='ltr'><strong>sq.</strong></span> <span class='ocrx_word' id='word_1_242' title='bbox 1225 3803 1293 3857; x_wconf 84' lang='lat'><strong>23</strong></span> <span class='ocrx_word' id='word_1_243' title='bbox 1334 3803 1401 3857; x_wconf 88' lang='lat' dir='ltr'><strong>ef.</strong></span> <span class='ocrx_word' id='word_1_244' title='bbox 1440 3804 1595 3857; x_wconf 88' lang='lat' dir='ltr'><strong>Rom.</strong></span> <span class='ocrx_word' id='word_1_245' title='bbox 1636 3804 1720 3867; x_wconf 85' lang='grc'><strong>12,</strong></span> <span class='ocrx_word' id='word_1_246' title='bbox 1763 3805 1830 3857; x_wconf 87' lang='grc'><strong>12</strong></span> 
     </span>
    </p>
   </div>
   <div class='ocr_carea' id='block_1_4' title="bbox 346 3977 2656 4495">
    <p class='ocr_par' dir='ltr' id='par_1_9' title="bbox 346 3977 2656 4495">
     <span class='ocr_line' id='line_1_31' title="bbox 422 3977 2649 4050; baseline 0 -17"><span class='ocrx_word' id='word_1_247' title='bbox 422 3981 453 4033; x_wconf 84' lang='grc'><strong>7</strong></span> <span class='ocrx_word' id='word_1_248' title='bbox 491 3980 697 4035; x_wconf 85' lang='lat' dir='ltr'><strong>duricia</strong></span> <span class='ocrx_word' id='word_1_249' title='bbox 730 3978 779 4033; x_wconf 85' lang='lat' dir='ltr'><strong>C&#39;</strong></span> <span class='ocrx_word' id='word_1_250' title='bbox 916 3980 952 4034; x_wconf 90' lang='lat'>8</span> <span class='ocrx_word' id='word_1_251' title='bbox 988 3996 1023 4049; x_wconf 76' lang='lat' dir='ltr'><strong>p</strong></span> <span class='ocrx_word' id='word_1_252' title='bbox 1062 3982 1127 4047; x_wconf 82' lang='lat' dir='ltr'><strong>(s.</strong></span> <span class='ocrx_word' id='word_1_253' title='bbox 1168 3980 1226 4041; x_wconf 84' lang='lat' dir='ltr'><strong>l.)</strong></span> <span class='ocrx_word' id='word_1_254' title='bbox 1272 3979 1318 4033; x_wconf 99' lang='lat' dir='ltr'><strong><em>S</em></strong></span> <span class='ocrx_word' id='word_1_255' title='bbox 1459 3979 1523 4032; x_wconf 87' lang='lat' dir='ltr'><strong>ll</strong></span> <span class='ocrx_word' id='word_1_256' title='bbox 1565 3984 1623 4035; x_wconf 91' lang='lat' dir='ltr'><strong>et</strong></span> <span class='ocrx_word' id='word_1_257' title='bbox 1661 3987 1790 4050; x_wconf 63' lang='lat' dir='ltr'><strong>ante</strong></span> <span class='ocrx_word' id='word_1_258' title='bbox 1825 3980 1984 4035; x_wconf 83' lang='lat' dir='ltr'><strong>bonis</strong></span> <span class='ocrx_word' id='word_1_259' title='bbox 2029 3996 2132 4035; x_wconf 88' lang='lat' dir='ltr'><strong>om.</strong></span> <span class='ocrx_word' id='word_1_260' title='bbox 2170 3979 2216 4034; x_wconf 91' lang='lat' dir='ltr'><strong><em>S</em></strong></span> <span class='ocrx_word' id='word_1_261' title='bbox 2361 3980 2428 4033; x_wconf 85' lang='lat'><strong>12</strong></span> <span class='ocrx_word' id='word_1_262' title='bbox 2472 3977 2649 4033; x_wconf 81' lang='lat' dir='ltr'><strong>decla-</strong></span> 
     </span>
     <span class='ocr_line' id='line_1_32' title="bbox 346 4066 2656 4140; baseline -0.001 -17"><span class='ocrx_word' id='word_1_263' title='bbox 346 4070 490 4123; x_wconf 84' lang='lat' dir='ltr'><strong>rauit</strong></span> <span class='ocrx_word' id='word_1_264' title='bbox 530 4072 699 4138; x_wconf 79' lang='lat' dir='ltr'><strong>(post.</strong></span> <span class='ocrx_word' id='word_1_265' title='bbox 728 4085 761 4123; x_wconf 82' lang='lat' dir='ltr'><strong>a</strong></span> <span class='ocrx_word' id='word_1_266' title='bbox 784 4084 833 4127; x_wconf 79' lang='lat'><strong>8.</strong></span> <span class='ocrx_word' id='word_1_267' title='bbox 860 4068 917 4137; x_wconf 85' lang='lat' dir='ltr'><strong>l.)</strong></span> <span class='ocrx_word' id='word_1_268' title='bbox 946 4068 993 4122; x_wconf 80' lang='lat'><em>0</em></span> <span class='ocrx_word' id='word_1_269' title='bbox 1140 4085 1248 4123; x_wconf 88' lang='lat' dir='ltr'><strong>non</strong></span> <span class='ocrx_word' id='word_1_270' title='bbox 1278 4071 1336 4123; x_wconf 89' lang='lat' dir='ltr'><strong>et</strong></span> <span class='ocrx_word' id='word_1_271' title='bbox 1354 4068 1401 4124; x_wconf 91' lang='lat' dir='ltr'><strong><em>S</em></strong></span> <span class='ocrx_word' id='word_1_272' title='bbox 1506 4070 1573 4123; x_wconf 87' lang='lat'><strong>13</strong></span> <span class='ocrx_word' id='word_1_273' title='bbox 1605 4070 1869 4140; x_wconf 84' lang='lat' dir='ltr'><strong>scriptura</strong></span> <span class='ocrx_word' id='word_1_274' title='bbox 1899 4075 1977 4134; x_wconf 84' lang='lat' dir='ltr'><strong>(m</strong></span> <span class='ocrx_word' id='word_1_275' title='bbox 2001 4072 2100 4136; x_wconf 74' lang='lat' dir='ltr'><strong>er.)</strong></span> <span class='ocrx_word' id='word_1_276' title='bbox 2123 4068 2176 4121; x_wconf 84' lang='lat' dir='ltr'><strong><em>L</em></strong></span> <span class='ocrx_word' id='word_1_277' title='bbox 2286 4069 2354 4122; x_wconf 87' lang='lat'><strong>14</strong></span> <span class='ocrx_word' id='word_1_278' title='bbox 2383 4067 2582 4122; x_wconf 89' lang='lat' dir='ltr'><strong>femine</strong></span> <span class='ocrx_word' id='word_1_279' title='bbox 2609 4066 2656 4121; x_wconf 82' lang='lat' dir='ltr'><strong><em>G</em></strong></span> 
     </span>
     <span class='ocr_line' id='line_1_33' title="bbox 350 4146 2655 4229; baseline 0 -18"><span class='ocrx_word' id='word_1_280' title='bbox 350 4158 418 4212; x_wconf 83' lang='lat'><strong>15</strong></span> <span class='ocrx_word' id='word_1_281' title='bbox 473 4157 661 4212; x_wconf 86' lang='lat' dir='ltr'><strong>libella</strong></span> <span class='ocrx_word' id='word_1_282' title='bbox 698 4157 763 4213; x_wconf 89' lang='lat' dir='ltr'><strong>S¹</strong></span> <span class='ocrx_word' id='word_1_283' title='bbox 946 4159 1012 4211; x_wconf 88' lang='lat'><strong>16</strong></span> <span class='ocrx_word' id='word_1_284' title='bbox 1068 4156 1385 4229; x_wconf 70' lang='lat' dir='ltr'><strong>dominandi</strong></span> <span class='ocrx_word' id='word_1_285' title='bbox 1432 4156 1575 4228; x_wconf 70' lang='lat' dir='ltr'><strong>(exp.</strong></span> <span class='ocrx_word' id='word_1_286' title='bbox 1623 4174 1692 4213; x_wconf 86' lang='lat' dir='ltr'><strong>m.</strong></span> <span class='ocrx_word' id='word_1_287' title='bbox 1741 4162 1800 4225; x_wconf 76' lang='lat'><strong>2)</strong></span> <span class='ocrx_word' id='word_1_288' title='bbox 1861 4146 1914 4213; x_wconf 76' lang='lat' dir='ltr'><strong><em>L</em></strong></span> <span class='ocrx_word' id='word_1_289' title='bbox 2092 4157 2163 4211; x_wconf 88' lang='grc'><strong>20</strong></span> <span class='ocrx_word' id='word_1_290' title='bbox 2219 4174 2326 4212; x_wconf 91' lang='lat' dir='ltr'><strong>non</strong></span> <span class='ocrx_word' id='word_1_291' title='bbox 2383 4158 2563 4227; x_wconf 81' lang='lat' dir='ltr'><strong>legem</strong></span> <span class='ocrx_word' id='word_1_292' title='bbox 2609 4156 2655 4211; x_wconf 91' lang='lat' dir='ltr'><strong><em>S</em></strong></span> 
     </span>
     <span class='ocr_line' id='line_1_34' title="bbox 347 4245 2648 4317; baseline -0 -18"><span class='ocrx_word' id='word_1_293' title='bbox 347 4248 413 4300; x_wconf 86' lang='lat'><strong>21</strong></span> <span class='ocrx_word' id='word_1_294' title='bbox 466 4246 815 4317; x_wconf 82' lang='lat' dir='ltr'><strong>adimpletae]</strong></span> <span class='ocrx_word' id='word_1_295' title='bbox 870 4246 1094 4317; x_wconf 71' lang='lat' dir='ltr'><strong>implete</strong></span> <span class='ocrx_word' id='word_1_296' title='bbox 1156 4248 1219 4315; x_wconf 72' lang='grc' dir='ltr'><strong>(ε.</strong></span> <span class='ocrx_word' id='word_1_297' title='bbox 1276 4248 1313 4303; x_wconf 81' lang='lat'><strong>1.</strong></span> <span class='ocrx_word' id='word_1_298' title='bbox 1372 4263 1441 4302; x_wconf 91' lang='lat' dir='ltr'><strong>m.</strong></span> <span class='ocrx_word' id='word_1_299' title='bbox 1489 4246 1523 4301; x_wconf 97' lang='grc'><strong>2</strong></span> <span class='ocrx_word' id='word_1_300' title='bbox 1571 4246 1726 4312; x_wconf 82' lang='lat' dir='ltr'><strong>add.)</strong></span> <span class='ocrx_word' id='word_1_301' title='bbox 1766 4246 1834 4311; x_wconf 88' lang='lat' dir='ltr'><strong>L,</strong></span> <span class='ocrx_word' id='word_1_302' title='bbox 1883 4263 1985 4303; x_wconf 88' lang='lat' dir='ltr'><strong>om.</strong></span> <span class='ocrx_word' id='word_1_303' title='bbox 2033 4245 2294 4302; x_wconf 74' lang='lat' dir='ltr'><strong><em>PSGMb</em></strong></span> <span class='ocrx_word' id='word_1_304' title='bbox 2484 4248 2648 4315; x_wconf 84' lang='lat' dir='ltr'><strong>atque</strong></span> 
     </span>
     <span class='ocr_line' id='line_1_35' title="bbox 346 4332 2648 4406; baseline -0.001 -17"><span class='ocrx_word' id='word_1_305' title='bbox 346 4350 465 4403; x_wconf 74' lang='lat' dir='ltr'><strong>exp.</strong></span> <span class='ocrx_word' id='word_1_306' title='bbox 501 4336 565 4389; x_wconf 78' lang='lat' dir='ltr'><strong>in</strong></span> <span class='ocrx_word' id='word_1_307' title='bbox 602 4334 774 4391; x_wconf 77' lang='lat' dir='ltr'><strong>MSG</strong></span> <span class='ocrx_word' id='word_1_308' title='bbox 822 4336 975 4406; x_wconf 87' lang='lat' dir='ltr'><strong>utiq;</strong></span> <span class='ocrx_word' id='word_1_309' title='bbox 1016 4334 1083 4391; x_wconf 63' lang='grc' dir='ltr'><strong>δ”</strong></span> <span class='ocrx_word' id='word_1_310' title='bbox 1224 4336 1293 4390; x_wconf 89' lang='grc'><strong>22</strong></span> <span class='ocrx_word' id='word_1_311' title='bbox 1340 4336 1626 4406; x_wconf 66' lang='lat' dir='ltr'><strong>subleuate</strong></span> <span class='ocrx_word' id='word_1_312' title='bbox 1667 4336 1699 4389; x_wconf 83' lang='lat' dir='ltr'><strong>b</strong></span> <span class='ocrx_word' id='word_1_313' title='bbox 1827 4334 1898 4389; x_wconf 89' lang='grc'><strong>23</strong></span> <span class='ocrx_word' id='word_1_314' title='bbox 1943 4335 2126 4389; x_wconf 77' lang='lat' dir='ltr'><strong>littere</strong></span> <span class='ocrx_word' id='word_1_315' title='bbox 2164 4334 2216 4389; x_wconf 89' lang='lat' dir='ltr'><strong><em>L</em></strong></span> <span class='ocrx_word' id='word_1_316' title='bbox 2358 4334 2428 4387; x_wconf 88' lang='grc'><strong>26</strong></span> <span class='ocrx_word' id='word_1_317' title='bbox 2473 4332 2648 4404; x_wconf 88' lang='lat' dir='ltr'><strong>inple-</strong></span> 
     </span>
     <span class='ocr_line' id='line_1_36' title="bbox 346 4423 1968 4495; baseline 0.001 -18"><span class='ocrx_word' id='word_1_318' title='bbox 346 4423 837 4479; x_wconf 79' lang='lat' dir='ltr'><strong>returL¹C¹SMG</strong></span> <span class='ocrx_word' id='word_1_319' title='bbox 945 4426 1013 4477; x_wconf 82' lang='grc'><strong>27</strong></span> <span class='ocrx_word' id='word_1_320' title='bbox 1052 4426 1173 4495; x_wconf 90' lang='lat' dir='ltr'><strong>nec]</strong></span> <span class='ocrx_word' id='word_1_321' title='bbox 1210 4424 1265 4479; x_wconf 87' lang='lat' dir='ltr'><strong>in</strong></span> <span class='ocrx_word' id='word_1_322' title='bbox 1304 4425 1357 4479; x_wconf 89' lang='lat' dir='ltr'><strong><em>L</em></strong></span> <span class='ocrx_word' id='word_1_323' title='bbox 1965 4452 1968 4457; x_wconf 96' lang='lat'>·</span> 
     </span>
    </p>
   </div>
  </div>
 </body>
</html>
