3159 4984
481 451 609 515 166
1169 450 1221 503 S.
1279 448 1554 523 Aureli
1610 448 2041 519 Augustini

474 640 666 704 habet
714 640 880 705 enim
925 641 1038 705 illa
1083 640 1460 717 interfecti0‚
1530 660 1719 723 quam
1782 641 2059 705 multum
2112 640 2223 705 isti
2268 644 2646 725 exaggerant
2690 644 2757 705 et

469 746 782 815 inuidiosa
849 748 1181 825 uentilant,
1227 745 1352 812 nisi
1413 748 1741 812 interitum
1806 748 2058 813 carnis?
2116 748 2228 812 sed
2275 748 2419 830 quia
2467 749 2756 832 exposuit

479 854 828 935 apostema,
876 874 1000 935 quo
1049 855 1254 921 animo
1301 854 1556 929 faceret.
1608 854 1763 920 satis
1811 853 2156 919 declarauit
2198 854 2262 917 in
2320 854 2593 936 aliquem
2638 855 2753 919 ini-

475 959 714 1024 micum
760 960 1106 1025 uindictam
1154 981 1300 1027 cum
1349 961 1608 1027 caritate
1654 980 1841 1043 posse
1885 960 2241 1045 procedere.
2292 965 2355 1025 et
2399 966 2611 1026 tamen
2648 961 2753 1027 hic

474 1065 666 1129 etiam
715 1067 836 1132 alio
885 1068 1073 1134 modo
1121 1068 1386 1136 fortasse
1434 1068 1727 1133 interitus
1767 1068 1991 1143 carnis,
2032 1068 2139 1150 qui
2177 1070 2249 1132 fit
2286 1089 2397 1151 per
2432 1069 2753 1152 paeniten-
2819 1090 2849 1131 5

473 1172 649 1249 tiam,
695 1176 909 1257 potest
945 1174 1251 1260 intellegi.
1291 1177 1414 1260 ipsi
1452 1180 1666 1241 autem
1701 1178 1927 1259 legunt
1962 1176 2307 1259 scripturas
2347 1174 2752 1260 apocryphas,

472 1298 630 1361 quas
697 1280 888 1345 etiam
956 1280 1528 1366 incorruptissimas
1594 1302 1734 1347 esse
1800 1282 2036 1350 dicunt.
2102 1282 2213 1345 ubi
2278 1282 2581 1365 scriptum
2656 1284 2757 1346 est

478 1388 836 1470 apostolum
881 1388 1188 1454 'rhomam
1235 1390 1635 1455 maledixisse
1681 1390 1940 1455 homini.
1988 1408 2024 1452 a
2071 1409 2194 1471 quo
2252 1407 2365 1471 per
2421 1387 2753 1471 inpruden-

472 1492 622 1556 tiam
665 1494 878 1577 palma
913 1514 1255 1579 percussus
1294 1498 1412 1571 est,
1451 1496 1778 1580 ignorante
1816 1495 1959 1578 quis
1998 1498 2189 1569 esset,
2218 1494 2753 1577 maledictumque

467 1598 630 1662 illud
677 1601 976 1667 continuo
1022 1602 1276 1667 uenisse
1313 1602 1392 1666 ad
1441 1602 1755 1668 effectum.
1793 1620 1935 1665 nam
1976 1621 2120 1666 cum
2189 1602 2296 1665 ille
2334 1600 2543 1675 homo,
2602 1620 2753 1682 quo·
2792 1616 2846 1655 ¹⁰

473 1705 638 1769 niam
687 1706 977 1772 minister
1025 1707 1303 1773 conuiuii
1343 1711 1494 1775 erat.
1542 1711 1616 1771 ut
1680 1709 2037 1790 adportaret
2100 1726 2347 1790 aquam,
2396 1707 2629 1771 exisset
2674 1706 2751 1770 ad

472 1814 732 1879 fontem.
787 1833 822 1878 a
867 1815 1046 1879 leone
1096 1813 1344 1879 occisus
1395 1818 1458 1879 et
1505 1814 1844 1879 dilaniatus
1892 1818 2009 1879 est.
2060 1813 2227 1895 quod
2274 1816 2349 1877 ut
2392 1813 2749 1877 manifesta-

470 1922 646 1983 retur
691 1920 768 1984 ad
817 1921 1084 1986 aliorum
1130 1924 1454 1988 terrorem.
1503 1922 1675 1985 canis
1742 1938 1999 1985 manum
2047 1920 2184 1985 eius
2229 1920 2449 2008 intulit
2493 1920 2748 1997 mensis,
2829 1978 2835 1986 .

465 2026 574 2090 ubi
622 2026 1080 2091 conuiuabatur
1124 2027 1471 2110 apostolus.
1521 2030 1709 2109 atque
1774 2026 1865 2091 ita
1922 2045 2061 2091 cum
2114 2044 2305 2090 causa
2351 2028 2754 2107 quaereretur

466 2150 502 2195 a
576 2133 1002 2198 nescientibus
1081 2132 1294 2215 eisque
1366 2132 1747 2216 panderetur
1800 2132 1863 2197 in
1936 2151 2237 2217 magnum
2312 2132 2605 2198 timorem
2680 2142 2745 2197 et
2788 2182 2841 2223 1⁵

472 2258 770 2322 magnum
845 2239 1142 2304 honorem
1219 2240 1489 2323 apostoli
1537 2259 1645 2304 eos
1704 2258 1842 2304 esse
1900 2258 2274 2313 conuersos3
2351 2242 2541 2321 atque
2604 2239 2751 2303 hinc

474 2344 788 2429 euangelii
845 2346 1162 2411 exordium
1231 2345 1706 2410 commendandi
1773 2346 2075 2411 extitisse.
2141 2346 2197 2410 si
2260 2345 2459 2409 uellet
2520 2346 2749 2428 aliquis

468 2452 687 2516 dentes
753 2452 1264 2517 Manichaeorum
1329 2454 1392 2518 in
1457 2454 1633 2536 ipsos
1700 2456 2084 2524 conuertere.
2141 2471 2331 2534 quam
2374 2452 2753 2517 mordaciter

477 2559 602 2623 ista
639 2560 1151 2644 reprehenderet!
1194 2560 1305 2626 sed
1343 2561 1491 2642 quia
1529 2565 1595 2625 et
1624 2560 1715 2624 ibi
1752 2580 1875 2626 non
1914 2563 2013 2625 est
2048 2559 2336 2637 tacitum,
2376 2580 2499 2643 quo
2540 2560 2747 2624 animo

477 2664 718 2729 factum
768 2666 871 2732 sit.
921 2665 1172 2731 uidetur
1219 2665 1472 2732 dilectio
1520 2667 1923 2732 uindicantiS.
1972 2667 2064 2732 sic
2102 2666 2269 2731 enim
2305 2666 2369 2730 in
2406 2666 2518 2730 illa
2556 2666 2748 2749 scrip·
2784 2688 2839 2729 so

477 2776 617 2835 tura
654 2772 906 2856 legitur.
945 2774 1114 2855 quod
1145 2774 1514 2856 deprecatus
1552 2774 1743 2838 fuerit
1780 2774 2107 2858 apostolus
2144 2792 2255 2856 pro
2290 2772 2425 2838 illo.
2456 2772 2518 2836 in
2558 2790 2747 2855 quem

470 2879 899 2962 temporaliter
944 2880 1332 2971 uindicatum
1382 2884 1498 2959 est,
1537 2884 1613 2946 ut
1650 2880 1707 2945 ei
1742 2884 2104 2964 parceretur
2137 2880 2201 2943 in
2238 2880 2451 2943 futuro
2489 2878 2744 2943 iudicio.

466 2987 520 3050 si
571 3003 718 3068 ergo
785 2988 1068 3068 tempore
1133 2987 1283 3051 noui
1345 2986 1733 3064 testamenti,
1782 3006 1905 3070 quo
1968 2985 2237 3050 maxime
2304 2986 2529 3050 caritas
2578 3003 2747 3051 com-

467 3092 820 3160 mendatur.
871 3092 946 3156 de
992 3094 1213 3175 poenis
1262 3093 1624 3158 uisibilibus
1673 3093 1980 3159 diuinitus
2026 3092 2297 3158 iniectus
2344 3097 2445 3158 est
2491 3091 2747 3157 carnali-

461 3198 584 3265 bus
629 3198 839 3275 timor‚
889 3202 1122 3280 quanto
1169 3200 1375 3284 magis
1421 3203 1704 3283 tempore
1750 3199 1986 3264 ueteris
2031 3199 2399 3264 testamenti
2443 3199 2565 3265 hoe
2602 3216 2744 3263 con·
2782 3222 2837 3261 ω

465 3305 716 3389 gruisse
766 3305 862 3370 illi
908 3308 1142 3390 populo
1189 3306 1687 3391 intellegendum
1736 3310 1854 3384 est,
1902 3326 2089 3388 quem
2144 3306 2336 3372 timor
2379 3306 2541 3390 legis
2586 3308 2746 3370 tam-

467 3430 654 3494 quam
693 3412 1044 3498 paedagogi
1083 3414 1504 3479 cohercebat?
1544 3432 1689 3477 nam
1725 3413 1881 3477 haec
1920 3416 2018 3477 est
2062 3412 2439 3477 breuissima
2476 3415 2539 3476 et
2574 3430 2745 3495 aper-

463 3516 712 3582 tissima
775 3518 1118 3584 differentia
1185 3520 1448 3585 duorum
1514 3522 2059 3591 testamentorum,
2132 3518 2325 3583 timor
2397 3522 2460 3583 et
2532 3537 2741 3583 amor:

539 3782 564 3832 1
606 3779 841 3833 habebat
880 3780 934 3831 P
1057 3779 1197 3833 enim
1235 3778 1402 3833 habet
1443 3778 1573 3832 0'1‘0
1718 3736 2061 3833 interfectione
2094 3776 2151 3831 P
2290 3778 2323 3831 2
2380 3777 2643 3849 exposuit]
2682 3780 2747 3830 ut

463 3894 645 3966 posuit
691 3896 742 3948 Γ
845 3894 880 3947 3
917 3894 1254 3947 satisfaceret-
1308 3893 1609 3949 declarauit
1642 3894 1697 3947 P
1804 3896 1836 3949 6
1902 3852 2169 3965 apofrigas
2226 3893 2304 3945 1’2
2364 3892 2645 3963 apocryfas
2694 3892 2746 3948 G

465 3984 820 4087 apochfiphas
883 3982 930 4037 0
979 3984 1306 4053 apog-ripheis
1371 3983 1420 4035 Γ
1617 3985 1679 4037 11
1738 3985 1978 4038 uenisset
2044 3984 2097 4037 V
2271 3982 2337 4036 13
2394 3984 2508 4039 eius
2562 3999 2666 4038 om·
2712 3982 2745 4037 b

471 4100 537 4153 16
593 4100 767 4170 adque
805 4100 862 4153 P
999 4100 1124 4153 hinc
1179 4116 1282 4155 om.
1331 4100 1382 4153 V
1489 4100 1552 4153 17
1610 4100 1734 4153 111110
1790 4100 2032 4153 extitisse
2081 4100 2131 4151 1⁷
2237 4100 2303 4152 18
2342 4102 2651 4153 conuertere
2687 4098 2743 4150 in

463 4188 610 4259 ipsos
657 4190 710 4243 V
848 4190 914 4244 19
952 4188 1401 4260 reprehenderent
1443 4188 1494 4243 G
1548 4189 1962 4259 reprehenderet
1998 4190 2053 4243 P
2192 4189 2417 4242 tacitum
2454 4204 2561 4240 non
2600 4189 2685 4241 est
2712 4186 2744 4241 b

464 4278 533 4329 20
572 4278 768 4331 etenim
816 4276 863 4329 T
868 4276 958 4332 OS
970 4276 1042 4331 Vb
1153 4278 1222 4331 24
1258 4278 1412 4349 penis
1459 4276 1510 4328 V
1614 4276 1683 4331 25
1722 4278 1970 4347 congruit
2008 4276 2102 4330 sed
2146 4275 2247 4329 CV
2281 4276 2542 4343 congruit.
2576 4275 2681 4329 Sed
2710 4275 2743 4327 b

464 4366 531 4417 27
573 4365 1154 4435 pedagogieooercebat
1193 4366 1248 4436 (h
1289 4370 1382 4435 er.)
1428 4364 1478 4420 G
1625 4365 1904 4420 coercebat
1944 4366 2068 4420 PSb
