3159 4984
510 422 639 484 480
1209 424 1259 473 S.
1320 423 1592 474 Aureli
1648 423 2085 491 Augustini

506 615 737 679 uerbo
788 616 1295 680 scandalizati
1344 618 1560 680 sunt?
1609 617 1714 679 hic
1755 620 1922 680 certe
1961 636 1997 679 a
2035 616 2365 697 discipulis
2405 616 2805 699 conpellatus

505 720 729 785 debuit
776 742 905 787 eos.
957 723 1125 788 sicut
1170 723 1280 787 isti
1325 723 1574 797 uolunt,
1632 723 1880 805 proprie
1929 724 2154 788 docere
2202 724 2280 788 ab
2329 724 2626 789 omnibus
2677 743 2806 787 car·

504 832 690 897 nibus
749 831 1217 905 abstinendum,
1274 834 1350 894 ut
1402 830 1586 906 illud,
1654 830 1822 911 quod
1890 850 2080 913 supra
2146 830 2336 895 dixit:
2405 850 2545 895 non
2613 830 2808 912 quod

502 937 742 1001 intrat
786 938 859 1001 in
910 957 1010 1015 OS,
1062 938 1571 1002 communicat
1616 936 2014 1001 hominem.
2057 938 2186 1001 sed
2226 937 2422 1019 quod
2457 938 2808 1020 procedit

505 1044 589 1109 de
640 1064 782 1111 ore.
823 1044 1027 1109 turbis
1077 1044 1309 1109 dixisse
1355 1043 1698 1109 uideretur.
1751 1047 2055 1125 sequatur
2101 1064 2248 1127 ergo
2298 1044 2696 1128 euangelista
2743 1048 2806 1109 et

504 1151 693 1219 dicat.
744 1151 895 1234 quid
933 1152 1059 1215 iam
1100 1170 1223 1217 non
1261 1152 1486 1230 turbis,
1528 1152 1640 1216 sed
1681 1152 2012 1235 discipulis
2051 1152 2449 1234 responderit
2487 1152 2802 1216 dominus,

504 1262 580 1323 at
643 1259 781 1323 ille
846 1259 1316 1341 respondens
1384 1260 1517 1323 ait:
1598 1259 1838 1325 omnis
1903 1259 2313 1341 plantatio,
2381 1276 2599 1340 quam
2665 1277 2804 1322 11011

499 1365 893 1447 plantauit
945 1369 1165 1449 pater
1218 1386 1426 1430 meus
1485 1367 1890 1432 caelestis,
1961 1365 2503 1429 eradicabitur.
2572 1365 2804 1428 sinite

499 1472 717 1550 illos,
786 1473 990 1537 caeci
1056 1476 1233 1536 sunt
1298 1472 1527 1539 duces
1595 1490 2005 1537 caecorum.
2087 1490 2358 1537 caecus
2425 1474 2676 1535 autem
2743 1470 2802 1535 31

502 1598 806 1644 caecum
856 1579 1105 1655 ducat,
1147 1580 1358 1644 ambo
1409 1578 1682 1643 cadent
1727 1579 1800 1642 in
1848 1579 2164 1645 foueam.
2213 1577 2336 1642 1100
2372 1579 2596 1660 utique
2637 1578 2798 1651 ideo,
2841 1598 2892 1635 m

501 1686 648 1767 quia
692 1686 1067 1751 traditiones
1118 1706 1267 1750 suas
1332 1686 1626 1751 uolentes
1686 1687 1967 1751 statuere
2021 1685 2323 1749 mandata
2377 1684 2477 1749 dei
2533 1703 2655 1749 non
2713 1684 2803 1747 in-

495 1792 903 1876 tellegebant.
955 1793 1066 1856 sed
1113 1791 1392 1857 nondum
1432 1792 1833 1874 quaesierant
1870 1791 2168 1873 discipuli
2205 1811 2243 1855 a
2279 1791 2608 1873 magistro,
2651 1810 2802 1871 quo-

499 1900 686 1965 modo
732 1899 878 1982 ipsi,
929 1900 1099 1981 quod
1146 1900 1351 1963 turbis
1401 1898 1660 1975 dixerat,
1701 1899 1982 1981 accipere
2023 1899 2341 1962 deberent.
2393 1916 2538 1962 ecce
2579 1900 2644 1961 et
2679 1897 2802 1961 hoc

497 2007 605 2079 fit;
664 2026 811 2070 nam
868 2007 1147 2071 contexit
1194 2007 1590 2089 euangelista
1647 2009 1712 2069 et
1768 2006 1958 2069 dicit:
2027 2002 2492 2085 respondens
2551 2006 2801 2066 autem

497 2115 775 2177 Petrus
825 2112 935 2176 ait
978 2112 1131 2177 illi:
1189 2132 1405 2177 narra
1452 2113 1670 2178 nobis
1717 2111 2157 2194 parabolam
2203 2110 2448 2175 istam.
2517 2108 2665 2173 hinc
2711 2108 2802 2171 111-
2843 2132 2893 2169 15

495 2219 863 2303 tellegimus
910 2220 1172 2283 Petrum
1220 2224 1481 2303 putasse
1528 2240 1651 2285 non
1699 2218 1968 2302 proprie.
2028 2237 2143 2282 nec
2200 2220 2412 2299 aperte
2472 2216 2800 2281 dominum

495 2327 783 2391 locutum
830 2326 1053 2403 fuisse,
1104 2346 1248 2391 cum
1298 2327 1574 2391 diceret:
1624 2346 1766 2391 non
1816 2325 2012 2407 quod
2061 2325 2299 2388 intrat
2342 2324 2415 2387 in
2464 2342 2564 2399 03,
2615 2341 2802 2387 00111-

497 2433 837 2497 11111111001
893 2434 1287 2511 hominem,
1349 2433 1479 2498 sed
1533 2432 1732 2515 quod
1786 2431 2136 2515 procedit
2191 2430 2277 2494 de
2335 2448 2478 2505 010,
2537 2429 2670 2495 sed.
2729 2434 2803 2492 ut

500 2540 685 2616 solet,
737 2541 1127 2605 obscuritate
1173 2542 1509 2625 parabolae
1558 2540 1798 2623 aliquid
1839 2531 2192 2623 significare
2229 2538 2536 2604 uoluisse.
2587 2536 2800 2599 uidea-

498 2666 645 2711 mus
694 2667 864 2731 ergo.
922 2652 1138 2712 utrum
1184 2649 1311 2713 iam
1360 2648 1667 2713 secretius
1717 2646 2048 2729 discipulis
2097 2642 2804 2727 interrogantibus'hoc
2838 2662 2890 2701 πο

498 2753 685 2819 dicat.
746 2756 915 2835 quod
969 2755 1323 2819 Manichaei
1379 2756 1628 2831 uolunt,
1695 2754 2032 2819 inmundas
2101 2771 2241 2817 esse
2307 2770 2526 2815 omnes
2583 2768 2802 2813 carnes

498 2878 611 2923 nec
652 2879 758 2924 eos
799 2861 1036 2943 aliquid
1075 2880 1287 2924 earum
1323 2862 1547 2925 debere
1580 2860 1965 2943 contingere.
2008 2859 2212 2941 quid?
2249 2858 2419 2940 quod
2449 2856 2802 2939 exprobrat.

499 2967 667 3046 quod
698 2970 979 3048 apertam
1019 2986 1201 3031 suam
1237 2968 1628 3033 locutionem
1667 2966 1948 3031 nondum
1987 2964 2414 3030 intellexerint
2450 2966 2515 3027 01
2549 2961 2802 3044 proprie

499 3071 739 3136 dictum
786 3074 1149 3155 parabolam
1215 3076 1460 3156 putent.
1540 3074 1633 3137 sic
1682 3074 1849 3137 enim
1899 3073 2223 3155 sequitur:
2274 3074 2348 3135 at
2392 3071 2529 3134 ille
2580 3069 2798 3133 dixit:

503 3177 749 3243 adhuc
816 3182 889 3244 et
952 3198 1089 3245 uos
1154 3180 1619 3263 insipientes
1687 3181 1878 3245 estis
1945 3183 2018 3244 et
2090 3199 2230 3244 non
2305 3177 2888 3260 intellegitis,2⁵

502 3284 679 3363 quia
726 3305 959 3361 omne,
1011 3286 1209 3367 quod
1256 3286 1326 3350 in
1378 3306 1457 3352 os
1504 3288 1766 3365 intrat,
1825 3288 1898 3350 in
1955 3289 2296 3351 uentrem
2343 3284 2560 3347 uadit
2608 3288 2681 3347 et
2727 3284 2798 3345 in

498 3390 853 3453 latrinam
910 3392 1317 3467 emittitur;
1378 3412 1563 3474 quae
1623 3395 1872 3457 autem
1920 3394 2343 3476 procedunt
2391 3410 2471 3455 ex
2519 3410 2662 3459 010,
2714 3388 2800 3451 de

501 3496 721 3560 corde
793 3502 1094 3575 exeunt,
1162 3500 1301 3563 illa
1368 3500 1928 3564 communicant
1990 3500 2408 3564 hominem?
2483 3515 2645 3560 nam
2713 3494 2800 3557 de

505 3602 725 3667 corde
767 3610 1041 3669 exeunt
1079 3606 1597 3691 cogitationes
1632 3606 1891 3683 malae,
1933 3606 2360 3682 homicidia,
2394 3600 2798 3673 adulteria,

500 3708 1084 3784 fornicationes,
1152 3713 1384 3781 furta.
1452 3713 1650 3777 falsa
1713 3712 2184 3789 testimonia,
2242 3708 2889 3792 blasphemiae380

571 3886 604 3939 2
660 3887 902 3956 proprus
960 3888 1013 3957 (a
1068 3890 1161 3953 er.)
1211 3887 1259 3941 S
1308 3888 1555 3957 propriae
1604 3886 1714 3940 LG
1768 3886 2018 3957 propriae
2065 3884 2190 3939 MC
2363 3886 2400 3936 4
2453 3880 2702 3953 procedit
2757 3879 2804 3932 0

500 3978 533 4029 5
570 3975 850 4030 uideretur
886 3976 963 4045 (re
1000 3993 1042 4029 8.
1084 3976 1141 4043 1.)
1183 3975 1231 4031 S
1357 3978 1389 4030 9
1428 3978 1486 4029 01
1523 3975 1684 4030 duces
1725 3977 1756 4029 b
1903 3977 2174 4030 caecoru‘!
2217 3974 2264 4027 G
2429 3971 2490 4028 10
2529 3988 2710 4025 cecum
2757 3968 2803 4021 C

500 4063 656 4117 ambo
694 4066 751 4117 in
789 4064 899 4118 fou.
940 4063 1056 4117 cad.
1095 4063 1127 4117 b
1270 4064 1335 4117 12
1373 4064 1685 4133 quesierant
1729 4064 1776 4117 Ο
1901 4064 1968 4117 13
2007 4064 2172 4131 000οΗ
2211 4060 2358 4115 doc&
2395 4058 2451 4130 (d
2489 4076 2574 4125 er,-
2612 4059 2648 4112 d
2685 4064 2736 4112 et
2771 4076 2798 4111 0

498 4169 541 4207 s.
582 4153 618 4206 l.
657 4152 789 4207 add.
826 4170 895 4205 m.
935 4157 994 4215 2)
1032 4150 1084 4204 L
1124 4152 1380 4205 ecce-fit
1418 4154 1547 4219 (er.)
1585 4152 1659 4204 M
1777 4152 1841 4207 15
1879 4151 2249 4220 intellegimus
2287 4149 2359 4202 L*
2483 4148 2549 4201 16
2591 4150 2671 4215 (01
2708 4146 2798 4215 23)

500 4243 747 4312 propria-e
786 4241 858 4294 12²
1040 4242 1103 4294 21
1154 4240 1421 4295 manichei
1462 4240 1561 4294 SG
1744 4242 1813 4293 22
1861 4240 2118 4310 exprobat
2157 4238 2203 4292 S
2379 4238 2447 4291 23
2494 4236 2710 4306 proprie
2755 4234 2804 4288 0

502 4331 569 4383 28
611 4334 826 4383 oxemnt
870 4332 918 4383 C
1057 4330 1175 4398 illa]
1216 4334 1271 4383 et
1305 4330 1402 4383 illa
1440 4330 1511 4381 M
