3159 4984
480 428 607 491 332
1026 470 1040 487 .
1184 432 1235 478 5.
1294 423 1568 477 Aureli
1621 422 2060 492 Augustini

476 620 549 682 in
614 621 939 684 saecula.
1009 617 1162 700 quid
1225 622 1439 701 potest
1504 616 1928 681 abundantius
1995 617 2140 694 dici,
2201 615 2353 699 quid
2409 616 2766 698 expressius

477 726 797 804 declarari,
846 726 997 808 quid
1044 725 1325 789 sanctius
1372 723 1850 790 commendari?
1917 742 2078 805 quae
2135 726 2234 788 est
2289 722 2456 787 enim
2513 722 2765 806 adoptio

474 833 948 898 Israhelitarum
1012 831 1137 897 nisi
1199 851 1313 915 per
1372 830 1579 895 filium
1646 830 1798 895 dei?
1871 830 2040 894 unde
2105 830 2184 894 ad
2251 828 2512 895 Galatas
2577 828 2764 893 dicit:

478 958 641 1003 cum
725 944 973 1003 autem
1060 938 1275 1002 uenit
1354 936 1754 1019 plenitudo
1828 936 2224 1021 temporis,
2298 935 2512 1001 misit
2586 936 2766 1000 deus

475 1046 725 1110 filium
784 1065 1000 1109 suum
1055 1045 1340 1109 factum
1399 1064 1477 1108 ex
1536 1045 1874 1121 muliere,
1931 1044 2213 1108 factum
2265 1043 2399 1107 sub
2446 1044 2636 1127 lege,
2683 1045 2768 1107 ut
2829 1060 2860 1099 ⁵

476 1172 632 1229 eoa,
700 1153 828 1234 qui
894 1153 1031 1217 sub
1094 1152 1265 1235 lege
1334 1155 1574 1228 erant,
1641 1151 2077 1229 redimeret,
2145 1153 2230 1214 ut
2285 1150 2768 1233 adoptionem

472 1260 815 1325 filiorum
850 1260 1384 1341 reciperemus,
1435 1262 1501 1324 et
1548 1278 1708 1341 quae
1756 1258 1956 1342 gloria
2002 1277 2220 1323 eorum
2265 1257 2390 1321 nisi
2435 1257 2766 1340 praecipue

472 1367 604 1443 illa,
663 1366 739 1431 de
795 1384 921 1447 qua
975 1365 1143 1429 idem
1198 1366 1439 1430 Paulus
1498 1366 1576 1429 ad
1633 1364 1890 1430 eosdem
1945 1364 2264 1430 Romanos
2332 1364 2524 1430 dicit:
2591 1362 2769 1445 quid

477 1492 650 1557 ergo
710 1472 1034 1554 amplius
1093 1474 1210 1535 est
1264 1472 1588 1537 Iudaeo?
1656 1474 1786 1536 aut
1841 1490 2025 1553 quae
2081 1471 2392 1535 utilitas
2460 1469 2768 1534 circum-

477 1580 839 1645 cisionis?
876 1579 1199 1642 multum
1237 1598 1365 1660 per
1404 1597 1688 1643 omnem
1727 1577 2042 1642 modum.
2083 1576 2404 1660 primum
2444 1576 2766 1658 quidem,
2805 1592 2864 1629 ιο

476 1688 651 1769 quia
706 1684 997 1751 credita
1052 1687 1228 1748 sunt
1282 1684 1449 1749 illis
1507 1684 1815 1765 eloquia
1871 1684 2008 1748 dei.
2077 1688 2382 1765 quaerant
2423 1683 2556 1761 isti,
2606 1700 2765 1775 quae

476 1794 605 1858 sint
650 1794 903 1875 eloquia
940 1794 1040 1859 dei
1078 1794 1316 1859 credita
1350 1793 1624 1870 Iudaeis,
1667 1797 1732 1858 et
1768 1793 2104 1858 ostendant
2139 1793 2322 1857 nobis
2361 1792 2487 1857 alia
2521 1795 2770 1876 praeter

472 1901 901 1968 Hebraeorum
950 1902 1420 1985 prophetarum.
1486 1900 1616 1964 iam
1671 1919 1822 1965 uero
1879 1903 2262 1964 testamenta
2319 1919 2432 1964 cur
2487 1898 2644 1963 dixit
2687 1898 2768 1963 ad

474 2007 839 2072 Israhelitas
885 2008 1220 2091 praecipue
1258 2007 1592 2089 pertinere,
1631 2007 1756 2071 nisi
1793 2006 1946 2089 quia
1982 2009 2048 2071 et
2081 2009 2271 2071 uetus
2311 2008 2765 2071 testamentum

475 2113 605 2179 illis
653 2118 753 2178 est
800 2113 1019 2177 datum
1075 2118 1140 2178 et
1192 2133 1432 2179 nouum
1488 2114 1550 2177 in
1609 2116 1824 2178 uetere
1880 2114 2274 2197 figuratum?
2339 2112 2502 2196 legis
2551 2114 2764 2176 autem
2809 2125 2860 2163 ¹⁵

476 2220 1016 2295 constitutionem,
1082 2240 1244 2303 quae
1308 2221 1662 2286 Israhelitis
1728 2220 1876 2285 data
1939 2224 2056 2293 est,
2131 2240 2255 2286 non
2320 2219 2763 2302 intellegentes

476 2327 613 2392 eius
678 2327 1231 2410 dispensationem,
1297 2330 1449 2413 quia
1501 2328 1630 2392 iam
1685 2347 1807 2394 non
1864 2329 2010 2392 uult
2063 2347 2176 2394 nos
2235 2326 2391 2391 deus
2449 2346 2588 2391 osse
2645 2325 2762 2389 sub

465 2434 628 2518 lege,
677 2434 789 2499 sed
838 2436 955 2499 sub
1005 2435 1225 2517 gratia,
1274 2435 1726 2517 reprehendere
1770 2434 1884 2501 isti
1930 2436 2140 2501 solent
2173 2434 2468 2519 inperitia
2502 2433 2760 2498 furiosa.

468 2540 695 2605 cedant
742 2559 890 2625 ergo
940 2541 1302 2606 auctoritati
1347 2542 1756 2625 apostolicae,
1805 2562 1967 2625 quae
2021 2542 2289 2607 laudans
2347 2546 2538 2623 atque
2595 2560 2762 2605 com-

464 2648 769 2713 mendans
843 2648 1318 2713 Israhelitarum
1396 2650 1834 2714 excellentiam
1900 2649 2090 2713 etiam
2155 2648 2276 2714 hoc
2342 2648 2858 2719 8111111181·111111;,ἓ0

467 2754 635 2836 quod
702 2774 920 2820 eorum
986 2754 1073 2819 sit
1136 2754 1299 2837 legis
1364 2755 1758 2835 constitutio.
1825 2774 1988 2838 quae
2055 2755 2107 2820 si
2163 2756 2332 2819 mala
2391 2758 2581 2831 esset,
2638 2774 2760 2819 non

467 2861 688 2944 utique
743 2862 808 2925 in
868 2880 1083 2926 eorum
1148 2860 1336 2924 laude
1402 2865 1776 2944 poneretur;
1845 2862 1900 2927 si
1965 2866 2179 2926 autem
2245 2860 2572 2927 Christum
2637 2880 2758 2926 non

466 2968 875 3051 praedicaret,
924 2987 1047 3033 non
1087 2968 1223 3051 ipse
1264 2967 1557 3034 dominus
1599 2968 1872 3034 diceret:
1922 2970 1987 3033 si
2037 2969 2452 3034 crederetis
2489 2969 2758 3051 Moysi,

469 3074 887 3139 crederetis
936 3078 1010 3138 et
1055 3075 1267 3152 mihi;
1328 3075 1413 3139 de
1461 3094 1572 3140 me
1623 3075 1816 3139 enim
1860 3075 1998 3139 ille
2047 3074 2385 3158 scripsit,
2445 3094 2558 3139 nec
2615 3078 2762 3157 post

466 3180 989 3246 resurrectionem
1038 3181 1131 3245 sic
1169 3180 1226 3245 ei
1267 3180 1692 3246 adtestaretur
1728 3182 1981 3247 dicens:
2031 3184 2436 3265 oportebat
2477 3180 2757 3265 inpleri
2795 3186 2856 3227 ²⁵

469 3286 732 3363 omnia,
783 3306 973 3371 quae
1022 3287 1316 3370 scripta
1364 3292 1544 3353 sunt
1589 3288 1664 3352 in
1710 3289 1881 3372 lege
1927 3289 2175 3373 Moysi
2233 3293 2308 3353 et
2358 3287 2758 3372 prophetis

465 3397 540 3457 et
584 3394 905 3475 psalmis
955 3393 1040 3459 de
1085 3412 1217 3459 me.
1943 3377 1950 3385 ’

553 3500 614 3563 4.
694 3498 816 3564 Sed
880 3500 1032 3581 quia
1093 3499 1445 3564 Manichaei
1514 3500 1711 3563 alium
1775 3500 2101 3566 Christum
2173 3501 2566 3584 praedicant,
2631 3520 2756 3566 non

605 3676 641 3727 4
678 3674 796 3728 Gal.
834 3676 885 3737 4,
922 3676 957 3727 4
994 3692 1074 3745 sq.
1203 3674 1237 3727 8
1273 3674 1429 3728 Rom.
1468 3675 1517 3738 3,
1560 3684 1567 3721 2
1609 3692 1688 3744 sq.
1815 3674 1884 3728 23
1911 3675 2027 3730 Ioh.
2058 3676 2108 3739 5,
2136 3676 2208 3728 46
2318 3676 2385 3729 25
2413 3676 2543 3731 Luc.
2573 3676 2659 3739 24,
2688 3676 2760 3728 44

537 3800 563 3851 1
620 3796 1023 3853 habundantius
1092 3800 1141 3853 G
1367 3800 1704 3870 expraessius
1761 3803 1898 3870 (exp.
1953 3818 2022 3855 m.
2079 3800 2133 3869 2)
2191 3800 2245 3854 L
2461 3801 2494 3854 2
2550 3816 2652 3871 que
2713 3800 2764 3855 0

462 3886 497 3939 3
544 3886 793 3957 galathas
837 3887 886 3940 G
1024 3890 1058 3943 5
1104 3905 1255 3943 suam
1297 3888 1373 3943 0¹
1520 3889 1551 3942 7
1603 3892 1680 3955 (et
1724 3890 1774 3955 9,
1824 3891 1908 3955 11,
1951 3891 2037 3959 16)
2088 3907 2192 3961 que
2236 3890 2285 3945 0
2423 3891 2676 3962 precipue
2715 3888 2766 3943 S

464 3977 783 4046 praecipuae
845 3976 898 4030 L
1082 3980 1147 4032 12
1208 3979 1384 4033 iudeis
1456 3979 1505 4033 C'
1741 3979 2025 4051 nobislllll
2085 3983 2194 4052 (lit.
2260 3982 2437 4036 decem
2509 3982 2636 4046 litt.)
2705 3980 2760 4033 L

468 4066 532 4119 13
551 4064 1347 4122 haebraeorumLhebreorum
1373 4069 1421 4123 Ο
1540 4069 1749 4141 ppheta
1767 4068 1832 4125 8¹
1945 4071 2011 4124 14
2032 4071 2125 4140 qui
2147 4070 2211 4125 8¹
2322 4073 2389 4126 15
2411 4071 2600 4125 datum
2619 4074 2704 4125 est
2725 4070 2759 4123 b

464 4154 531 4209 16
592 4154 901 4210 israhelitas
963 4155 1041 4210 L²
1234 4156 1301 4210 18
1359 4158 1769 4228 repraehendere
1838 4159 1892 4213 L
2085 4161 2151 4213 19
2216 4160 2542 4215 auctoritate
2607 4158 2755 4215 8¹6¹

464 4244 531 4296 22
596 4258 781 4297 eorum
841 4243 1000 4311 6¹8¹,
1070 4246 1151 4311 (in
1210 4248 1349 4311 rae.)
1407 4249 1475 4301 M
1673 4247 1743 4301 25
1799 4248 1878 4301 eis
1935 4248 1966 4301 b
2185 4253 2578 4305 attestarentur
2631 4248 2758 4303 8¹6

464 4336 846 4391 attestarestur
883 4336 938 4398 (n
978 4334 1071 4403 er.)
1112 4333 1178 4387 M
1284 4335 1354 4388 28
1392 4336 1660 4389 manichei
1707 4336 1754 4389 0
