3159 4984
441 418 569 483 280
1128 415 1180 467 S.
1240 413 1510 467 Aureli
1567 411 1995 482 Augustini

442 610 777 694 obprobria
821 610 1154 676 sustinetis
1201 610 1837 694 persecutionemque
1884 606 2192 691 patimini.
2242 625 2426 689 porro
2467 604 2523 670 si
2556 606 2734 668 tanto

443 720 542 781 est
589 717 858 799 quisque
904 716 1155 795 iustior,
1214 718 1451 798 quanto
1501 714 1795 799 grauiora
1838 714 2193 797 perpetitur
2236 748 2327 759 -—
2374 711 2600 777 omitto
2649 708 2737 771 di-

443 842 603 899 cere,
655 823 823 905 quod
871 824 1086 887 uidere
1133 822 1511 887 facillimum
1561 824 1679 898 est,
1728 840 1917 903 quam
1962 820 2168 885 multo
2216 818 2507 903 grauiora
2551 816 2737 882 uobis

445 930 768 1013 patiantur
834 928 975 995 aliis
1043 932 1234 1013 atque
1291 930 1434 995 aliis
1492 928 1852 1010 quibusque
1906 926 2291 995 facinoribus
2354 922 2739 1008 flagitiisque

442 1037 676 1119 polluti
731 1074 816 1083 -—
871 1036 1035 1100 illud
1092 1036 1274 1101 dico:
1325 1036 1382 1101 si
1445 1054 1558 1119 pro
1625 1034 1879 1099 nomine
1936 1032 2170 1099 Christi
2228 1049 2482 1115 quoquo
2548 1030 2737 1095 modo
2800 1040 2832 1077 ⁵

445 1145 752 1226 usurpato
801 1144 991 1224 atque
1041 1145 1343 1226 suscepto
1391 1141 1683 1224 quisquis
1738 1141 1979 1224 patitur
2030 1138 2553 1223 persecutionem,
2608 1136 2735 1199 iam

445 1250 638 1313 etiam
676 1267 894 1314 ueram
932 1248 1124 1312 fidem
1163 1248 1605 1329 iustitiamque
1642 1250 1854 1311 tenere
1893 1244 2199 1311 dicendus
2238 1246 2357 1323 est,
2388 1242 2737 1317 concedite,

445 1359 520 1419 ut
555 1356 666 1420 ille
707 1354 795 1421 sit
829 1354 978 1420 fidei
1015 1354 1281 1421 uerioris
1318 1353 1703 1436 maiorisque
1739 1353 2042 1432 iustitiae,
2081 1371 2273 1435 quem
2307 1350 2513 1415 multo
2551 1348 2737 1414 uobis

447 1462 740 1546 grauiora
783 1480 1158 1546 perpessum
1203 1461 1601 1545 potuerimus
1650 1458 2001 1537 ostendere,
2050 1463 2115 1523 et
2156 1457 2337 1522 milia
2376 1456 2506 1520 iam
2550 1454 2738 1521 uobis

447 1554 808 1633 nostrorum
847 1570 1198 1651 martyrum
1239 1569 1574 1633 occurrant
1610 1570 1799 1649 atque
1834 1566 1973 1650 ipse
2001 1564 2337 1649 praecipue
2368 1562 2737 1647 Cyprianus,
2777 1572 2836 1613 ι·

449 1676 633 1739 cuius
703 1675 891 1740 etiam
959 1674 1194 1739 litteris
1263 1673 1586 1751 edocetur,
1654 1672 1824 1755 quod
1884 1673 1949 1737 in
2016 1671 2340 1739 Christum
2406 1667 2741 1735 crediderit

449 1784 669 1845 natum
719 1800 792 1846 ex
837 1781 1086 1866 uirgine
1123 1780 1345 1846 Maria.
1394 1800 1506 1865 pro
1552 1781 1672 1845 hae
1716 1780 1829 1845 ille
1874 1778 2018 1857 fide,
2067 1798 2253 1861 quam
2301 1795 2421 1843 uos
2468 1776 2739 1839 detesta-

449 1886 628 1965 mini,
685 1906 890 1969 usque
947 1887 1025 1952 ad
1081 1887 1366 1972 gladium
1421 1890 1820 1969 mortemque
1874 1885 2168 1969 peruenit
2229 1902 2375 1949 cum
2438 1881 2738 1967 gregibus

452 1994 936 2059 christianorum
986 1996 1142 2059 tunc
1187 1995 1281 2059 ita
1328 1994 1731 2059 credentibus
1789 1996 1979 2076 atque
2032 1992 2125 2056 ita
2178 1991 2563 2076 grauiusque
2608 2006 2741 2052 mo-

449 2100 782 2165 rientibus.
828 2098 1110 2166 Faustus
1155 2104 1368 2165 autem
1416 2100 1752 2165 conuictus
1796 2101 1904 2164 uel
1942 2100 2293 2176 confessus,
2333 2095 2504 2180 quod
2538 2094 2739 2159 Mani·
2774 2107 2829 2147 1⁵

455 2208 688 2272 chaeus
757 2209 948 2280 esset,
1015 2226 1162 2271 cum
1227 2206 1371 2272 aliis
1436 2207 1757 2272 nonnullis
1822 2226 2039 2273 secum
2098 2204 2177 2269 ad
2228 2203 2537 2268 iudicium
2599 2220 2739 2284 pro-

456 2312 786 2378 consulare
830 2313 1182 2395 productis,
1224 2312 1314 2378 eis
1351 2313 1510 2397 ipsis
1549 2313 1935 2390 christianis,
1975 2312 2206 2395 quibus
2241 2308 2531 2393 perducti
2569 2312 2739 2385 sunt,

453 2418 992 2483 intercedentibus
1041 2419 1377 2483 leuissima
1421 2438 1643 2503 poena,
1694 2420 1750 2484 si
1793 2422 2005 2484 tamen
2060 2419 2175 2483 illa
2227 2434 2429 2502 poena
2474 2414 2743 2479 dicenda

455 2529 574 2601 est,
621 2525 688 2589 in
735 2524 1012 2590 insulam
1059 2525 1382 2610 relegatus
1431 2529 1566 2591 est:
1632 2526 1800 2608 quod
1858 2545 1969 2591 sua
2022 2528 2245 2609 sponte
2294 2522 2525 2589 cotidie
2573 2520 2743 2586 serui

455 2632 557 2696 dei
627 2631 876 2695 faciunt
937 2649 1006 2696 se
1071 2650 1108 2695 a
1171 2632 1543 2697 turbulento
1616 2630 1889 2715 strepitu
1960 2633 2341 2716 populorum
2414 2646 2741 2693 remouere
2772 2638 2831 2678 ⁸⁰

454 2737 807 2821 cupientes,
875 2739 940 2801 et
1001 2737 1170 2801 unde
1232 2738 1493 2821 publica
1553 2741 1947 2802 terrenorum
2010 2739 2367 2822 principum
2426 2739 2579 2800 uota
2633 2752 2745 2817 per

449 2844 914 2929 indulgentiam
982 2843 1195 2909 solent
1255 2844 1531 2908 relaxare
1598 2843 1950 2909 damnatos.
2018 2846 2287 2928 denique
2352 2862 2475 2909 non
2536 2842 2741 2906 multo

450 2955 600 3036 post
642 2952 788 3016 inde
837 2968 1056 3015 omnes
1105 2950 1325 3016 eadem
1373 2952 1670 3016 sollemni
1719 2954 1887 3019 sorte
1936 2952 2185 3017 dimissi
2232 2954 2401 3015 sunt.
2457 2947 2743 3013 fatemini

453 3077 602 3142 ergo
658 3058 808 3122 illos
865 3056 1054 3121 fidem
1111 3057 1396 3121 tenuisse
1453 3058 1763 3123 ueriorem
1826 3059 2283 3141 iustioremque
2347 3055 2569 3131 uitam,
2636 3056 2746 3137 qui

450 3184 562 3248 pro
621 3182 696 3228 ea
747 3164 954 3228 multo
1012 3182 1202 3246 quam
1257 3182 1377 3229 uos
1434 3165 1747 3230 atrociora
1810 3165 2125 3230 sustinere
2190 3166 2577 3237 meruerunt,
2634 3165 2747 3226 aut
2778 3168 2839 3211 ὅ

453 3270 720 3335 desinite
769 3288 887 3336 uos
933 3269 1080 3334 inde
1127 3270 1390 3347 iactare,
1441 3270 1612 3353 quod
1657 3272 1881 3337 multis
1940 3272 2349 3337 detestabiles
2406 3270 2572 3335 sitis.
2632 3268 2742 3333 sed

455 3376 820 3454 discernite,
869 3376 1024 3459 quid
1073 3377 1161 3443 sit
1205 3378 1712 3461 persecutionem
1759 3379 1891 3461 pati
1926 3398 2037 3462 pro
2074 3378 2475 3461 blasphemia
2508 3380 2574 3442 et
2608 3395 2745 3459 per-

454 3484 848 3548 secutionem
895 3484 1034 3567 pati
1080 3504 1193 3568 pro
1249 3484 1536 3561 iustitia;
1606 3488 1671 3549 et
1722 3504 1833 3567 pro
1892 3504 2017 3568 qua
2068 3485 2337 3550 istarum
2394 3482 2745 3568 patiamini.

450 3590 514 3653 in
561 3589 796 3654 uestris
843 3590 1024 3656 libris
1075 3590 1268 3655 etiam
1316 3594 1508 3673 atque
1558 3590 1749 3654 etiam
1798 3589 2135 3674 diligenter
2180 3591 2513 3656 aduertite.

529 3879 545 3927 1
594 3874 882 3945 obpropria
917 3876 970 3929 L
1115 3876 1147 3930 3
1185 3876 1360 3932 multa
1403 3876 1495 3932 OS
1525 3877 1702 3931 multa
1743 3877 1793 3931 G
1920 3880 1955 3931 5
1994 3896 2171 3948 quoq:
2210 3878 2263 3931 L
2386 3880 2418 3931 9
2456 3878 2658 3948 militia
2695 3878 2747 3931 L

449 3964 580 4032 iam!
616 3968 726 4017 tam
767 3964 894 4017 LM
928 3968 1084 4019 tanta
1121 3964 1220 4020 SG
1351 3966 1416 4021 10
1453 3966 1705 4037 precipue
1750 3966 1797 4020 Ο
1918 3966 1986 4020 12
2024 3966 2306 4021 testamini
2342 3966 2393 4020 L
2516 3968 2583 4021 15
2621 3984 2737 4019 con-

446 4054 622 4107 victus
677 4056 730 4124 (v
787 4071 854 4108 m.
913 4058 952 4108 2
1004 4060 1290 4123 snper-ser.)
1347 4055 1396 4110 Ο
1559 4056 1875 4111 manicheus
1920 4056 1967 4109 Ο
2110 4058 2175 4109 17
2214 4057 2490 4127 perductis
2534 4056 2749 4111 GSMG

449 4142 514 4196 19
553 4141 788 4213 eligatus
828 4143 874 4197 S
905 4142 1108 4213 ligatus
1155 4144 1240 4198 Gb
1279 4144 1495 4215 legatus
1523 4144 1648 4199 ML
1791 4162 1853 4199 ex
1880 4148 2075 4215 sponte
2107 4144 2207 4199 SG
2379 4145 2607 4200 cottidie
2638 4145 2749 4199 LG

447 4230 656 4285 faciunt
691 4232 834 4285 serui
874 4231 963 4285 dei
1003 4232 1102 4287 SG
1211 4233 1282 4285 22
1322 4232 1645 4303 dampnatos
1690 4234 1739 4288 G
1842 4234 1911 4287 23
1948 4234 2145 4288 solleni
2174 4237 2262 4304 (ev
2294 4252 2362 4289 m.
2390 4252 2492 4289 rec,
2524 4234 2679 4299 add.)
2710 4233 2760 4287 S

448 4320 519 4371 24
557 4335 647 4373 eos
685 4319 772 4372 Lb
883 4322 950 4374 25
987 4321 1183 4392 multo]
1221 4322 1376 4375 milia
1414 4322 1446 4375 b
1556 4323 1626 4376 28
1664 4324 1831 4377 iustia
1876 4323 1938 4377 0¹
2082 4324 2337 4393 patimini
2379 4323 2426 4377 0
