3159 4984
447 458 576 521 272
1136 456 1188 509 S.
1246 455 1522 509 Aureli
1573 456 2015 525 Augustini

443 650 662 714 eadem
714 650 832 727 illi,
892 670 1051 732 quae
1095 647 1468 713 iamdudum
1517 648 1821 723 audierat,
1878 647 2310 711 remandauit:
2368 649 2576 713 caeci
2632 650 2733 716 uis

443 758 637 835 dent,
689 760 899 823 surdi
957 759 1296 834 audiunt,
1354 755 1634 821 mortui
1688 759 2103 839 resurgunt
2160 758 2225 819 et
2271 758 2497 822 cetera.
2566 757 2733 839 quod

441 882 558 948 ego
627 885 878 947 quoque
945 866 1112 929 circa
1178 867 1244 929 te
1306 882 1432 928 non
1504 862 1797 927 inmerito
1872 862 2161 940 fecerim,
2237 862 2293 928 si
2356 865 2733 947 perroganti,

439 974 656 1035 utrum
689 971 996 1055 accipiam
1026 970 1453 1054 euangelium,
1485 968 1726 1035 dixero:
1768 969 1982 1033 omnia
2016 987 2161 1035 mea
2199 969 2431 1048 dimisi,
2469 971 2733 1052 patrem,

417 1081 728 1156 matrem,
777 1096 1054 1154 uxorem,
1101 1077 1288 1153 filios,
1339 1094 1585 1151 aurum,
1634 1078 1990 1159 argentum,
2039 1076 2439 1149 manduca-re,
2496 1075 2730 1151 bibere,
2799 1094 2829 1134 ⁵

441 1185 722 1259 delicias,
771 1185 1161 1267 uoluptates.
1227 1184 1350 1248 hoc
1405 1182 1524 1246 tibi
1580 1182 1659 1246 ad
1715 1182 2101 1267 interrogata
2156 1183 2311 1248 satis
2358 1196 2734 1265 responsum

440 1295 594 1376 puta
643 1296 708 1356 et
752 1292 1012 1356 beatum
1059 1294 1122 1355 te
1169 1290 1477 1369 futurum,
1521 1292 1574 1355 si
1611 1291 1676 1355 in
1714 1310 1815 1355 me
1854 1310 1977 1356 non
2014 1291 2211 1356 fueris
2249 1288 2733 1356 scandalizatus,

532 1401 590 1462 2.
662 1399 786 1465 Sed
834 1418 978 1475 non,
1025 1397 1250 1479 inquit,
1301 1396 1586 1479 accipere
1634 1397 2039 1481 euangelium
2086 1398 2207 1462 hoc
2256 1397 2465 1461 solum
2512 1398 2631 1473 est,
2679 1394 2736 1458 si

442 1505 610 1589 quod
657 1504 999 1588 praecepit,
1046 1504 1263 1579 facias,
1315 1504 1426 1568 sed
1471 1506 1548 1567 ut
1592 1504 1782 1567 etiam
1834 1503 2051 1568 credas
2100 1503 2413 1580 omnibus,
2462 1520 2621 1584 quae
2668 1502 2733 1565 in

442 1612 664 1675 eodem
713 1610 948 1693 scripta
995 1612 1165 1687 sunt,
1206 1628 1474 1691 quorum
1519 1608 1793 1691 primum
1844 1613 1944 1673 est
1988 1609 2171 1684 illud,
2221 1609 2369 1691 quia
2415 1608 2501 1673 sit
2545 1611 2733 1673 natus
2771 1626 2827 1665 ιο

439 1720 641 1783 Iesus.
667 1718 778 1783 sed
799 1736 913 1781 nec
932 1717 1086 1781 item
1109 1717 1272 1782 illud
1291 1718 1500 1781 solum
1523 1719 1621 1781 est
1640 1716 2043 1800 euangelium
2066 1717 2367 1799 accipere,
2388 1719 2465 1781 ut
2492 1715 2731 1791 credaS,

441 1826 590 1906 quia
635 1828 826 1888 natus
875 1826 976 1887 est
1021 1824 1223 1899 Iesus,
1275 1824 1386 1888 sed
1431 1827 1506 1888 ut
1551 1823 1745 1888 facias
1796 1824 2009 1901 etiam,
2060 1824 2227 1905 quod
2272 1823 2612 1906 praecepit.
2662 1842 2736 1889 ac

441 1932 496 1996 si
541 1950 644 1995 me
689 1931 924 1997 idcirco
975 1932 1374 2015 euangelium
1425 1949 1548 1995 non
1598 1930 1877 2013 accipere
1924 1934 2133 2012 putas,
2193 1930 2343 2011 quia
2386 1930 2735 2012 generatio·

441 2033 588 2101 nem'
638 2038 1096 2121 praetermitto.
1152 2058 1269 2102 nec
1323 2040 1396 2101 tu
1455 2055 1605 2120 ergo
1666 2037 1899 2120 accipis
1958 2040 2023 2100 et
2077 2037 2283 2101 multo
2348 2036 2552 2120 magis
2610 2056 2733 2100 non

442 2143 700 2227 accipiS,
751 2146 900 2226 quia
944 2149 1280 2228 praecepta
1333 2142 1705 2209 contemnis.
1776 2162 1848 2207 ac
1904 2163 2015 2227 per
2068 2144 2189 2208 hoc
2245 2143 2497 2207 interim
2552 2162 2732 2227 pares
2768 2161 2826 2201 1⁵

442 2269 685 2327 sumne,
755 2250 952 2315 donec
1019 2251 1436 2316 discutiamus
1493 2253 1559 2315 et
1613 2252 1864 2332 partes;
1934 2251 2046 2313 aut
2100 2250 2155 2314 si
2208 2250 2331 2314 tibi
2384 2268 2507 2315 non
2554 2268 2729 2333 prae-

441 2356 680 2421 iudicat
743 2362 1218 2441 praeceptorum
1284 2358 1409 2422 ista
1474 2358 1861 2440 contemptio
1928 2356 2006 2419 ad
2070 2356 2515 2439 profitendum,
2584 2357 2732 2437 quia

442 2463 714 2546 accipias
764 2465 1186 2549 euangelium,
1235 2464 1393 2528 mihi
1431 2482 1623 2546 quare
1662 2464 1739 2528 ad
1779 2465 1898 2529 hoc
1934 2462 2325 2547 praeiudicet
2359 2462 2733 2546 genealogia

443 2568 786 2635 damnata?
852 2571 1078 2653 quodsi
1135 2570 1416 2653 accipere
1482 2571 1885 2653 euangelium
1930 2570 1995 2633 in
2036 2569 2284 2634 duobus
2322 2568 2422 2633 his
2462 2572 2728 2646 constat,

439 2677 515 2738 ut
569 2676 748 2751 dicis,
807 2678 1207 2762 genealogias
1267 2677 1514 2741 credere
1573 2679 1638 2741 et
1693 2696 1941 2742 seruare
1996 2677 2312 2754 mandata,
2372 2676 2525 2759 quid
2580 2696 2728 2759 ergo
2765 2693 2823 2733 2⁰

437 2780 824 2863 inperfectus
870 2784 1287 2867 inperfectum
1335 2783 1576 2848 iudicas
1600 2788 1630 2847 ἰ)
1698 2788 1961 2866 uterque
2008 2788 2297 2849 nostrum
2347 2788 2495 2868 eget
2546 2785 2729 2847 alter-

441 2892 605 2953 utro.
675 2890 793 2967 sin,
853 2890 1020 2972 quod
1077 2890 1312 2955 certius
1369 2893 1486 2965 est,
1545 2890 1826 2972 accipere
1874 2889 2279 2973 euangelium
2324 2890 2388 2953 in
2438 2891 2575 2955 sola
2606 2890 2728 2969 ‚ob-

441 2995 798 3059 seruatione
882 3000 1131 3061 constat
1213 2996 1587 3061 caelestium
1666 2997 2140 3061 mandatorum.
2225 2996 2464 3079 duplici
2536 2996 2725 3061 modo

439 3102 743 3185 inprobus
792 3122 879 3181 eS,
939 3106 1068 3186 qui,
1125 3108 1202 3167 ut
1256 3104 1382 3168 dici
1439 3104 1622 3179 solet,
1681 3103 1965 3169 desertor
2021 3122 2247 3187 arguas
2303 3102 2595 3167 militem.
2664 3106 2730 3168 et

437 3211 651 3274 tamen
700 3228 837 3293 age,
883 3230 1216 3295 ponamUS,
1256 3210 1406 3293 quia
1448 3210 1540 3274 ita
1588 3210 1709 3281 uis,
1758 3210 1883 3274 duo
1930 3210 2087 3274 haec
2131 3212 2343 3293 partes
2392 3228 2533 3273 esse
2580 3208 2727 3274 fidei
2762 3228 2815 3269 π

437 3314 776 3397 perfectae,
826 3336 1092 3399 quarum
1139 3336 1266 3380 una
1313 3316 1566 3399 quidem
1616 3320 1867 3381 constet
1910 3316 1975 3379 in
2023 3318 2238 3391 uerb0,
2285 3316 2351 3381 id
2400 3319 2500 3382 est
2542 3317 2727 3381 fateri

440 3421 767 3486 Christum
833 3425 1074 3500 natum,
1141 3425 1340 3488 altera
1390 3442 1544 3488 uero
1600 3423 1667 3487 in
1724 3442 1929 3506 opere,
1988 3424 2158 3506 quod
2214 3428 2313 3488 est
2366 3424 2723 3490 obseruatio

435 3532 935 3612 praeceptorum.
1002 3530 1185 3596 uides
1241 3550 1390 3615 ergo
1448 3549 1639 3612 quam
1696 3530 1955 3593 arduam
2012 3550 2127 3614 ego
2185 3534 2252 3595 et
2307 3530 2723 3595 difficiliorem

435 3634 590 3697 mihi
628 3638 868 3717 partem
911 3637 1247 3721 elegerim3
1287 3640 1360 3701 tu
1397 3637 1546 3701 uide
1583 3654 1775 3719 quam
1812 3636 2208 3701 lenissimam
2250 3641 2315 3701 et
2350 3637 2720 3702 faciliorem.

613 3808 646 3861 2
681 3810 878 3887 matth.
922 3812 1004 3875 11,
1044 3812 1076 3864 5

489 3925 518 3977 1
540 3923 651 3977 ceci
668 3923 714 3977 0
781 3925 814 3976 2
833 3924 1032 3977 mortui
1050 3928 1338 3994 resurgunt
1358 3924 1504 3979 om.b
1577 3924 1612 3977 3
1634 3940 1733 3993 ego
1761 3927 1841 3991 (ex
1864 3926 2017 3994 ergo)
2041 3925 2089 3979 0
2156 3927 2187 3979 9
2211 3928 2290 3991 (et
2315 3928 2399 3993 12)
2422 3926 2664 3995 precepit
2682 3926 2728 3981 0

435 4029 537 4082 que
565 4012 612 4067 0
717 4014 778 4066 11
824 4012 926 4082 est]
966 4029 1082 4066 esse
1101 4012 1448 4067 LCSGMP²
1555 4013 1620 4065 12
1660 4013 1824 4067 etiam
1862 4030 1964 4069 om.
1991 4013 2039 4068 0
2174 4014 2457 4085 precipitb
2602 4020 2659 4069 at
2688 4014 2719 4067 b

437 4102 502 4154 14
540 4100 878 4171 pretermitto
917 4101 964 4156 S
1086 4102 1154 4153 15
1191 4102 1528 4171 contempnis
1573 4102 1670 4156 CL
1796 4104 1862 4157 17
1901 4102 2287 4174 proficiendum
2326 4102 2427 4158 SG
2572 4103 2720 4173 quia]

433 4190 526 4260 qui
549 4190 782 4245 LP¹SG
819 4190 964 4260 quod
991 4191 1068 4243 Ρ3
1103 4190 1234 4260 quid
1263 4191 1294 4245 b
1423 4191 1490 4245 19
1520 4190 1812 4261 dampnata
1846 4192 1893 4245 G
2014 4194 2081 4246 21
2109 4192 2318 4247 iudicat
2347 4192 2377 4245 b
2507 4192 2575 4245 22
2614 4192 2719 4262 sin]

434 4283 490 4331 et
527 4280 573 4332 si
601 4278 700 4333 SG
738 4279 824 4351 ²⁸¹in
854 4279 926 4331 M
1065 4277 1228 4348 quod]
1269 4296 1330 4340 eo
1370 4278 1514 4349 quod
1554 4282 1639 4347 (eo
1676 4296 1718 4336 8.
1759 4281 1816 4347 l.)
1848 4281 1923 4333 M
2060 4282 2261 4335 cercius
2297 4281 2344 4335 0
2446 4280 2515 4334 25
2545 4280 2723 4350 quiait

431 4366 599 4422 habes
636 4367 689 4419 L
833 4367 935 4437 ita]
973 4366 1030 4421 id
1071 4368 1153 4433 (in
1187 4366 1322 4438 ras.)
1359 4368 1434 4420 M
1555 4368 1625 4421 26
1663 4368 1903 4439 perfecte
1940 4368 2049 4423 LO
2152 4371 2220 4424 28
2257 4372 2629 4441 preceptorum
2674 4369 2721 4423 G
