3159 4984
298 1698 347 1732 10

298 2229 345 2268 15

898 519 983 572 VI.
1024 517 1311 574 Contra
1366 518 1736 572 Faustum
1795 518 1924 572 lib.
1981 517 2226 571 XXXIII.
2546 521 2672 584 785

388 720 716 794 uenerunt,
784 713 956 799 quod
1022 714 1329 795 scriptum
1395 712 1471 776 de
1539 712 1631 776 eis
1697 716 1814 778 est.
1893 731 2098 794 neque
2165 714 2331 778 enim
2397 713 2546 797 quia
2611 719 2712 782 et.

386 825 694 889 latronem
760 820 1077 906 quendam
1149 819 1224 883 de
1293 838 1476 884 cruce
1530 819 1832 884 liberauit
1886 820 2056 885 idem
2114 823 2328 885 noster
2382 820 2675 888 dominus

386 935 449 996 et
495 931 636 1014 ipso
679 929 901 994 eodem
942 927 1041 992 die
1081 945 1299 992 secum
1339 927 1628 990 futurum
1668 927 1823 991 dixit
1861 947 2006 992 eum
2043 928 2108 991 in
2146 927 2439 1011 paradiso
2476 930 2675 1011 patris

385 1037 505 1115 sui,
564 1037 906 1119 quisquam
962 1034 1265 1098 inuiderit
1320 1037 1432 1098 aut
1486 1033 1872 1098 inhumanus
1931 1034 2086 1100 adeo
2136 1053 2276 1100 esse
2321 1037 2554 1117 potest,
2602 1039 2676 1100 ut

386 1145 504 1209 hoc
554 1143 611 1208 ei
660 1142 999 1225 displiceat
1042 1143 1254 1204 tantae
1300 1139 1716 1224 benignitatis
1765 1141 2068 1208 officium.
2135 1141 2248 1205 sed
2290 1145 2502 1204 tamen
2551 1161 2673 1207 non

383 1250 619 1315 idcirco
669 1249 956 1313 dicemus
1009 1251 1074 1311 et
1117 1247 1433 1313 latronum
1485 1249 1656 1311 uitas
1705 1266 1776 1312 ac
1821 1266 2030 1312 mores
2077 1247 2260 1312 nobis
2315 1247 2674 1330 probabiles

385 1375 524 1422 esse
576 1356 822 1444 debere,
873 1355 1025 1436 quia
1070 1354 1251 1418 Iesus
1300 1353 1527 1418 latroni
1574 1353 2035 1438 indulgentiam
2083 1354 2328 1418 dederit
2371 1357 2484 1418 aut
2527 1354 2678 1436 quia

383 1461 740 1546 publicanis
782 1465 845 1526 et
882 1461 1321 1526 meretricibus
1359 1461 1598 1545 ignorit
1635 1467 1837 1528 errata
1874 1462 2245 1543 dixeritque,
2276 1462 2446 1544 quod
2486 1463 2674 1527 etiam

382 1569 829 1653 praecederent
900 1568 1025 1651 ipsi
1092 1568 1169 1632 ad
1223 1589 1488 1652 regnum
1547 1569 1866 1634 caelorum
1925 1587 2056 1646 ece,
2113 1569 2226 1650 qui
2281 1587 2350 1634 se
2407 1570 2674 1652 superbe

383 1659 720 1760 gesserint.
788 1675 851 1738 in
908 1675 1227 1740 iniustitia
1280 1693 1555 1756 namque
1615 1678 1681 1740 et
1733 1675 1797 1739 in
1855 1673 2163 1740 adulterio
2221 1675 2672 1758 deprehensam

384 1783 715 1846 mulierem
765 1783 1084 1864 quandam
1130 1783 1386 1847 ludaeis
1434 1781 2212 1847 accusantibus-absoluit
2253 1783 2391 1865 ipse
2437 1783 2673 1864 praeci-

380 1889 563 1971 piens
612 1889 691 1966 ei,
740 1892 816 1952 ut
861 1889 985 1952 iam
1032 1908 1293 1972 peccare
1346 1889 1679 1954 desineret.
1741 1890 2124 1972 quapropter
2169 1889 2223 1953 si
2271 1888 2498 1954 horum
2543 1889 2672 1954 tale

381 1995 535 2078 quid
595 1999 659 2059 et
716 1995 881 2060 circa
924 1994 1238 2059 Abraham
1300 1995 1433 2076 egit
1490 1998 1555 2058 et
1601 1995 1780 2060 Isaac
1838 1998 1903 2059 et
1947 1994 2158 2070 Iacob,
2215 1995 2341 2078 ipsi
2395 1995 2667 2079 gratiam

380 2101 567 2166 docet
615 2121 760 2166 eum
808 2102 963 2165 talia
1010 2101 1254 2184 operari
1312 2102 1478 2166 circa
1532 2101 1797 2179 animas,
1856 2101 1965 2183 qui
2023 2101 2224 2166 solem
2281 2121 2469 2166 suum
2527 2101 2672 2165 oriri

382 2208 536 2273 facit
582 2227 774 2291 super
818 2209 1019 2274 bonos
1068 2211 1132 2303 et
1174 2209 1381 2273 malos
1435 2212 1500 2272 et
1544 2209 1714 2291 pluit
1761 2227 1951 2292 super
1995 2208 2202 2274 iustos
2260 2213 2324 2273 et
2375 2209 2669 2274 iniustos.

382 2315 493 2378 sed
540 2315 663 2380 hoc
708 2317 920 2380 tamen
968 2315 1127 2379 mihi
1179 2335 1375 2380 unum
1425 2315 1489 2380 in
1538 2315 1830 2399 opinione
1886 2314 2007 2379 hac
2041 2313 2276 2380 'uestra
2327 2316 2670 2380 molestum

380 2422 496 2496 est,
558 2439 671 2485 cur
722 2421 788 2485 id
843 2421 919 2485 de
976 2421 1354 2486 Iudaeorum
1410 2423 1662 2486 tantum
1717 2421 2006 2504 patribus
2063 2421 2352 2486 sentiatis
2419 2439 2490 2485 ac
2547 2440 2668 2485 non

380 2526 453 2590 de
504 2528 731 2592 ceteris
781 2547 1033 2610 quoque
1079 2527 1451 2611 patriarchis
1497 2527 1806 2612 gentium,
1857 2527 2028 2610 quod
2075 2531 2140 2592 et
2185 2528 2308 2610 ipsi
2355 2528 2668 2592 senserint

302 2706 307 2713 ι
378 2633 715 2715 aliquando
764 2635 963 2697 nostri
1012 2633 1367 2698 liberatoris
1417 2633 1579 2698 hanc
1637 2634 1925 2716 gratiam,
1981 2634 2350 2716 praesertim
2400 2651 2544 2696 cum
2591 2623 2668 2697 de

290 2763 341 2799 20

290 3293 339 3330 25

378 2737 661 2820 ipsorum
691 2738 841 2802 filiis
874 2739 1080 2821 magis
1113 2739 1454 2803 christiana
1492 2742 1744 2804 constet
1780 2740 2051 2806 ecclesia
2087 2758 2275 2824 quam
2315 2740 2392 2804 de
2431 2739 2669 2804 semine

377 2842 714 2920 Abraham,
762 2843 942 2908 Isaac
991 2847 1057 2908 et
1099 2846 1311 2910 Iacob.
1382 2846 1493 2910 sed
1557 2846 1650 2910 ais
1706 2847 1930 2930 utique
1984 2847 2133 2912 illos
2189 2846 2444 2929 quidem
2499 2846 2668 2911 idola

380 2949 675 3028 coluisse,
724 2950 846 3015 hoc
892 2970 1043 3016 uero
1093 2955 1596 3034 omnipotentem
1637 2951 1824 3017 deum
1862 2953 2224 3036 idcircoque
2263 2953 2464 3018 solam
2500 2953 2667 3036 ipso-

376 3075 517 3120 rum
566 3075 782 3121 curam
829 3055 1131 3124 habuisse
1178 3058 1417 3123 Iesum.
1485 3058 1578 3122 ita
1635 3059 1734 3123 dei
1792 3059 2242 3142 omnipotentis
2299 3060 2548 3125 cultura
2601 3059 2664 3123 in

378 3165 611 3226 tartara
656 3164 929 3229 retrudit
975 3167 1040 3229 et
1084 3165 1200 3229 filii
1257 3169 1405 3249 eget
1460 3165 1714 3244 auxilio,
1774 3166 1882 3248 qui
1941 3166 2144 3231 coluit
2196 3169 2491 3249 patrem?
2557 3166 2669 3231 sed

376 3269 651 3346 uiden'83
710 3272 1201 3350 consentiamuS,
1259 3273 1540 3356 inquam,
1599 3273 1907 3337 hactenus
1953 3273 2018 3336 in
2067 3274 2314 3337 caelum
2370 3273 2667 3338 reductos

548 3436 583 3488 3
620 3436 684 3492 cf.
723 3437 851 3490 Luc.
889 3437 977 3502 23,
1015 3437 1084 3492 43
1228 3439 1290 3493 10
1329 3438 1395 3493 cf.
1433 3438 1631 3493 Matth.
1669 3439 1756 3496 21.
1794 3439 1862 3492 31
2019 3438 2077 3491 12
2119 3437 2182 3492 cf.
2220 3437 2334 3493 Ioh.
2374 3438 2426 3504 8,
2465 3439 2498 3491 ὁ
2535 3455 2652 3509 sqq.

377 3523 439 3575 15
479 3525 545 3576 cf.
582 3525 779 3579 Matth.
818 3528 869 3588 5,
908 3527 979 3580 55

442 3629 474 3680 2
512 3630 795 3698 quemdam
840 3631 886 3684 0
1063 3633 1095 3686 3
1132 3633 1248 3703 ipse
1285 3633 1386 3688 SG-
1568 3650 1690 3687 eum
1728 3650 1831 3688 om.
1870 3635 1921 3687 L
2049 3635 2082 3686 5
2119 3637 2272 3687 tante
2311 3635 2351 3687 S
2489 3633 2660 3688 bene-

372 3717 626 3771 dictionis
665 3719 696 3772 b
840 3737 947 3773 non
986 3725 1167 3775 tamen
1214 3720 1428 3776 GSMG
1571 3722 1608 3777 8
1643 3723 1849 3792 ignor&
1877 3721 1927 3774 L
1965 3721 2239 3792 ignouerit
2269 3725 2357 3790 (ue
2385 3737 2427 3778 ε.
2457 3721 2493 3776 1.
2525 3723 2658 3776 add.

371 3823 437 3860 m.
480 3810 536 3872 3)
574 3807 663 3860 Pb
771 3809 803 3860 9
842 3809 1069 3880 superbe
1108 3809 1208 3865 SG
1319 3811 1386 3864 10
1425 3815 1711 3881 gesserunt
1749 3809 1824 3863 M
1865 3812 2133 3880 gesserint
2176 3809 2220 3864 0
2255 3811 2336 3881 (in
2371 3827 2471 3880 my.
2511 3828 2548 3864 a
2584 3829 2655 3864 m.

366 3909 467 3948 rec.
508 3897 715 3964 gesseF)
822 3897 877 3950 in
916 3913 1018 3951 om.
1049 3897 1254 3954 LOSG
1362 3900 1696 3954 ininiustitia
1736 3903 1854 3966 (sec.
1893 3901 1950 3953 in
1990 3915 2027 3952 a
2055 3915 2122 3952 m.
2154 3901 2187 3953 2
2213 3916 2256 3955 ε.
2288 3899 2504 3964 1:11²]oe
2607 3903 2664 3953 et

367 4000 469 4037 om.
516 3984 562 4037 0
665 3984 993 4054 dephensam
1038 3987 1135 4041 GL
1244 3988 1311 4041 12
1346 3989 1537 4043 horum
1578 3989 1634 4056 (h
1670 4005 1712 4044 a.
1753 3989 1810 4052 Ζ.)
1849 3991 1892 4044 S
2001 3988 2067 4043 13
2107 3986 2236 4058 quid
2275 3987 2326 4056 (o
2363 3987 2427 4039 in
2463 3987 2480 4040 i
2519 4003 2660 4042 corr.

370 4089 405 4125 a
434 4091 502 4128 m.
530 4075 579 4143 1)
614 4072 663 4126 0
769 4075 1007 4144 meum]
1036 4085 1123 4130 eni
1152 4077 1197 4131 G
1223 4078 1365 4132 enim
1394 4095 1517 4132 eum
1547 4079 1579 4132 b
1690 4079 1758 4132 15
1785 4078 1940 4148 pluet
1969 4075 2187 4132 S¹M¹G
2300 4077 2362 4130 17
2396 4092 2534 4146 quur
2551 4075 2660 4130 Lo

370 4161 645 4216 iudeorum
687 4161 733 4215 C
858 4163 923 4216 19
962 4165 1241 4233 presertim
1280 4166 1326 4220 S
1451 4167 1521 4221 20
1556 4167 1732 4236 magis
1771 4169 1834 4230 (ε.
1875 4167 1932 4232 l.)
1979 4165 2031 4220 G
2165 4165 2230 4220 21
2271 4165 2502 4219 abrahae
2547 4165 2656 4220 GM

368 4254 424 4304 et
460 4252 603 4306 iaaac
641 4251 672 4304 b
780 4252 900 4322 agis
938 4253 997 4322 (g
1032 4267 1152 4322 exp.
1190 4271 1259 4307 m.
1299 4254 1353 4324 2)
1383 4257 1435 4311 L
1544 4257 1616 4309 23
1653 4270 1832 4308 curam
1869 4272 1974 4309 om.
2012 4254 2112 4308 SG
2221 4255 2290 4308 24
2328 4253 2570 4308 detrudit
2612 4252 2659 4309 G

364 4339 473 4392 filio
512 4340 612 4395 SG-
790 4340 857 4394 25
905 4341 1301 4396 consentiamus
1348 4343 1428 4398 ed.
1474 4343 1784 4397 Maur-ina.-
1821 4342 2151 4397 consentiam
2190 4345 2252 4396 ut
2288 4340 2650 4396 LGPSMGb

364 4427 626 4482 hactenus
667 4429 721 4486 (h
758 4445 801 4482 ε.
843 4429 901 4494 ἴ.)
940 4428 1061 4485 138²
1099 4433 1321 4484 actenus
1369 4431 1538 4486 OMG

474 4552 605 4593 XXV.
634 4543 741 4604 Aug
785 4561 897 4593 nect.
926 4553 965 4592 6.
2453 4537 2524 4590 50
