3159 4984
926 445 1014 498 VI.
1063 444 1357 500 Contra
1403 447 1773 502 Faustum
1828 450 1960 504 lib.
2017 451 2189 506 XXII.
2554 457 2677 520 601

389 641 793 704 testamento.
864 640 1100 705 diceret
1166 641 1334 705 enim
1399 645 1466 707 et
1528 643 1639 708 ille
1703 645 2111 727 inprouidum
2170 645 2496 712 Christum
2560 668 2683 715 non

390 747 598 811 solum
667 765 739 810 ex
802 746 944 822 hoc,
1013 747 1214 828 quod·
1246 748 1513 814 miratus
1580 752 1681 816 est
1744 751 2130 816 centurionis
2191 753 2404 832 fidem,
2462 773 2684 820 uerum

389 853 578 917 etiarn
639 852 809 934 quod
853 852 1080 918 Iudam
1137 854 1301 918 inter
1357 855 1708 939 discipulos
1766 857 1981 941 elegit,
2038 859 2151 940 qui
2202 859 2499 924 mandata
2547 861 2683 926 eius

387 979 511 1024 non
577 961 710 1024 erat
775 961 1164 1034 seruaturus,
1232 959 1403 1024 sieut
1457 960 1862 1043 reprehendit
1913 961 2057 1039 iste,
2118 981 2231 1026 cur
2275 967 2681 1047 praeceptum

330 1085 354 1123 a
387 1067 450 1130 in
499 1066 790 1150 paradiso
841 1065 1061 1129 datum
1107 1065 1303 1129 fuerit
1347 1065 1594 1130 homini
1648 1086 1770 1132 non
1828 1068 2092 1134 facturo.
2161 1070 2447 1153 culparet
2491 1070 2680 1134 etiam

385 1174 568 1250 illud,
636 1171 808 1255 quod
873 1171 1032 1236 scire
1099 1191 1224 1238 non
1289 1173 1591 1255 potuerit,
1658 1174 1800 1256 quis
1868 1194 2013 1238 eum
2068 1175 2375 1260 tetigerit,
2433 1176 2681 1258 quando

385 1280 602 1364 tetigit
647 1279 958 1344 fimbriam
1006 1278 1378 1343 uestimenti
1427 1280 1585 1357 eius,
1635 1298 1795 1362 quae
1841 1281 2077 1346 fluxum
2120 1283 2447 1366 sanguinis
2486 1282 2679 1364 patie—

384 1388 588 1458 batur,
650 1386 816 1450 sicut
872 1386 1019 1449 iste‘
1054 1385 1341 1468 culpauit
1399 1386 1588 1450 deum
1646 1388 1947 1464 nescisse,
2006 1389 2118 1452 ubi
2173 1390 2403 1453 lateret
2454 1389 2677 1467 Adam,

386 1493 568 1558 credo
610 1493 758 1574 quia
796 1493 1057 1556 dixerit:
1105 1492 1356 1570 Adam,
1397 1493 1528 1557 ubi
1567 1497 1696 1558 es?
1736 1494 1907 1559 sicut
1943 1495 2099 1559 dixit
2139 1495 2469 1560 Christus:
2512 1496 2679 1578 quis

298 1618 347 1656 ιο
384 1619 495 1664 me
535 1599 845 1684 tetigit?
896 1598 1136 1663 diceret
1181 1601 1247 1662 et
1293 1599 1582 1663 inuidum
1632 1619 1705 1664 ac
1750 1601 2104 1679 timentem,
2144 1621 2243 1678 ne,
2282 1602 2338 1666 si
2374 1602 2681 1666 intrarent

384 1706 658 1788 quinque
709 1706 870 1770 aliae
919 1705 1203 1790 uirgines
1250 1705 1316 1769 in
1362 1725 1629 1790 regnum
1680 1707 1840 1783 eiua,
1879 1707 2175 1772 uiuerent
2210 1707 2273 1771 in
2314 1713 2678 1772 aeternum:

384 1824 600 1877 contra
649 1832 804 1895 quas
850 1813 942 1877 ita
989 1813 1240 1890 clausit,
1288 1816 1364 1876 ut
1410 1833 1526 1878 nec
1572 1814 2023 1878 miserabiliter
2079 1815 2489 1898 pulsantibus
2538 1834 2679 1898 ape-

380 1920 552 1986 riret.
595 1921 778 1985 uelut
815 1919 1225 1998 obliuiscenS,
1275 1921 1446 2003 quod
1481 1921 1621 2003 ipse
1658 1922 2036 2005 promiserat
2072 1921 2326 1988 dicens:
2374 1923 2675 2005 pulsate

381 2030 454 2090 et
520 2027 903 2109 aperietur
968 2027 1228 2106 uobiS,
1296 2028 1470 2092 sicut
1521 2029 1647 2093 iste
1703 2029 1981 2093 inuidiae
2037 2028 2413 2112 timorisque
2470 2030 2678 2112 arguit

290 2147 340 2188 1⁵
384 2132 594 2208 deum,
661 2133 832 2215 quod
898 2133 975 2196 ad
1040 2133 1243 2197 uitam
1308 2137 1629 2198 aeternam
1687 2153 1810 2200 non
1866 2135 2196 2201 admiserit
2256 2139 2673 2219 peccatorem.

255 2295 260 2298 .
379 2238 615 2304 diceret
662 2243 725 2304 et
771 2240 1175 2324 adpetentem
1221 2260 1344 2307 non
1383 2240 1723 2322 pecudum,
1762 2241 1875 2305 sed
1912 2242 2239 2306 hominum
2279 2242 2673 2327 sanguinem,

379 2344 528 2426 quia
584 2347 775 2409 dixit:
845 2347 971 2428 qui
1037 2347 1460 2431 perdiderit
1524 2348 1839 2412 animam
1907 2367 2113 2414 suam
2180 2353 2487 2432 propter
2542 2370 2672 2429 me,

376 2451 448 2515 in
496 2453 732 2516 uitam
783 2457 1163 2517 aeternam
1209 2454 1555 2519 inueniet
1604 2474 1788 2521 eam.
1838 2455 2007 2520 sicut
2051 2455 2174 2520 iste
2222 2456 2298 2519 de
2346 2456 2671 2522 sacrificiis

376 2557 768 2635 animalium,
808 2559 1040 2641 quibus
1088 2559 1312 2644 figuris
1358 2560 1851 2643 promittebatur
1897 2561 2279 2626 sacrificium
2326 2563 2671 2646 sanguinis,

282 2680 338 2718 20
378 2684 500 2747 quo
574 2665 886 2749 redempti
960 2684 1222 2744 sumne,
1297 2667 1510 2730 uoluit
1579 2668 1970 2732 calumniari.
2056 2668 2537 2751 reprehenderet
2609 2673 2673 2734 et

375 2772 707 2850 zelantem,
759 2773 908 2854 quia
953 2792 1099 2837 cum
1159 2776 1442 2838 ementes
1501 2776 1566 2837 et
1621 2773 1971 2838 uendentes
2029 2774 2105 2838 de
2160 2775 2399 2857 templo
2454 2775 2668 2859 flagel—

374 2877 558 2943 lando
608 2878 925 2958 eiecisset,
986 2880 1514 2946 commemorauit
1560 2881 1957 2964 euangelista
2004 2881 2080 2949 de
2126 2881 2240 2945 illo
2290 2899 2428 2944 esse
2478 2881 2667 2963 scrip—

369 2990 546 3049 tum:
605 2987 817 3051 zelus
867 2987 1129 3052 domus
1177 2995 1351 3051 tuae
1401 2988 1731 3053 comedit
1774 3007 1905 3066 me,
1956 2988 2125 3052 sicut
2169 2987 2293 3053 iste
2342 2988 2669 3052 accusauit

370 3092 680 3158 zelantem
738 3093 949 3170 deum,
1019 3093 1188 3174 quod
1245 3091 1388 3157 aliis
1449 3093 1789 3158 sacrificari
1854 3094 2191 3157 uetuisset.
2262 3092 2500 3157 diceret
2553 3092 2670 3158 ira·

281 3223 335 3264 25
375 3206 656 3263 scentem
701 3199 766 3263 in
815 3219 968 3265 suos
1025 3203 1091 3264 et
1143 3199 1207 3264 in
1265 3199 1542 3265 alienos:
1603 3201 1665 3264 in
1722 3219 1874 3266 suos
1932 3200 2211 3282 quidem,
2271 3200 2419 3282 quia
2474 3201 2663 3266 dixit:

373 3324 661 3385 seruus,
713 3307 841 3388 qui
889 3307 1039 3372 scit
1083 3307 1567 3372 uoluntatem
1607 3307 1889 3371 domini
1928 3308 2047 3372 sui
2104 3310 2178 3371 et
2213 3307 2401 3372 facit
2441 3307 2665 3392 digna

369 3411 654 3494 plagis,
735 3413 1139 3496 uapulabit
1203 3415 1478 3490 multa;
1547 3414 1611 3479 in
1668 3415 1910 3479 alienos
1968 3417 2203 3492 autem,
2268 3414 2415 3496 quia
2472 3414 2659 3479 dixit:

544 3657 579 3708 4
615 3656 680 3711 cf.
712 3656 828 3710 Ioh.
867 3657 916 3719 6,
958 3657 1022 3709 71
1135 3659 1168 3710 5
1206 3655 1273 3710 cf.
1305 3655 1438 3710 Gen.
1477 3657 1527 3721 2,
1572 3656 1637 3710 16
1675 3673 1789 3726 sq.;
1830 3657 1877 3720 3,
1921 3657 1953 3708 6
2064 3658 2095 3709 9
2137 3655 2273 3710 Gen.
2304 3658 2353 3721 3,
2388 3658 2419 3710 9
2532 3658 2660 3711 Luc.

367 3745 416 3803 8,
455 3747 525 3797 44
562 3762 642 3815 sq.
757 3745 821 3798 12
860 3745 926 3798 cf.
967 3745 1164 3799 Matth.
1193 3745 1279 3808 25,
1314 3746 1376 3799 11
1409 3761 1488 3814 sq.
1604 3745 1669 3798 13
1696 3745 1893 3798 Matth.
1926 3745 1974 3808 7,
2005 3746 2036 3796 7
2152 3747 2214 3798 17
2246 3745 2445 3800 Matth.
2479 3745 2560 3804 10.
2591 3745 2659 3798 39

367 3833 435 3886 23
471 3833 588 3887 Ioh.
629 3833 678 3896 2,
723 3835 787 3886 15
825 3850 942 3904 sqq.
1054 3834 1123 3887 26
1161 3834 1290 3888 Luc.
1335 3833 1416 3897 12,
1455 3835 1524 3884 47

435 4011 468 4062 3
514 4008 672 4080 eligit
717 4009 860 4065 LM¹
1042 4010 1157 4080 qui]
1206 4009 1334 4078 quia
1384 4009 1483 4065 SG
1666 4015 1699 4066 4
1746 4012 2128 4083 repraehendit
2164 4012 2216 4065 L
2434 4029 2573 4083 quur
2616 4012 2662 4065 (1

362 4099 397 4152 5
433 4099 695 4169 paradyso
740 4101 787 4153 C
926 4100 959 4153 8
996 4097 1246 4170 nescies&
1283 4103 1424 4167 (sup.
1465 4099 1508 4153 ὣ
1547 4117 1586 4153 α
1621 4118 1689 4154 m.
1728 4105 1759 4154 1
1796 4104 1847 4168 e)
1894 4101 1941 4155 0
2078 4103 2113 4156 9
2152 4101 2360 4156 dixerat
2404 4101 2655 4156 OGSMb

364 4187 426 4241 11
468 4188 676 4243 alienae
713 4188 767 4241 L
879 4189 944 4242 16
982 4187 1245 4260 pecodum
1280 4189 1337 4242 P
1444 4189 1509 4242 18
1547 4188 1664 4242 uita
1701 4193 1922 4244 aeterna
1957 4189 2003 4242 C
2107 4189 2172 4244 21
2212 4189 2518 4260 flagelando
2567 4190 2655 4244 OS

362 4276 431 4328 26
487 4280 930 4330 seruus—autem
989 4277 1076 4344 (in
1129 4279 1270 4342 raa.)
1332 4276 1379 4330 C'
1563 4294 1669 4331 non
1720 4276 1853 4331 facit
1900 4278 1992 4343 Cb,
2044 4283 2175 4348 (non
2228 4279 2359 4333 add.
2408 4296 2476 4332 m.
2517 4279 2565 4347 1)
2604 4280 2659 4334 P

361 4365 428 4418 27
466 4365 753 4435 uapulauit
787 4365 942 4420 PSG
1085 4365 1271 4419 multis
1310 4365 1340 4418 b
1489 4365 1887 4436 quia—uestris
1928 4367 2010 4434 (in
2046 4383 2146 4436 my.
2191 4384 2226 4421 a
2268 4385 2335 4422 m.
2380 4369 2430 4433 1)
2478 4367 2524 4422 Ο
