3159 4984
859 426 920 479 V.
978 425 1268 482 Contra
1325 426 1757 497 epistulam
1814 425 2328 482 fundamenti.
2580 431 2716 494 199

423 622 584 688 libro
649 640 909 688 necesse
976 625 1076 687 est
1139 640 1240 687 me
1307 621 1578 700 credere,
1647 622 1705 687 si
1768 622 1952 687 credo
2008 622 2362 707 euangelio,
2420 622 2715 705 quoniam

424 735 758 813 utramque
797 730 1172 814 scripturam
1222 728 1518 794 similiter
1561 729 1723 793 mihi
1768 730 2083 795 catholica
2128 730 2531 797 commendat
2577 749 2719 795 auc-

423 837 668 903 toritas,
732 837 798 902 in
856 837 1080 903 eodem
1139 836 1332 901 etiam
1387 836 1550 902 libro
1608 836 1685 901 de
1741 837 2076 903 uocatione
2124 840 2311 921 atque
2360 838 2723 921 apostolatu

423 944 608 1009 Pauli
672 945 1190 1029 uulgatissimam
1255 948 1550 1009 tenemus
1616 944 1971 1012 historiam.
2036 946 2178 1030 lege
2242 946 2399 1010 mihi
2460 945 2609 1023 iam,
2668 946 2721 1010 si

357 1074 386 1113 z
425 1054 628 1133 potes,
677 1051 742 1115 in
790 1050 1146 1135 euangelio,
1194 1050 1308 1115 ubi
1355 1050 1767 1117 Manichacus
1816 1051 2145 1135 apostolus
2193 1052 2401 1117 dictus
2448 1056 2567 1130 est,
2614 1051 2720 1117 uel

425 1156 488 1221 in
537 1157 748 1239 aliquo
797 1156 921 1222 alio
968 1156 1152 1233 libro,
1201 1157 1306 1222 cui
1353 1176 1454 1223 me
1503 1157 1635 1221 iam
1683 1156 2029 1223 credidisse
2076 1158 2397 1225 confiteor.
2446 1176 2523 1223 an
2560 1157 2721 1223 illud

426 1266 707 1331 lecturus
757 1286 846 1346 es,
902 1264 1014 1331 ubi
1073 1264 1366 1348 spiritum
1425 1268 1717 1329 sanctum
1772 1265 2163 1347 paracletum
2226 1265 2518 1331 dominus
2582 1286 2721 1349 pro·

429 1373 606 1437 misit
653 1372 1014 1456 apostolis?
1063 1371 1141 1436 de
1189 1390 1314 1452 quo
1361 1370 1503 1436 loco
1551 1370 1721 1448 uide,
1770 1374 1928 1452 quot
1974 1373 2040 1435 et
2084 1374 2319 1453 quanta
2365 1371 2514 1448 sint,
2564 1392 2723 1455 quae

427 1498 528 1543 me
573 1482 878 1545 reuocent
925 1482 990 1543 et
1037 1478 1412 1554 deterreant,
1459 1496 1536 1541 ne
1581 1476 1961 1542 Manichaeo
2008 1477 2279 1544 credam.

337 1610 388 1649 ιο
521 1586 580 1653 6.
634 1582 880 1664 Quaero
931 1584 1117 1662 enim,
1169 1602 1282 1649 cur
1328 1583 1641 1667 epistulae
1679 1584 1873 1649 huius
1910 1584 2290 1669 principium
2328 1585 2449 1649 sit:
2496 1585 2724 1649 Mani-

431 1691 710 1757 chaeus
778 1692 1178 1775 apostolus
1243 1690 1418 1755 Iesu
1485 1688 1795 1765 Christi,
1865 1694 1929 1755 et
1992 1709 2115 1755 non
2181 1690 2303 1756 sit:
2365 1690 2725 1774 paracletus

435 1798 762 1880 apostolus
810 1797 958 1863 Iesu
1009 1797 1268 1863 Christi.
1325 1797 1382 1861 si
1428 1800 1645 1861 autem
1690 1797 1931 1861 missus
1977 1814 2013 1859 a
2060 1794 2315 1861 Christo
2368 1795 2725 1879 paracletus

435 1903 885 1968 Manichaeum
934 1903 1133 1980 misit,
1173 1922 1287 1968 cur
1331 1904 1517 1987 lego:
1563 1902 2061 1967 Manichaeus
2108 1902 2508 1986 apostolus
2551 1901 2725 1967 Iesu

435 2008 748 2087 Christi,
797 2013 863 2075 et
909 2028 1030 2075 non
1084 2009 1340 2093 potius:
1397 2008 1814 2073 Manichacus
1872 2008 2199 2091 apostolus
2254 2008 2605 2091 paracleti?
2673 2008 2728 2073 si

343 2141 392 2180 ιε
434 2115 592 2181 dicis
649 2116 864 2199 ipsum
922 2134 1066 2181 esse
1123 2116 1470 2190 Christum,
1527 2114 1637 2198 qui
1696 2118 1795 2181 est
1860 2115 2051 2179 etiam
2118 2114 2379 2199 spiritus
2444 2117 2727 2191 sanctus,

441 2222 823 2288 contradicis
870 2222 995 2305 ipsi
1041 2222 1412 2305 scripturae,
1457 2221 1570 2286 ubi
1616 2221 1911 2287 dominus
1959 2220 2083 2285 ait:
2134 2224 2207 2285 et
2254 2220 2482 2285 alium
2529 2240 2731 2305 para-

433 2330 720 2395 cletum
766 2329 1064 2393 mittam
1111 2328 1356 2395 uobis.
1425 2328 1480 2393 si
1527 2332 1741 2393 autem
1790 2328 1935 2393 ideo
1984 2327 2221 2393 Christi
2274 2347 2503 2393 nomen
2558 2332 2729 2394 recte

433 2436 718 2521 positum
762 2440 974 2520 putas,
1023 2455 1146 2502 non
1195 2436 1344 2519 quia
1387 2436 1526 2519 ipse
1574 2439 1677 2501 est
1722 2434 2037 2511 Christus,
2084 2434 2196 2517 qui
2242 2439 2309 2499 et
2350 2436 2729 2522 paracletus,

435 2543 544 2608 sed
614 2544 763 2626 quia
829 2542 1116 2609 eiusdem
1175 2546 1326 2608 sunt
1381 2543 1567 2607 ambo
1634 2541 2051 2619 substantiae,
2108 2540 2173 2605 id
2228 2544 2348 2608 est.
2404 2560 2529 2607 non
2584 2543 2735 2625 quia

343 2678 396 2719 no
431 2670 600 2716 unus
667 2654 787 2730 est,
853 2650 966 2716 sed
1031 2650 1180 2733 quia
1243 2669 1442 2715 unum
1509 2653 1682 2727 sunt,
1748 2652 2000 2733 poterat
2054 2650 2120 2715 et
2172 2648 2415 2714 Paulus
2483 2648 2728 2715 dicere:

430 2757 672 2823 Paulus
702 2758 1032 2842 apostolus
1063 2757 1166 2822 dei
1200 2757 1422 2841 patris,
1464 2757 1617 2841 quia
1654 2756 1813 2821 dixit
1849 2755 2185 2823 dominus:
2228 2774 2363 2840 ego
2404 2758 2478 2819 et
2513 2758 2731 2840 pater

427 2885 650 2931 unum
703 2884 986 2931 sumus.
1033 2882 1350 2946 nusquam
1399 2865 1521 2931 hoc
1570 2863 1747 2940 dicit,
1798 2863 1911 2929 sed
1948 2882 2065 2928 nec
2102 2863 2441 2945 quisquam
2478 2867 2730 2947 aposto·

425 2972 631 3037 lorum
689 2971 888 3055 patris
947 2988 1016 3035 se
1075 2968 1440 3053 apostolum
1497 2969 1743 3035 scribit.
1810 2968 1963 3051 quid
2020 2969 2144 3033 sibi
2200 2988 2349 3054 ergo
2406 2969 2551 3033 uult
2603 2968 2732 3035 ista

427 3078 680 3145 nouitas
702 3080 732 3142 Ρ
779 3096 984 3142 nonne
1033 3075 1220 3141 uobis
1258 3074 1518 3140 uidetur
1552 3074 1771 3139 nescio
1810 3092 2003 3157 quam
2038 3072 2323 3140 redolere
2358 3073 2677 3139 fallaciam
2698 3079 2729 3139 ‘r'

337 3214 392 3255 ω
432 3186 601 3249 certe
649 3182 706 3249 si
751 3182 913 3248 nihil
959 3183 1271 3249 interesse
1319 3182 1663 3247 arbitratus
1712 3184 1831 3254 est,
1890 3200 2003 3247 cur
2055 3200 2179 3247 non
2236 3182 2411 3247 uarie
2464 3183 2529 3247 in
2586 3182 2729 3247 aliis

431 3290 728 3374 epistulis
777 3289 1142 3374 apostolum
1186 3287 1423 3354 Christi
1471 3307 1539 3353 se
1588 3288 1893 3363 nominat,
1932 3288 1996 3353 in
2036 3287 2178 3353 aliis
2215 3288 2569 3372 paracleti?
2618 3288 2729 3353 sed

603 3536 638 3589 4
676 3535 742 3589 cf.
779 3534 900 3590 Act.
939 3534 972 3587 9
1083 3534 1151 3587 16
1178 3532 1298 3587 Ioh.
1335 3534 1422 3601 14,
1464 3533 1530 3587 16
1658 3532 1723 3585 21
1766 3530 1883 3585 Ioh.
1926 3531 2010 3592 ιο,
2048 3510 2117 3584 3ό

497 3709 532 3763 2
569 3708 888 3764 scribturam
924 3710 980 3764 P
1119 3708 1255 3763 mihi
1291 3708 1541 3765 similiter
1577 3708 1631 3763 V
1762 3707 1796 3761 3
1832 3705 1969 3759 libro
2008 3705 2175 3759 etiam
2212 3704 2280 3759 H
2282 3702 2424 3759 GVS
2554 3706 2591 3759 4
2626 3704 2725 3775 hy-

429 3825 650 3881 storiam
700 3824 754 3879 V
883 3824 916 3878 6
955 3780 1314 3894 nimusffiro
1354 3828 1512 3894 (corr.
1549 3840 1623 3878 m.
1664 3824 1715 3891 1)
1756 3822 1810 3877 P
1950 3820 2061 3875 iam
2095 3836 2183 3875 me
2220 3818 2493 3874 HTosV
2635 3822 2723 3891 an]

427 3914 542 3969 Iam
589 3914 622 3969 b
767 3914 801 3967 8
839 3912 991 3984 quot]
1029 3914 1178 3983 quod
1213 3913 1269 3969 P
1399 3915 1435 3968 9
1473 3914 1546 3985 et]
1586 3929 1672 3968 me
1718 3912 1770 3965 T
1908 3910 2190 3965 manicheo
2226 3908 2297 3963 H
2402 3910 2471 3964 10
2506 3926 2645 3979 quur
2680 3912 2733 3964 1¹

429 4006 498 4059 12
535 4002 838 4075 si—potius
871 4020 930 4056 u.
972 4004 1041 4057 14
1075 4020 1180 4057 om.
1223 4003 1276 4057 T
1416 4002 1691 4057 si-misit
1726 4002 1815 4069 (in
1848 4004 1991 4069 ras.)
2028 3999 2096 4054 H
2201 3999 2269 4053 13
2306 3998 2731 4058 manicheumH

431 4095 500 4148 14
551 4092 802 4164 paracliti
853 4092 905 4145 T
1047 4092 1116 4147 15
1175 4091 1322 4147 dices
1368 4092 1436 4145 H
1579 4091 1645 4145 16
1702 4088 1997 4145 scribturae
2044 4088 2113 4143 Η
2162 4088 2460 4159 scripturae
2514 4088 2620 4158 ipsi
2682 4088 2731 4143 T

429 4182 752 4254 paraclitum
796 4182 847 4235 T
881 4182 922 4250 (i
950 4198 1060 4251 pro
1087 4198 1117 4235 e
1143 4185 1367 4250 semper)
1483 4181 1550 4235 17
1578 4179 1767 4235 christi
1802 4186 1959 4234 nome
1996 4176 2119 4233 ideo
2159 4177 2192 4232 b
2307 4178 2373 4230 19
2402 4178 2529 4248 quia
2555 4193 2665 4231 non
2694 4176 2725 4230 b

431 4272 500 4327 22
533 4288 826 4343 numquam
863 4272 920 4325 P
1060 4270 1258 4327 dicitur
1304 4270 1357 4323 V
1478 4269 1548 4325 23
1586 4268 1897 4339 apostolum
1934 4284 1991 4322 ae
2029 4266 2061 4320 b
2180 4266 2251 4321 25
2286 4265 2427 4320 nihil
2466 4268 2623 4333 (corr.
2662 4281 2729 4319 ex

429 4362 506 4415 nil
539 4378 609 4416 m.
649 4363 709 4427 2)
751 4359 820 4414 Η
957 4376 1096 4431 quur
1131 4358 1185 4411 P
1292 4358 1361 4413 26
1401 4358 1650 4429 epistulis
1691 4360 1747 4425 (u
1784 4357 1847 4411 in
1880 4360 2016 4424 ras.)
2055 4354 2126 4409 H
