3159 4984
429 454 557 517 358
1114 453 1210 535 ¹3.
1268 450 1543 506 Aureli
1599 451 2036 521 Augustini

518 648 621 710 30.
672 647 942 711 Ducitur
976 648 1251 729 populus
1290 666 1401 729 per
1438 646 1794 711 desertum:
1845 645 2144 728 baptizati
2184 663 2400 709 omnes
2439 644 2714 708 nondum

427 754 817 835 perfruentes
864 753 1176 835 promissa
1212 740 1432 836 patria,
1482 753 1596 817 sed
1643 752 1812 834 quod
1860 771 1982 817 non
2029 751 2254 816 uident
2299 750 2606 835 sperando
2655 756 2718 814 et

423 880 534 943 per
578 860 954 943 patientiam
1003 860 1381 943 expectando
1430 863 1752 943 tamquam
1800 860 1862 923 in
1914 860 2162 924 deserto
2213 862 2400 935 sunt:
2465 860 2530 922 et
2582 858 2716 923 illic

422 966 773 1033 laboriosae
832 970 893 1033 et
948 968 1339 1051 periculosae
1396 968 1870 1050 temptationeS,
1936 987 2014 1031 ne
2069 970 2470 1031 reuertantur
2533 966 2717 1031 corde

422 1074 486 1137 in
542 1074 921 1157 Aegyptum.
988 1092 1103 1138 nec
1168 1074 1258 1137 ibi
1320 1077 1531 1137 tamen
1591 1073 1882 1139 Christus
1949 1073 2219 1148 deserit:
2287 1093 2432 1137 nam
2491 1076 2554 1137 et
2607 1074 2720 1137 illa
2781 1092 2808 1129 τι

426 1180 719 1245 columna
764 1201 886 1245 non
934 1180 1190 1244 recedit.
1256 1182 1320 1244 et
1366 1199 1612 1244 amarae
1661 1199 1860 1262 aquae
1905 1181 2080 1264 ligno
2130 1180 2524 1253 dulcescunt,
2574 1180 2720 1262 quia

422 1286 665 1351 inimici
710 1287 929 1371 populi
977 1288 1156 1371 signo
1216 1286 1419 1351 crucis
1469 1286 1703 1351 Christi
1761 1287 2171 1353 honorificato
2228 1292 2717 1357 mansuescunt:

425 1396 489 1459 et
564 1393 895 1458 duodecim
969 1393 1177 1458 fontes
1253 1393 1660 1475 septuaginta
1745 1394 1992 1476 palmae
2059 1394 2310 1459 arbores
2373 1393 2719 1476 inrigantes

424 1500 837 1584 apostolicam
884 1500 1151 1584 gratiam
1188 1498 1616 1583 praefigurant
1650 1501 1920 1583 populos
1958 1500 2020 1563 in
2062 1501 2417 1583 septenario
2457 1519 2719 1565 numero

423 1606 757 1691 decuplato
814 1606 1143 1690 rigantem,
1202 1608 1275 1669 ut
1328 1624 1439 1689 per
1495 1606 1860 1688 septiforme
1931 1606 2192 1689 spiritus
2259 1606 2494 1672 donum
2549 1606 2716 1689 legis
2761 1624 2812 1662 ιο

424 1712 767 1797 decalogus
811 1712 1144 1795 inpleatur.
1212 1715 1277 1775 et
1330 1711 1534 1778 hostis
1593 1712 2012 1778 intercludere
2069 1713 2335 1778 molitus
2392 1713 2567 1777 uiam
2625 1732 2722 1775 ex-

423 1821 624 1887 tensis
682 1819 893 1903 Moysi
954 1819 1249 1883 manibus
1317 1818 1498 1902 signo
1557 1820 1763 1883 crucis
1830 1819 2180 1885 dominicae
2236 1823 2589 1903 superatur.
2659 1825 2724 1885 et

419 1946 670 1993 morsus
708 1925 1017 1991 mortiferi
1052 1926 1417 2007 serpentum
1456 1926 1726 1989 exaltato
1766 1928 1831 1990 et
1865 1930 2152 2009 respecto
2193 1945 2384 1991 aeneo
2427 1930 2720 2009 serpente

426 2038 743 2099 sanantur.
813 2031 982 2115 quod
1046 2032 1261 2095 uerbis
1326 2030 1529 2114 ipsius
1588 2030 1824 2096 domini
1883 2032 2271 2097 declaratur:
2341 2034 2552 2097 sicut
2617 2054 2722 2098 ex-

428 2138 729 2207 altauit.
758 2134 984 2220 inquit}
1015 2139 1319 2220 Moyses
1360 2140 1784 2219 serpentem
1815 2139 1887 2202 in
1919 2139 2237 2205 heremo.
2271 2139 2380 2204 sic
2421 2143 2722 2222 oportet
2765 2160 2815 2199 15

424 2244 751 2309 exaltari
797 2243 1049 2306 filium
1096 2242 1445 2321 hominis,
1494 2246 1577 2307 ut
1626 2245 1887 2324 omnis,
1946 2247 2072 2328 qui
2120 2246 2365 2311 credit
2409 2247 2481 2311 in
2531 2266 2718 2313 eum.

422 2370 562 2415 non
626 2352 915 2433 pereat,
982 2348 1113 2413 sed
1176 2349 1456 2414 habeat
1518 2350 1759 2415 uitam
1819 2355 2220 2435 aeternam.
2297 2352 2466 2417 itane
2528 2354 2718 2418 etiam

423 2458 549 2522 ista
593 2476 717 2521 non
766 2456 1092 2521 clamant?
1141 2458 1399 2520 tantane
1448 2460 1548 2521 est
1596 2458 1869 2523 surditas
1917 2459 1980 2523 in
2030 2459 2324 2524 cordibus
2373 2459 2598 2525 duris‘x>
2647 2460 2722 2525 fit

426 2563 663 2646 pascha
706 2563 770 2627 in
820 2562 1132 2628 occisione
1180 2562 1359 2627 ouis:
1411 2564 1720 2628 occiditur
1759 2563 2069 2640 Christus,
2120 2566 2196 2630 de
2246 2584 2368 2647 quo
2415 2569 2478 2630 in
2530 2585 2716 2631 euan-

426 2670 592 2754 gelio
642 2669 909 2735 dicitur:
963 2688 1135 2733 ecce
1184 2687 1423 2753 agnus
1472 2669 1616 2745 dei,
1665 2688 1837 2735 ecce
1885 2671 2013 2752 qui
2058 2671 2275 2736 tollit
2319 2674 2716 2754 peccatum
2755 2694 2812 2731 zo

422 2776 697 2841 mundi.
764 2776 1175 2859 prohibentur
1242 2776 1350 2857 qui
1412 2777 1652 2859 pascha
1704 2776 1946 2841 faciunt
1999 2796 2146 2843 ossa
2200 2778 2524 2862 frangere:
2591 2797 2714 2842 non

420 2884 795 2967 franguntur
838 2882 903 2947 in
952 2902 1134 2947 cruce
1184 2902 1331 2947 ossa
1375 2882 1650 2959 domini:
1713 2883 2065 2948 adtestatur
2120 2884 2514 2968 euangelista
2567 2884 2714 2948 hinc

425 3010 561 3055 esse
595 2990 863 3054 dictum:
906 3008 985 3054 os
1025 2990 1189 3054 eius
1226 3009 1367 3055 non
1409 2990 1962 3056 comminuetis.
2005 2990 2307 3074 sanguine
2336 2990 2714 3055 inliniuntur

422 3101 658 3180 postea,
732 3100 805 3161 ut
867 3095 1175 3179 pernicies
1244 3096 1632 3179 depellatur:
1711 3096 2043 3180 signantur
2115 3096 2295 3180 signo
2363 3096 2714 3163 dominicae

422 3202 733 3287 passionis
781 3203 843 3267 in
892 3202 1205 3267 frontibus
1251 3203 1472 3286 populi
1520 3204 1600 3267 ad
1645 3204 1914 3267 tutelam
1963 3204 2210 3269 salutis.
2262 3204 2446 3269 datur
2489 3205 2580 3269 ibi
2615 3206 2712 3269 lex
2751 3222 2806 3262 τε

608 3446 633 3499 1
676 3445 741 3499 cf.
778 3444 872 3499 Ex.
916 3444 999 3511 17,
1043 3447 1066 3498 1
1198 3445 1231 3499 3
1270 3443 1333 3501 cf.
1372 3444 1526 3500 Rom.
1566 3445 1616 3509 8,
1655 3446 1725 3499 25
1853 3446 1886 3500 6
1925 3447 1990 3501 cf.
2027 3446 2189 3502 Num.
2231 3450 2314 3513 14,
2353 3448 2420 3502 14
2573 3450 2608 3503 8
2647 3448 2714 3503 cf.

425 3532 519 3588 Ex.
560 3536 643 3599 15,
681 3534 751 3588 23
790 3551 906 3604 sqq.
1031 3535 1096 3588 12
1135 3534 1200 3589 cf.
1237 3534 1333 3589 Ex.
1376 3536 1439 3587 17
1562 3536 1630 3589 14
1665 3534 1826 3592 Num.
1865 3536 1951 3601 21,
1991 3535 2024 3589 8
2059 3536 2176 3591 Ῑο11.
2216 3537 2266 3601 3,
2305 3537 2373 3590 14
2490 3538 2559 3591 20
2594 3538 2714 3601 1011,

426 3624 473 3689 1,
504 3623 572 3677 29
683 3623 753 3677 23
780 3623 873 3677 Ex.
916 3624 996 3687 12,
1034 3624 1106 3677 46
1143 3623 1261 3679 1011.
1304 3624 1385 3688 19,
1424 3623 1492 3677 39
1603 3626 1670 3677 24
1700 3622 1766 3678 cf.
1795 3624 1890 3679 Ex.
1923 3624 2006 3689 12,
2035 3624 2104 3677 22
2134 3642 2213 3695 sq.

494 3798 527 3851 2
556 3798 848 3869 emerando
877 3798 924 3852 Ο
1024 3800 1059 3853 4
1080 3798 1269 3863 cordae
1301 3802 1447 3869 (exp.
1476 3816 1545 3854 m.
1576 3802 1641 3867 2)
1663 3800 1714 3851 L
1788 3801 1820 3853 5
1843 3804 2132 3869 aegyptom
2153 3798 2300 3854 8¹6¹
2409 3800 2442 3854 6
2463 3818 2640 3855 amare
2661 3800 2714 3855 L

428 3888 667 3959 quianm
733 3888 765 3943 b
946 3888 977 3941 7
1021 3888 1226 3943 inimici
1292 3890 1342 3955 (c
1404 3889 1469 3942 in
1517 3889 1653 3958 rae.)
1709 3888 1758 3943 S
1806 3889 1884 3942 ibi
1936 3886 2072 3941 mihi
2126 3888 2180 3959 (b
2237 3905 2302 3943 ex
2355 3908 2389 3942 n
2447 3894 2610 3955 corr.)
2661 3890 2714 3943 G

426 3978 459 4031 9
498 3976 789 4049 septinario
828 3976 1013 4030 ww
1180 3977 1247 4031 10
1290 3977 1603 4048 septiforme
1642 3978 1672 4031 b
1838 3978 1905 4033 13
1951 3976 2244 4031 mortiferi*
2281 3978 2328 4049 (s
2371 3978 2490 4033 uid.
2529 3979 2623 4047 er.)
2661 3978 2714 4031 L

429 4058 730 4164 serpentem
809 4096 871 4156 (v
942 4109 1012 4167 ng.
1086 4097 1117 4145 1
1186 4109 1471 4163 super-scm
1536 4110 1564 4147 e
1629 4110 1698 4147 m.
1765 4098 1804 4148 2
1867 4098 2008 4164 ap.)
2075 4094 2129 4148 L
2201 4096 2532 4166 serpentium
2603 4094 2711 4149 &G

428 4183 493 4237 15
546 4198 721 4236 eremo
768 4180 845 4234 L1
992 4181 1057 4233 16
1104 4180 1275 4235 credit
1326 4182 1469 4251 Euq.
1518 4182 1627 4249 (ed.
1673 4182 1857 4238 Knozl
1891 4200 1952 4252 p.
2001 4184 2158 4251 271):
2199 4182 2429 4239 credidit
2465 4184 2507 4236 S
2540 4184 2709 4239 credi-

426 4270 565 4325 derit
592 4270 857 4325 LCGMb
970 4270 1035 4323 19
1073 4269 1361 4345 euangelio
1392 4268 1437 4324 Ο
1542 4272 1612 4325 20
1649 4276 1870 4341 peccata
1907 4272 1983 4325 Cb
2093 4272 2164 4327 23
2201 4273 2316 4326 eius
2346 4274 2392 4343 (s
2418 4273 2482 4327 in
2503 4274 2640 4339 rae.)
2670 4273 2714 4326 S

424 4358 563 4412 enim
610 4358 660 4409 G
803 4357 1106 4412 inlinuntur
1148 4358 1213 4410 (1¹
1356 4356 1429 4413 94
1462 4359 1722 4429 pernities
1769 4360 1814 4409 (7
