3159 4984
917 461 958 514 Ι.
999 461 1098 514 De
1156 461 1538 514 utilitate
1599 459 1975 514 credendi
2030 459 2253 513 liber.
2676 464 2756 526 19

455 655 738 719 auctoris
807 654 1088 718 adserere
1157 653 1448 718 uoluerit.
1515 654 1619 716 uix
1689 651 1855 735 apud
1912 671 2057 715 eum
2097 652 2392 737 discipuli
2438 653 2541 716 uel
2592 651 2757 717 datis

453 760 858 824 mercedibus
912 759 1344 824 remanebunt.
1397 762 1706 840 quantum
1754 761 1907 833 erat,
1957 761 2031 820 ut
2079 757 2351 822 similem
2382 759 2759 825 beneuolen-

453 868 613 930 tiam
654 866 1096 949 praeberemus
1126 865 1238 937 eis,
1269 884 1380 948 per
1409 883 1566 947 quos
1595 865 1885 929 locutum
1934 883 2073 928 esse
2122 865 2413 928 sanctum
2462 866 2756 949 spiritum

455 979 594 1036 tam
643 973 938 1037 diuturna
984 973 1306 1036 uetustate
1345 971 1669 1034 firmatum
1708 974 1848 1034 est?
1884 972 1998 1035 sed
2027 971 2275 1036 scilicet
2299 970 2759 1055 intellegentis-

464 1079 616 1143 simi
663 1078 1100 1142 adulescentes
1150 1080 1215 1142 et
1259 1077 1402 1140 miri
1450 1077 1767 1141 rationum
1818 1077 2237 1159 exploratores
2286 1096 2410 1142 non
2478 1077 2755 1142 euolutis

457 1187 692 1257 saltem
735 1184 864 1248 illis
911 1183 1162 1250 litteris,
1211 1202 1334 1247 non
1385 1183 1690 1264 quaesitis
1761 1183 2103 1266 magistris,
2172 1202 2295 1249 non
2363 1184 2759 1266 aliquantum

458 1296 676 1356 nostra
739 1291 1034 1354 tarditate
1117 1291 1432 1358 accusata.
1499 1308 1623 1354 non
1690 1289 1957 1370 denique
2035 1289 2141 1353 uel
2208 1290 2507 1354 mediocri
2572 1289 2757 1354 corde

459 1417 763 1464 concesso
830 1398 942 1469 eis,
1011 1396 1119 1480 qui
1183 1395 1548 1461 huiusmodi
1626 1395 1873 1460 litteras
1938 1414 2051 1478 per
2104 1399 2311 1461 totum
2362 1397 2575 1460 orbem
2624 1397 2755 1458 tam

455 1505 651 1588 longo
695 1507 980 1588 tempore
1025 1502 1175 1586 legi,
1207 1501 1512 1568 custodiri
1556 1501 1941 1584 tractarique
1988 1502 2349 1578 uoluerunt,
2400 1501 2557 1566 nihil
2590 1501 2758 1584 apud

351 1631 418 1670 ιο
457 1609 609 1675 illos
656 1609 1036 1674 credendum
1081 1609 1472 1692 putauimuS,
1523 1627 1741 1673 eorum
1789 1609 1898 1691 qui
1933 1607 2076 1673 istis
2114 1608 2353 1672 inimici
2416 1608 2755 1690 infestique

393 1967 426 1990 ρ

397 1983 420 2020 d

355 2177 414 2214 15

460 1720 616 1782 sunt
675 1735 834 1781 uoce
903 1715 1224 1790 commoti,
1291 1715 1458 1798 apud
1516 1734 1675 1798 quos
1739 1715 1901 1780 falsa
1972 1714 2428 1798 pollicitatione
2494 1714 2757 1780 rationis

457 1822 748 1886 inaudita
801 1821 974 1886 milia
1021 1821 1380 1886 fabularum
1431 1821 1682 1886 credere
1732 1825 1796 1886 et
1843 1821 2047 1886 colere
2096 1840 2485 1904 cogeremur.

558 1930 658 1992 14.
710 1927 835 1993 Sed
906 1947 1074 1992 nunc
1150 1927 1320 2010 quod
1375 1927 1630 1992 institui
1705 1947 2022 2012 peragam,
2090 1928 2143 1992 si
2221 1945 2503 2009 possum,
2554 1927 2756 1993 etsie

459 2035 630 2118 apud
692 2038 756 2100 te
821 2053 1026 2118 agam,
1075 2037 1149 2098 ut
1183 2033 1376 2098 fidem
1415 2035 1791 2100 catholicam
1831 2053 1953 2100 non
2000 2033 2251 2098 interim
2298 2033 2593 2116 aperiam,
2644 2034 2757 2099 sed

461 2141 544 2206 ad
592 2141 930 2206 scrutanda
993 2142 1130 2206 eius
1195 2159 1426 2224 magna
1470 2139 1763 2224 mysteria
1834 2139 1945 2205 eiS.
1994 2159 2263 2221 quorum
2328 2139 2569 2203 animae
2636 2139 2759 2204 sibi

460 2267 650 2312 curae
731 2252 900 2325 sunt,
980 2266 1160 2331 spem
1235 2247 1433 2312 diuini
1506 2247 1755 2312 fructus
1830 2250 1895 2310 et
1966 2245 2379 2310 inueniendae
2466 2245 2754 2310 ueritatis
2834 2307 2841 2312 .

459 2353 812 2418 ostendam.
861 2373 1046 2418 nemo
1113 2353 1363 2418 dubitat
1419 2373 1587 2430 eum,
1634 2352 1746 2435 qui
1790 2371 2005 2417 ueram
2052 2351 2425 2436 religionem
2471 2351 2755 2435 requirit,

460 2466 576 2524 aut
609 2460 736 2524 iam
776 2459 1024 2524 credere
1062 2460 1462 2526 inmortalem
1504 2479 1644 2525 esse
1684 2459 1977 2531 animam,
2009 2457 2113 2524 cui
2139 2458 2343 2541 prosit
2372 2458 2487 2522 illa
2512 2458 2757 2543 religio,

459 2569 576 2630 aut
621 2567 812 2630 etiam
857 2566 921 2631 id
968 2565 1181 2649 ipsum
1225 2567 1290 2631 in
1340 2566 1558 2631 eadem
1595 2565 1897 2649 religione
1946 2565 2111 2630 uelle
2160 2564 2461 2630 inuenire.
2512 2565 2757 2630 animae

459 2672 662 2756 igitur
707 2691 900 2738 causa
927 2672 1130 2738 omnis
1177 2673 1430 2757 religio;
1479 2691 1625 2737 nam
1672 2671 1950 2754 corporis
1997 2674 2223 2735 natura
2270 2690 2521 2753 quoquo
2568 2671 2757 2736 modo

461 2797 534 2844 se
611 2779 858 2856 habeat,
907 2779 1148 2843 nullam
1213 2799 1428 2844 curam
1490 2798 1566 2844 ac
1630 2777 2125 2844 sollicitudinem
2171 2777 2403 2842 incutit
2450 2778 2526 2852 ei,
2585 2795 2759 2861 prae·

461 2885 685 2950 sertim
756 2888 906 2969 post
974 2889 1264 2961 mortem,
1339 2885 1524 2950 cuius
1600 2885 1809 2948 anima
1882 2884 2159 2949 tenuerit
2232 2904 2355 2967 quo
2403 2885 2589 2949 beata
2652 2885 2759 2950 sit.

461 2992 708 3056 animae
743 2992 942 3076 igitur
978 3010 1170 3057 causa
1231 2992 1339 3056 uel
1409 2991 1609 3056 solius
1666 2991 1773 3055 uel
1830 2990 2097 3054 maxime
2144 3009 2314 3065 uera,
2364 2991 2421 3056 si
2468 3010 2593 3073 qua
2639 2995 2756 3068 est,

459 3098 686 3183 religio
725 3098 1076 3164 constituta
1110 3101 1227 3162 est.
1277 3097 1432 3162 haec
1479 3100 1693 3162 autem
1742 3097 1951 3161 anima
2003 3133 2093 3144 -—
2146 3096 2364 3162 uidero
2431 3117 2621 3181 quam
2678 3099 2757 3164 ob

465 3223 722 3270 causam
770 3207 836 3269 et
879 3203 1002 3270 hoc
1048 3204 1574 3270 obscurissimum
1623 3223 1763 3269 esse
1811 3203 2111 3270 confiteor
2144 3241 2234 3250 —
2262 3207 2428 3268 errat
2452 3207 2665 3269 tamen
2688 3223 2761 3269 ac

461 3312 665 3376 stulta
717 3315 836 3388 est,
885 3313 960 3376 ut
1005 3310 1320 3389 uidemus,
1370 3309 1570 3376 donec
1626 3309 2014 3394 adipiscatur
2049 3310 2479 3394 percipiatque
2519 3310 2764 3394 sapien·

459 3417 640 3493 tiam,
711 3422 776 3483 et
838 3417 1106 3484 fortasse
1177 3419 1318 3503 ipsa
1389 3423 1490 3484 est
1559 3437 1711 3484 uera
1783 3419 2026 3503 religio.
2076 3437 2229 3482 num
2275 3421 2339 3483 te
2386 3418 2467 3483 ad
2511 3419 2761 3484 fabulas

457 3524 692 3590 mitto?
767 3545 918 3590 num
1007 3525 1246 3608 aliquid
1301 3545 1459 3610 cogo
1539 3529 1603 3590 te
1676 3529 1911 3590 temere
1971 3523 2265 3590 credere?
2332 3523 2607 3588 animam
2653 3543 2761 3590 no-

461 3633 662 3695 stram
727 3629 867 3697 dico
934 3651 1138 3697 errore
1186 3650 1258 3696 ac
1297 3631 1576 3696 stultitia
1612 3630 1930 3724 inretitam
1971 3636 2035 3694 et
2073 3630 2423 3696 demersam
2470 3632 2667 3710 uiam,
2704 3631 2761 3696 si

573 3839 605 3890 2
661 3841 723 3893 ut
775 3838 1032 3910 similem]
1089 3838 1304 3908 utimile
1340 3839 1429 3894 Ch
1518 3839 1947 3894 beniuolentiam
1978 3837 2361 3908 SMPp²mb
2536 3837 2568 3892 3
2607 3838 2765 3908 spiri·

455 3957 580 4006 tum
633 3957 878 4008 sanctum
907 3953 956 4008 S
966 3954 1024 4007 P
1027 3954 1168 4023 pM
1195 3953 1362 4008 Vmb
1551 3956 1586 4007 ὃ
1640 3953 1985 4007 mirationum
2024 3952 2111 4006 ch
2140 3953 2194 4006 V
2278 3915 2678 4025 exploratione·
2717 3953 2771 4004 V

457 4043 498 4096 6
553 4040 735 4096 saltim
763 4041 898 4096 SM
921 4042 1058 4097 Vm¹
1263 4044 1298 4098 8
1337 4040 1603 4098 eiusmodi
1630 4043 1662 4096 b
1770 4043 1905 4112 tam]
1962 4046 2021 4097 at
2054 4041 2142 4095 Ch
2358 4044 2425 4097 15
2480 4042 2677 4096 ainime
2718 4041 2770 4094 V

458 4156 859 4227 20lllquomV
923 4157 1246 4229 21ac1a01·
1317 4157 1386 4212 23
1407 4157 1557 4212 esCh
1638 4158 1708 4211 24
1728 4157 1915 4222 uidero
1934 4158 2013 4211 m²
2084 4159 2152 4210 25
2172 4156 2396 4212 hocom.
2418 4156 2763 4225 SpPMVmb

459 4273 532 4326 26
589 4270 973 4378 ndepincaturm¹
981 4271 1069 4326 Oh
1267 4273 1335 4326 27
1393 4272 1471 4343 (et
1525 4272 1617 4340 28>
1672 4273 1825 4342 num]
1878 4288 2020 4326 nunc
2065 4271 2121 4324 P
2297 4273 2365 4327 28
2420 4289 2515 4328 τε.
2534 4287 2679 4326 mere
2720 4273 2772 4325 P

455 4386 736 4441 temedere
747 4404 794 4456 p
809 4403 899 4442 me
936 4387 1228 4442 credereS²
1246 4391 1302 4442 te
1322 4403 1529 4442 mecum
1551 4385 1766 4442 credere
1790 4387 1891 4440 l'm
1920 4391 1975 4442 te
1996 4403 2081 4441 me
2102 4386 2315 4442 credere
2326 4387 2401 4440 M
2404 4391 2605 4442 temere
2616 4385 2763 4440 om.b

2556 4492 2619 4544 2*
