3159 4984
579 476 705 538 128
1277 474 1328 527 S.
1385 473 1655 527 Aureli
1716 474 2153 543 Augustini

576 690 652 735 se
692 690 728 733 a
767 669 1395 754 cogitationibuS,
1429 688 1614 752 quae
1654 673 1831 734 sunt
1868 670 2029 734 sine
2068 670 2498 745 intellectu,
2534 673 2607 733 et
2643 669 2839 734 corri-

570 777 826 859 pietur
871 777 1466 859 superueniente
1511 776 1954 859 iniquitate,
1992 776 2060 840 id
2107 780 2206 841 est
2253 776 2625 860 corripietur
2667 776 2835 841 homo

569 883 1055 965 superueniente
1106 884 1226 948 sibi
1261 883 1596 966 iniquitate
1636 902 1773 959 sua,
1814 902 1959 948 cum
1998 884 2074 947 ab
2115 903 2187 949 eo
2224 882 2565 948 recesserit
2600 881 2837 965 spiritus

569 992 847 1055 sanctus.
915 994 980 1053 et
1025 990 1148 1054 alio
1194 990 1375 1056 loco:
1441 990 1625 1055 haec
1674 990 2219 1074 cogitauerunt
2265 994 2339 1055 et
2386 992 2835 1056 errauerunt:

569 1095 1011 1161 exeaecauit
1059 1097 1250 1160 enim
1287 1097 1474 1161 illos
1511 1096 1812 1160 malitia
1851 1116 1932 1161 eo
1952 1118 2101 1161 rum
2144 1101 2208 1161 et
2245 1098 2368 1161 alio
2404 1096 2587 1162 loco:
2637 1097 2835 1160 crini·
2884 1107 2921 1154 ⁵·

566 1204 764 1269 culis
811 1205 1295 1287 peccatorum
1345 1222 1649 1269 suorum
1696 1204 2227 1287 unusquisque
2276 1205 2833 1289 constringitur.

564 1312 796 1393 quibus
845 1311 1231 1377 testimoniis
1277 1312 1512 1375 ueteris
1569 1311 1940 1375 testamenti
1988 1310 2063 1375 de
2111 1330 2276 1376 nouo
2337 1312 2652 1375 consentit
2708 1330 2836 1393 apo-

565 1420 771 1484 stolus
845 1419 1100 1484 dicens:
1168 1418 1492 1483 tradidit
1551 1417 1737 1484 illos
1805 1418 1989 1483 deus
2053 1418 2127 1482 in
2186 1418 2837 1500 concupiscentias

561 1525 813 1591 cordis
893 1544 1166 1590 eorum.
1246 1545 1368 1607 qua
1443 1525 1777 1590 concordia
1852 1525 2185 1607 utriusque
2256 1524 2623 1590 testamenti
2694 1524 2836 1589 satis

559 1632 917 1697 ostenditur
974 1652 1097 1698 non
1157 1652 1296 1697 esse
1351 1651 1617 1697 saeuum
1675 1632 1884 1711 deum,
1944 1631 2055 1697 sed
2114 1652 2624 1715 unumquemque
2667 1632 2733 1695 in
2778 1651 2835 1696 se
2866 1644 2904 1683 1⁰

557 1738 802 1803 saeuire
848 1738 1189 1821 peccando.

649 1843 833 1923 Quod
900 1848 1114 1909 autem
1179 1846 1242 1909 in
1309 1846 1558 1910 tertiam
1628 1848 1691 1908 et
1756 1847 2044 1927 quartam
2112 1846 2415 1928 scriptum
2458 1849 2558 1910 est
2596 1864 2833 1929 genera-

554 1951 794 2017 tionem
845 1952 1190 2016 uindictam
1239 1952 1595 2035 procedere,
1640 1970 1767 2016 non
1808 1952 1981 2016 aliud
2020 1951 2361 2036 significari
2400 1952 2684 2020 arbitror,
2722 1950 2831 2014 nisi

557 2058 723 2141 quod
774 2058 851 2122 ab
902 2059 1041 2141 ipso
1092 2058 1426 2134 Abraham,
1484 2057 1593 2141 qui
1644 2061 1825 2141 pater
1880 2078 2022 2123 esse
2083 2060 2308 2142 incipit
2358 2059 2583 2141 populi
2627 2058 2830 2122 Iudae-

557 2184 756 2239 orum,
807 2168 1110 2248 quattuor
1155 2167 1394 2230 aetates
1443 2168 1595 2230 sunt
1641 2184 1786 2230 cum
1832 2164 1977 2243 ista,
2018 2184 2177 2248 quae
2216 2185 2382 2230 nunc
2420 2166 2651 2250 agitur,
2690 2183 2829 2247 quas
2858 2174 2897 2215 1⁵

547 2270 921 2336 'Matthaeus
971 2270 1367 2355 euangelista
1413 2271 1769 2356 distinguit.
1834 2292 1963 2336 una
2008 2275 2109 2337 est
2152 2272 2229 2336 ab
2276 2272 2595 2337 Abraham
2643 2288 2825 2352 usque

555 2377 633 2441 ad
679 2378 910 2455 Dauid,
971 2378 1094 2443 alia
1150 2397 1186 2442 a
1231 2378 1442 2443 Dauid
1485 2398 1688 2462 usque
1736 2378 1816 2443 ad
1862 2379 2482 2464 transmigrationem
2526 2378 2595 2441 in
2642 2377 2827 2459 Baby-

555 2484 813 2562 loniam,
845 2484 1032 2549 tertia
1062 2504 1098 2549 a
1121 2485 1675 2569 transmigratione
1710 2486 1777 2549 in
1805 2486 2220 2570 Babyloniam
2249 2504 2453 2568 usque
2492 2484 2573 2549 ad
2613 2482 2829 2550 domini

557 2590 940 2669 aduentum3
1005 2592 1152 2657 inde
1208 2612 1412 2674 usque
1469 2592 1550 2656 ad
1604 2592 1794 2657 finem
1853 2595 2075 2675 quarta
2129 2592 2471 2676 deputatur
2522 2594 2831 2673 tamquam

557 2700 850 2763 senectus
917 2700 1161 2764 saeculi
1224 2699 1449 2764 ceteris
1513 2700 1829 2765 aetatibus
1884 2700 2151 2784 longior.
2220 2718 2376 2782 quas
2434 2702 2676 2764 aetates
2728 2714 2825 2781 pro
2858 2704 2899 2745 ²⁰

553 2804 1068 2888 generationibus
1136 2806 1380 2888 positas
1448 2806 1785 2883 credimus,
1855 2807 2147 2889 quamuis
2208 2806 2498 2890 singulae
2554 2804 2828 2888 pluribus

553 2912 1066 2993 generationibus
1097 2915 1407 2978 constent.
1449 2915 1514 2977 et
1549 2912 1847 2996 quoniam
1883 2913 2073 2977 tertia
2104 2913 2333 2995 incipit
2368 2932 2405 2976 a
2439 2912 2828 2995 transmigra-

545 3016 723 3082 tione
768 3017 1180 3101 Babyloniae,
1240 3018 1488 3101 quando
1545 3018 1930 3083 Iudaeorum
1986 3021 2087 3083 est
2138 3018 2307 3083 facta
2366 3018 2725 3101 captiuitas,
2767 3015 2825 3078 in

552 3126 774 3205 quarta
824 3142 1000 3201 uero,
1047 3124 1116 3189 id
1164 3129 1263 3190 est
1305 3127 1454 3207 post
1499 3124 1847 3189 aduentum
1895 3125 2133 3190 domini
2169 3127 2390 3203 nostri,
2430 3144 2585 3210 gens
2623 3122 2827 3188 Iudae-

553 3248 734 3294 orum
783 3248 820 3293 a
859 3230 994 3295 solo
1033 3232 1281 3313 proprio
1319 3230 1576 3313 penitus
1618 3230 1931 3295 eradicata
1968 3234 2103 3295 est:
2148 3231 2275 3296 hoc
2313 3231 2499 3296 datur
2533 3226 2825 3311 intellegi,
2854 3235 2895 3277 ¹⁵

551 3335 718 3418 quod
780 3336 1024 3400 dictum
1087 3340 1184 3402 est
1241 3338 1464 3402 tertiae
1524 3340 1589 3401 et
1644 3342 1901 3420 quartae
1960 3338 2384 3421 generationis
2428 3340 2689 3421 peccata
2728 3353 2825 3418 pa-

547 3446 800 3506 rentum
859 3443 1253 3507 redditurum
1309 3442 1519 3523 deum,
1577 3444 1678 3508 his
1734 3444 1956 3526 utique
2016 3444 2304 3528 legitime
2362 3446 2550 3526 atque
2608 3442 2823 3515 debite,

551 3546 659 3629 qui
706 3552 1037 3630 parentum
1084 3551 1346 3632 peccata
1389 3552 1868 3632 perseueranter
1910 3551 2122 3613 tenere
2161 3568 2350 3631 quam
2390 3548 2493 3613 dei
2525 3548 2825 3614 iustitiam

551 3654 730 3735 sequi
777 3655 1158 3720 maluerunt.
1226 3674 1370 3719 nam
1415 3675 1538 3720 non
1585 3656 1895 3739 pertinere
1952 3656 2151 3737 patris
2207 3658 2469 3738 peccata
2512 3654 2593 3718 ad
2636 3653 2825 3717 filium

547 3759 716 3824 iuste
765 3760 1090 3825 uiuentem
1136 3762 1444 3845 propheta
1487 3761 1784 3826 Ezechiel
1832 3761 2229 3845 apertissime
2278 3760 2573 3824 ostendit.
2852 3768 2895 3807 ³⁰

689 3917 725 3968 4
755 3917 877 3987 Sap.
908 3917 958 3981 2,
989 3918 1051 3970 21
1167 3919 1198 3972 5
1227 3918 1386 3972 Prou.
1428 3921 1476 3981 5,
1516 3918 1586 3970 22
1696 3918 1729 3971 8
1770 3918 1921 3971 Rom.
1966 3918 2011 3983 1,
2051 3918 2121 3971 24
2230 3918 2297 3971 16
2336 3918 2402 3970 ef.
2439 3916 2637 3971 Matth.
2680 3916 2723 3980 l,
2762 3912 2819 3966 17

547 4004 616 4058 30
654 4004 718 4058 cf.
756 4005 846 4058 ΕΖ.
890 4005 972 4070 18,
1015 4007 1078 4060 14
1117 4022 1232 4077 sqq.

623 4130 650 4182 1
692 4129 950 4183 corrietur
985 4129 1054 4181 1’1
1202 4131 1234 4182 2
1273 4148 1305 4184 a
1343 4131 1757 4201 superueniente
1798 4130 1829 4183 b
1976 4133 2008 4184 5
2048 4134 2105 4195 et
2142 4130 2415 4202 excecauit
2450 4128 2505 4182 P
2688 4124 2816 4181 funi·

547 4216 682 4271 culis
713 4218 805 4273 §.b
837 4220 924 4284 (in
951 4223 1142 4288 mar-9.)
1255 4221 1320 4273 11
1351 4219 1524 4273 seuire
1554 4218 1609 4270 P
1720 4221 1783 4272 14
1811 4219 2105 4273 habraham
2147 4218 2195 4271 V
2303 4220 2367 4272 16
2404 4218 2652 4273 matheus
2684 4213 2820 4270 I'CT

550 4306 613 4360 17
655 4312 725 4361 (et
765 4310 850 4368 18)
901 4306 1264 4377 babylloniam
1305 4308 1359 4361 P
1395 4314 1466 4373 (et
1504 4308 1591 4367 18)
1632 4307 1966 4361 babiloniam
2010 4308 2117 4361 GV
2290 4308 2359 4361 23
2395 4308 2737 4377 babylloniae
2771 4302 2821 4356 P

547 4394 614 4446 27
652 4394 758 4447 hiis
810 4394 854 4442 V
1003 4395 1132 4465 adq:
1171 4396 1241 4449 1²¹
1352 4396 1420 4449 :28
1457 4404 1867 4466 perseuerantes
1908 4398 1938 4450 b
2049 4398 2118 4451 30
2154 4397 2447 4452 hiezechiel
2486 4398 2539 4449 P
