3159 4984
1471 929 1555 1004 ΙΙ.

946 1076 1064 1139 DE
1113 1076 1497 1142 DUABUS
1547 1078 2072 1143 ANIMABUS.

455 1256 512 1316 1.
567 1219 947 1335 opitulante
1005 1254 1106 1318 dei
1153 1255 1582 1320 misericordia
1632 1256 1935 1338 disruptis
1985 1261 2047 1320 et
2095 1257 2411 1320 derelictis
2460 1257 2659 1320 Mani-

365 1360 703 1424 chaeorum
751 1360 996 1442 laqueis
1044 1361 1300 1425 tandem
1349 1362 1697 1427 catholicae
1764 1363 2001 1447 gremio
2068 1363 2435 1428 restitutum
2502 1364 2661 1427 libet

303 1489 329 1528 ⁵
368 1467 762 1531 considerare
809 1486 976 1532 nunc
1025 1469 1252 1532 saltem
1311 1487 1382 1532 ac
1441 1468 1765 1552 deplorare
1822 1470 2001 1533 illam
2056 1470 2373 1535 miseriam
2431 1489 2655 1534 meam.

366 1574 574 1638 multa
611 1575 780 1638 enim
820 1579 1014 1652 erant,
1063 1594 1220 1657 quae
1269 1576 1472 1640 facere
1525 1576 1735 1652 debui,
1784 1596 1861 1640 ne
1908 1579 2039 1640 tam
2087 1577 2270 1640 facile
2320 1596 2391 1641 ac
2438 1577 2659 1642 diebus

369 1681 594 1764 paucis
641 1680 972 1763 religionis
1021 1681 1394 1746 uerissimae
1454 1681 1698 1745 semina
1752 1682 1909 1745 mihi
1950 1701 1985 1745 a
2020 1682 2295 1765 pueritia
2334 1683 2672 1747 salubriter

370 1788 566 1852 insita
615 1806 818 1852 errore
867 1787 973 1850 uel
1019 1787 1238 1852 frande
1286 1787 1591 1852 falsorum
1630 1788 2035 1854 fallaciumue
2072 1789 2403 1854 hominum
2443 1790 2672 1854 effossa

371 1913 444 1958 ex
489 1893 704 1958 animo
751 1893 1157 1976 pellerentur.
1225 1911 1372 1956 nam
1417 1894 1621 1975 primo
1672 1895 2019 1958 animarum
2075 1894 2189 1957 illa
2244 1895 2368 1960 duo
2416 1913 2665 1978 genera,

285 2023 336 2060 ιο
375 2001 610 2083 quibus
658 2001 750 2064 ita
795 2001 1080 2086 singulas
1129 2003 1384 2064 naturas
1423 2001 1833 2084 propriasque
1870 2001 2249 2072 tribuerunt.
2290 2005 2363 2066 ut
2399 2002 2665 2066 alterum

373 2106 449 2171 de
497 2107 640 2191 ipsa
688 2107 788 2172 dei
835 2127 976 2173 esse
1024 2108 1400 2186 substantia,
1449 2108 1711 2172 alterius
1748 2127 1899 2173 uero
1941 2107 2127 2171 deum
2167 2127 2243 2172 ne
2282 2108 2669 2173 conditorem

375 2213 635 2296 quidem
663 2214 868 2278 uelint
896 2214 1116 2296 accipi.
1152 2214 1206 2276 si
1243 2231 1495 2278 mecum
1537 2215 1742 2278 sobrie
1783 2214 2243 2297 diligenterque
2284 2215 2669 2280 consideras-

378 2339 513 2384 sem
561 2324 775 2384 mente
822 2321 885 2384 in
935 2321 1121 2385 deum
1183 2321 1458 2404 subplici
1517 2325 1581 2384 et
1634 2322 1757 2404 pia,
1814 2323 2082 2388 fortasse
2140 2322 2297 2386 mihi
2354 2323 2668 2406 satagenti

377 2427 781 2510 adparuisset
826 2428 1066 2492 nullam
1116 2447 1255 2492 esse
1305 2427 1720 2511 qualemlibet
1766 2429 1987 2507 uitam,
2038 2447 2197 2511 quae
2236 2449 2359 2494 non
2398 2448 2470 2493 eo
2508 2430 2668 2512 ipse,

293 2556 340 2597 15
383 2553 508 2616 quo
559 2535 696 2598 uita
754 2539 853 2598 est
908 2537 972 2598 et
1027 2535 1090 2598 in
1148 2538 1454 2616 quantum
1513 2535 1765 2600 omnino
1833 2536 1967 2599 uita
2031 2539 2149 2613 est,
2207 2535 2285 2598 ad
2349 2555 2672 2600 summum

379 2641 551 2704 uitae
601 2641 842 2705 fontem
888 2640 1396 2724 principiumque
1442 2641 1790 2724 pertineat:
1842 2641 2012 2724 quod
2056 2642 2217 2705 nihil
2262 2641 2433 2706 aliud
2482 2660 2669 2724 quam

381 2767 706 2812 summum
754 2751 818 2812 et
867 2747 1076 2813 solum
1125 2754 1190 2811 et
1233 2766 1458 2811 uerum
1508 2747 1695 2811 deum
1752 2767 2096 2830 possumus
2152 2748 2455 2813 confiteri.
2523 2767 2673 2830 qua-

376 2856 632 2937 propter
679 2855 824 2918 illas
875 2855 1137 2932 animam,
1186 2873 1346 2936 quae
1395 2873 1432 2918 a
1477 2854 1867 2920 Manichaeis
1912 2859 2223 2920 uocantur
2278 2856 2503 2926 malae,
2561 2856 2672 2917 ant

376 2979 586 3025 carere
656 2962 790 3025 uita
848 2965 912 3025 et
967 2961 1210 3026 animas
1279 2980 1398 3025 non
1470 2980 1609 3025 esse
1676 2981 1879 3044 neque
1936 2962 2277 3044 quicquam
2335 2961 2501 3025 uelle
2556 2981 2671 3025 seu

289 3089 339 3128 ευ
377 3068 568 3135 nolle.
618 3067 912 3150 adpetere
961 3068 1070 3131 uel
1112 3068 1352 3152 fugere,
1403 3071 1516 3132 aut
1561 3069 1616 3132 si
1660 3068 1973 3146 uiuerent,
2012 3072 2087 3132 ut
2134 3071 2197 3132 et
2244 3069 2487 3156 animae
2536 3085 2675 3131 esse

371 3178 634 3256 possent
700 3179 762 3239 et
830 3175 1069 3257 aliquid
1131 3176 1258 3239 tale
1326 3194 1532 3259 agere,
1613 3176 1797 3259 quale
1864 3175 1959 3240 illi
2026 3176 2431 3258 opinarentur
2494 3175 2669 3240 nullo

369 3280 558 3345 modo
610 3301 716 3345 eas
765 3281 888 3345 nisi
934 3281 1068 3344 uita
1115 3281 1371 3356 uiuere3
1441 3301 1511 3345 ac
1571 3284 1621 3346 si
1676 3281 1999 3347 Christum
2049 3281 2279 3346 dixisse
2328 3284 2665 3358 constaret,

369 3391 442 3450 nt
488 3393 778 3453 const-at:
829 3407 962 3470 ego
1013 3407 1174 3451 sum
1221 3389 1404 3454 uita.
1453 3388 1613 3452 nihil
1661 3407 1800 3480 esse
1840 3407 2088 3462 causae,
2130 3407 2243 3452 cur
2278 3407 2401 3452 non
2442 3407 2659 3452 omnes

543 3527 612 3580 23
649 3527 766 3580 Ioh.
809 3528 892 3590 14,
933 3531 964 3578 6

505 3626 538 3678 2
577 3623 850 3680 INCIPIT
889 3625 1181 3678 AVRELII
1218 3623 1611 3679 AVGVSTINI
1640 3626 1735 3679 DE
1763 3625 2051 3682 DVOBVS
2083 3626 2337 3680 ANIMIS
2360 3625 2451 3678 fol.
2477 3626 2576 3678 176
2602 3625 2671 3678 M

363 3713 638 3769 INCIPIT
665 3714 882 3768 LIBER
901 3714 1196 3768 AVRELII
1215 3713 1608 3768 AVGVSTINI
1626 3715 1721 3768 DE
1741 3715 2025 3770 DVABVS
2048 3713 2420 3768 ANIMABVS
2442 3713 2535 3766 fol.
2562 3714 2585 3765 1
2610 3713 2663 3765 Β

369 3802 568 3873 Incipit
611 3801 688 3856 lib
739 3804 930 3857 aurelii
987 3805 1266 3874 augustini
1323 3803 1388 3856 de
1449 3802 1657 3856 duabus
1714 3798 1947 3857 animab⁴
1987 3808 2173 3856 contra
2222 3801 2531 3858 manicheos
2587 3802 2663 3854 fol

366 3917 464 3971 165
493 3917 542 3972 S
571 3918 730 3971 inser.
768 3935 869 3973 om.
899 3921 952 3972 A
1061 3921 1095 3972 4
1131 3875 1477 3989 catholic-{cufi
1621 3918 1823 3987 gremio
1854 3919 1923 3971 M
2062 3881 2311 3972 restitum
2339 3917 2394 3969 Β
2504 3918 2535 3970 5
2566 3917 2665 3988 ac].

365 4035 422 4084 et
445 4035 498 4085 A
645 4049 818 4086 meam
847 4034 1116 4087 miseriam
1147 4032 1223 4086 Sb
1297 4034 1329 4087 6
1359 4033 1589 4088 facerem
1611 4031 1657 4086 S
1798 4032 1960 4088 debui
1989 4050 2089 4087 om.
2122 4033 2221 4086 ΕΒ
2254 4035 2315 4099 (8.
2350 4033 2405 4097 Ζ.)
2548 3998 2665 4085 {M

367 4145 396 4198 7
425 4148 664 4216 puericia
683 4149 736 4200 A
836 4148 869 4201 8
899 4149 1241 4202 fallatiumue
1263 4148 1318 4200 Β
1463 4115 1628 4202 effosa
1648 4147 1703 4199 Β
1803 4149 1871 4202 10
1898 4105 1999 4216 ipra
2023 4152 2073 4202 A
2219 4147 2571 4218 propriasque
2605 4145 2675 4199 M

361 4261 659 4316 tribuerent
694 4263 761 4315 M
797 4262 1183 4317 distribuerent
1219 4266 1272 4316 A
1437 4265 1500 4317 11
1545 4227 1661 4317 esse
1699 4263 1776 4316 B²
1942 4263 2005 4317 12
2045 4262 2257 4316 sobriae
2303 4263 2358 4315 Β
2398 4261 2575 4332 sobrie
2612 4261 2665 4312 A

364 4350 426 4404 17
461 4350 634 4404 solnm
671 4367 964 4422 uerumque
1004 4352 1078 4406 Sb
1219 4351 1284 4405 18
1323 4352 1530 4406 animas
1567 4352 1691 4406 illas
1728 4351 1783 4406 Β
1920 4354 1983 4406 21
2026 4352 2235 4421 possint
2264 4352 2319 4404 Β
2469 4350 2538 4402 22
2581 4347 2665 4416 ac]

363 4439 492 4492 etA
529 4445 626 4495 aut
667 4442 710 4494 S
818 4442 885 4495 23
925 4441 1003 4512 ut]
1045 4446 1105 4494 ut
1146 4446 1200 4494 et
1230 4441 1285 4494 Β
1433 4459 1570 4512 quur
1611 4443 1709 4501 (sic
1744 4441 1960 4509 ubique)
2005 4441 2059 4493 ,Β

2454 4545 2521 4596 4*
