3159 4984
848 479 941 532 VI.
990 477 1280 535 Contra
1334 478 1702 533 Faustum
1758 477 1888 532 lib.
1945 475 2164 530 XXXII.
2503 475 2630 540 765

340 675 451 757 qui
498 693 620 739 non
668 673 863 738 fuerit
909 692 1158 737 carnem
1206 671 1524 756 praeputii
1562 671 2000 748 circumcisus,
2040 669 2188 752 quia
2224 670 2346 734 hoc
2383 688 2633 752 quoque

340 781 419 844 ad
468 799 719 846 omnem
766 781 1081 863 pertineat
1128 778 1583 853 christianum3
1633 782 1746 842 aut
1779 776 2101 861 lapidibus
2139 776 2632 860 extinguendum

342 907 508 962 eum,
558 887 667 970 qui
706 888 976 952 soluerit
1012 886 1387 960 sabbatumz
1438 889 1551 950 aut
1585 904 1711 949 non
1748 884 2134 968 parcendum
2173 883 2250 960 ei,
2291 883 2400 966 qui
2435 902 2632 948 unum

341 994 672 1077 quodlibet
706 993 1077 1058 testamenti
1113 991 1349 1058 ueteris
1386 991 1758 1056 mandatum
1811 991 2160 1074 inruperit:
2216 1008 2376 1073 quae
2423 989 2636 1056 omnia

276 1125 303 1163 s
338 1107 412 1166 tu
460 1101 517 1166 si
565 1100 783 1166 credas
832 1100 1210 1180 firmumque
1257 1098 1513 1174 habeas,
1571 1097 1723 1179 quia
1766 1096 1899 1162 sint
1943 1096 2164 1162 eadem
2214 1115 2251 1160 a
2295 1095 2412 1162 deo
2461 1115 2634 1164 man-

342 1207 509 1284 data,
558 1205 718 1270 mihi
764 1206 971 1281 crede,
1008 1224 1238 1271 manus
1274 1205 1446 1288 prior
1480 1205 1812 1270 iniec-isses
1848 1204 1913 1268 in
1954 1203 2277 1270 Christum
2314 1219 2430 1268 neo
2467 1221 2632 1268 nunc

339 1315 679 1379 irascerere
728 1313 1005 1386 ludaei8‚
1055 1311 1164 1394 qui
1220 1312 1389 1376 hunc
1446 1311 1676 1376 animis
1735 1330 1808 1376 ac
1863 1310 2110 1376 uiribus
2167 1309 2484 1393 persecuti
2532 1309 2632 1376 dei

342 1420 443 1486 sui
490 1419 790 1484 mandata
838 1418 1234 1500 complerint.

433 1530 494 1593 6.
560 1525 873 1608 Equidem
931 1524 1101 1589 haud
1155 1525 1401 1608 ignei-0,
1461 1525 1610 1606 quin
1667 1545 1788 1590 uos
1835 1526 1990 1591 haec
2036 1544 2158 1591 non
2207 1523 2496 1588 audeatis
2541 1523 2631 1587 di-

250 1655 304 1692 10
344 1653 483 1698 cere
540 1633 725 1708 falsa,
782 1632 895 1698 sed
954 1630 1106 1714 quia‘
1160 1631 1290 1696 sint
1344 1631 1566 1700 eadem
1621 1651 1733 1715 pro
1789 1635 2071 1716 tempore
2125 1634 2280 1697 tunc
2333 1629 2634 1696 mandata

341 1735 595 1801 Iudaeis
640 1755 847 1818 usque
896 1738 977 1802 ad
1014 1736 1359 1803 aduentum
1401 1738 1652 1803 scilicet
1685 1737 1854 1802 Iesu.
1905 1737 2014 1821 qui
2050 1738 2348 1820 quoniam
2387 1735 2634 1802 uenerit

342 1842 418 1907 ab
486 1841 709 1908 eodem
773 1845 1277 1926 praenuntiatuS‚
1343 1847 1418 1909 ut
1480 1844 1704 1919 uultis,
1771 1837 2013 1909 uetere'
2047 1847 2432 1910 testamento
2493 1843 2630 1926 ipse

339 1949 466 2014 iam
535 1950 779 2026 doceat,
849 1950 1001 2034 quid
1068 1951 1505 2034 accipiendum
1568 1950 1754 2017 nobis
1811 1969 1884 2016 ex
1939 1949 2160 2016 eodem
2219 1951 2306 2016 ait
2361 1953 2425 2015 et
2480 1949 2630 2032 quid

339 2055 845 2139 relinquendum.
898 2057 1010 2122 sed
1058 2077 1133 2122 an
1182 2058 1529 2142 prophetae
1564 2058 1780 2124 Iesum
1829 2057 2364 2142 praesagauerint‚
2409 2060 2631 2141 postea

256 2185 307 2222 ιε
340 2162 705 2228 uidebimus
766 2213 780 2226 .
836 2164 1093 2228 interim
1159 2165 1237 2228 ad
1299 2165 1455 2229 haec
1518 2185 1622 2229 me
1688 2183 1856 2230 nuno
1918 2164 2296 2248 respondere
2362 2166 2630 2247 oportet,

339 2271 507 2353 quia,
576 2270 631 2335 si
696 2271 878 2336 Iesus
924 2290 1038 2354 per
1080 2274 1539 2338 testamentum
1587 2270 1778 2336 uetus
1835 2270 2246 2336 adnuntiatus
2308 2290 2478 2336 nunc
2541 2269 2630 2335 di-

338 2377 581 2442 iudicat
644 2379 710 2442 et
774 2376 1085 2442 carminat
1156 2377 1467 2460 docetque
1541 2397 1743 2460 pauca
1816 2378 1954 2442 eius
2028 2377 2395 2461 accipienda
2467 2396 2628 2455 esse,

340 2484 728 2568 repudianda
774 2503 924 2549 uero
975 2502 1165 2566 quam
1212 2485 1505 2568 plurima,
1565 2487 1631 2549 et
1683 2484 1868 2550 nobis
1921 2486 2280 2569 paracletus
2338 2504 2408 2549 ex
2463 2503 2629 2550 nouo

336 2594 727 2656 testamento
773 2591 1129 2675 promissus
1175 2590 1433 2675 perinde
1484 2591 1693 2668 docet,
1741 2590 1894 2674 quid
1937 2592 2222 2675 accipere
2279 2610 2351 2655 ex
2407 2591 2628 2656 eodem

248 2719 303 2758 20
338 2697 683 2763 debeamus
740 2702 805 2762 et
860 2697 1011 2781 quid
1066 2697 1419 2780 repudiare.
1479 2697 1557 2762 de
1615 2717 1740 2780 quo
1799 2699 1967 2763 ultro
2031 2698 2215 2763 Iesus
2281 2717 2426 2762 cum
2482 2716 2628 2762 eum

340 2805 759 2888 promitteret,
801 2804 956 2869 dicit
989 2804 1055 2868 in
1095 2805 1467 2888 euangelio:
1504 2805 1672 2888 ipse
1708 2824 1846 2872 uos
1885 2806 2196 2871 inducet
2230 2807 2304 2870 in
2343 2824 2629 2870 omnem

340 2914 747 2976 ueritatem
798 2915 873 2976 et
917 2911 1084 2994 ipse
1130 2910 1351 2976 uobis
1403 2911 1889 2977 adnuntiabit
1928 2913 2172 2978 omnia
2209 2918 2284 2977 et
2322 2931 2628 2978 comme-

337 3017 668 3084 morabit
713 3035 871 3082 uos.
922 3021 1305 3102 quapropter
1347 3018 1543 3082 liceat
1587 3018 1963 3084 tantundem
2011 3023 2076 3084 et
2113 3019 2295 3085 nobis
2332 3018 2397 3082 in
2434 3022 2627 3084 testa-

338 3127 553 3190 mento
611 3143 779 3190 nouo
836 3143 950 3207 per
1000 3125 1413 3208 paracletum,
1471 3130 1778 3207 quantum
1835 3126 2020 3191 uobis
2067 3126 2129 3190 in
2176 3128 2392 3191 uetere
2437 3125 2628 3190 licere

252 3251 305 3290 ιο
338 3229 678 3297 ostenditis
744 3249 859 3314 per
920 3231 1135 3296 Iesum
1160 3281 1174 3308 ‚
1240 3231 1365 3296 nini
1428 3231 1592 3297 forte
1655 3232 1858 3316 pluris
1923 3233 2108 3298 uobis
2171 3235 2629 3300 testamentum

515 3439 549 3493 2
588 3439 653 3496 cf.
690 3437 849 3496 Num.
902 3440 979 3504 15,
1020 3439 1089 3494 35
1197 3439 1265 3494 21
1303 3439 1421 3495 Ioh.
1462 3441 1547 3505 16,
1591 3441 1656 3494 15

410 3593 440 3645 1
481 3589 573 3661 qui
611 3591 651 3660 (i
690 3606 755 3644 a
782 3595 834 3657 o)
866 3589 913 3644 S
1053 3605 1209 3644 carne
1238 3590 1396 3660 (airy.
1426 3593 1521 3656 er.)
1552 3589 1600 3645 S
1625 3605 1812 3644 carne·
1841 3591 1916 3657 (m
1947 3591 2040 3660 er.)
2069 3590 2122 3645 L
2229 3591 2262 3645 2
2289 3591 2551 3662 lapitibus
2585 3591 2632 3646 0

338 3681 373 3734 3
408 3696 517 3734 non
552 3695 655 3734 om.
685 3677 786 3733 SG
911 3680 946 3732 4
982 3679 1248 3749 inruperit
1274 3679 1364 3732 Μ’
1494 3679 1530 3732 ὃ
1556 3677 1606 3732 si
1640 3681 1702 3732 tu
1731 3677 1901 3733 SMG
2009 3681 2043 3734 6
2081 3679 2277 3750 prior..
2309 3679 2356 3735 G
2460 3681 2492 3734 7
2519 3681 2624 3735 ira-

332 3768 557 3822 scereris
582 3767 673 3834 Pb
700 3767 929 3822 irascere
964 3767 1013 3822 0
1114 3768 1148 3822 9
1178 3767 1414 3823 audiatis
1442 3766 1648 3822 L¹MG
1675 3766 1922 3822 audeatis
1953 3767 1993 3836 (i
2028 3769 2091 3822 in
2119 3785 2148 3822 e
2177 3784 2313 3823 corr.
2341 3785 2412 3825 m.
2441 3773 2500 3836 2)
2531 3769 2633 3825 LS

334 3857 404 3912 10
440 3861 569 3911 sunt
605 3857 637 3910 b
780 3861 1037 3927 temporoe
1075 3856 1122 3912 S
1226 3859 1292 3911 11
1332 3856 1505 3911 iudeis
1543 3855 1591 3912 S
1731 3856 1802 3911 ad
1837 3873 1941 3912 om.
1978 3857 2150 3922 LSG,
2189 3859 2253 3923 (a.
2293 3857 2328 3913 1.
2367 3858 2518 3923 add.)
2557 3858 2626 3912 M

330 3946 427 4000 ihu
463 3944 571 3999 120
734 3947 801 3999 12
838 3944 945 4016 ipsi
980 3945 1057 4000 L¹
1259 3947 1328 4000 14
1364 3943 1798 4016 praesagium-int
1833 3948 1904 4000 M
1935 3945 2287 4016 psagauerint
2321 3949 2414 4017 (ga
2451 3963 2518 4002 ea:
2556 3964 2625 4018 go

328 4035 447 4090 uid.
513 4035 667 4104 corr.)
722 4034 781 4095 0.
836 4041 893 4102 (a
946 4053 983 4105 g
1034 4051 1140 4104 seq.
1192 4036 1257 4090 in
1307 4035 1441 4106 ras.)
1502 4034 1553 4090 G
1608 4037 2018 4107 presagauerint
2068 4035 2126 4088 P
2303 4037 2368 4090 15
2422 4035 2523 4090 hec
2585 4036 2631 4090 C'

334 4123 400 4178 17
464 4123 723 4178 terminat
776 4125 808 4178 b
1006 4125 1075 4178 18
1138 4123 1429 4195 paraclitus
1484 4123 1531 4180 S
1578 4124 1888 4195 paraclytus
1942 4124 2172 4179 LCMG
2370 4125 2438 4178 19
2493 4125 2624 4194 quid

334 4213 377 4280 (i
414 4228 479 4266 er
518 4229 547 4266 o
586 4228 723 4269 corr.
761 4231 832 4268 m.
868 4219 920 4280 1)
966 4213 1014 4268 C
1115 4213 1182 4268 21
1223 4213 1605 4284 promitterent
1641 4215 1696 4283 (n
1735 4228 1853 4283 eoep.
1891 4231 1960 4266 m.
1998 4213 2058 4282 2)
2083 4212 2132 4268 S
2161 4214 2540 4283 promitterent
2573 4213 2624 4269 G

332 4300 402 4354 22
430 4299 783 4356 annuntiabit
809 4301 865 4372 (b
894 4317 960 4356 a
983 4317 1018 4355 u
1047 4317 1184 4356 corr.
1212 4318 1281 4356 m.
1310 4301 1365 4369 2)
1397 4300 1526 4355 ΕΜ
1657 4301 2094 4356 commemorauit
2121 4300 2197 4355 12¹
2370 4303 2439 4356 24
2467 4319 2621 4373 para-

331 4389 521 4443 cl&um
559 4389 634 4442 L¹
662 4389 995 4460 paraclytum
1020 4389 1128 4443 Lo
1151 4389 1473 4460 paraclitum
1494 4389 1557 4460 ,G
1701 4393 1886 4444 uetero
1916 4389 2017 4445 SG
2043 4393 2228 4445 uetere
2257 4389 2348 4444 M¹
2385 4392 2560 4446 ueteri
2591 4395 2622 4449 b
