<?xml version="1.0" encoding="UTF-8"?>
<!DOCTYPE html PUBLIC "-//W3C//DTD XHTML 1.0 Transitional//EN"
    "http://www.w3.org/TR/xhtml1/DTD/xhtml1-transitional.dtd">
<html xmlns="http://www.w3.org/1999/xhtml" xml:lang="en" lang="en">
 <head>
  <title>
</title>
<meta http-equiv="Content-Type" content="text/html;charset=utf-8" />
  <meta name='ocr-system' content='tesseract 3.04.00' />
  <meta name='ocr-capabilities' content='ocr_page ocr_carea ocr_par ocr_line ocrx_word'/>
</head>
<body>
  <div class='ocr_page' id='page_1' title='image "./corpusscriptoru27wissgoog_0788.png"; bbox 0 0 3159 4984; ppageno 0'>
   <div class='ocr_carea' id='block_1_1' title="bbox 539 430 2120 501">
    <p class='ocr_par' dir='ltr' id='par_1_1' title="bbox 539 430 2120 501">
     <span class='ocr_line' id='line_1_1' title="bbox 539 430 2120 501; baseline -0.004 -11"><span class='ocrx_word' id='word_1_1' title='bbox 539 434 663 498; x_wconf 84' lang='lat'>778</span> <span class='ocrx_word' id='word_1_2' title='bbox 1242 431 1297 488; x_wconf 88' lang='lat' dir='ltr'>S.</span> <span class='ocrx_word' id='word_1_3' title='bbox 1355 430 1628 484; x_wconf 83' lang='lat' dir='ltr'>Aureli</span> <span class='ocrx_word' id='word_1_4' title='bbox 1683 431 2120 501; x_wconf 77' lang='lat' dir='ltr'>Augustini</span> 
     </span>
    </p>
   </div>
   <div class='ocr_carea' id='block_1_2' title="bbox 508 621 2940 3484">
    <p class='ocr_par' dir='ltr' id='par_1_2' title="bbox 508 621 2940 3160">
     <span class='ocr_line' id='line_1_2' title="bbox 537 621 2833 707; baseline 0.002 -19"><span class='ocrx_word' id='word_1_5' title='bbox 537 623 731 706; x_wconf 90' lang='lat' dir='ltr'>quod</span> <span class='ocrx_word' id='word_1_6' title='bbox 771 643 851 688; x_wconf 82' lang='lat' dir='ltr'>ex</span> <span class='ocrx_word' id='word_1_7' title='bbox 890 625 1103 707; x_wconf 91' lang='lat' dir='ltr'>parte</span> <span class='ocrx_word' id='word_1_8' title='bbox 1144 626 1281 700; x_wconf 83' lang='lat' dir='ltr'>est,</span> <span class='ocrx_word' id='word_1_9' title='bbox 1323 621 1846 699; x_wconf 77' lang='lat' dir='ltr'>euacuabitu&#39;r,</span> <span class='ocrx_word' id='word_1_10' title='bbox 1894 624 1970 686; x_wconf 91' lang='lat' dir='ltr'>ut</span> <span class='ocrx_word' id='word_1_11' title='bbox 2008 623 2260 688; x_wconf 89' lang='lat' dir='ltr'>scilicet</span> <span class='ocrx_word' id='word_1_12' title='bbox 2296 644 2369 690; x_wconf 85' lang='lat' dir='ltr'>ex</span> <span class='ocrx_word' id='word_1_13' title='bbox 2404 628 2584 707; x_wconf 90' lang='lat' dir='ltr'>parte</span> <span class='ocrx_word' id='word_1_14' title='bbox 2625 628 2833 692; x_wconf 87' lang='lat' dir='ltr'>sciens</span> 
     </span>
     <span class='ocr_line' id='line_1_3' title="bbox 538 727 2834 813; baseline 0.002 -19"><span class='ocrx_word' id='word_1_15' title='bbox 538 733 602 794; x_wconf 90' lang='lat' dir='ltr'>et</span> <span class='ocrx_word' id='word_1_16' title='bbox 663 731 1048 813; x_wconf 77' lang='lat' dir='ltr'>prophetans</span> <span class='ocrx_word' id='word_1_17' title='bbox 1116 729 1448 812; x_wconf 89' lang='lat' dir='ltr'>apostolus</span> <span class='ocrx_word' id='word_1_18' title='bbox 1522 727 1784 792; x_wconf 78' lang='lat' dir='ltr'>dixerit:</span> <span class='ocrx_word' id='word_1_19' title='bbox 1861 729 2057 811; x_wconf 90' lang='lat' dir='ltr'>quod</span> <span class='ocrx_word' id='word_1_20' title='bbox 2123 731 2296 794; x_wconf 89' lang='lat' dir='ltr'>uult</span> <span class='ocrx_word' id='word_1_21' title='bbox 2359 732 2627 806; x_wconf 86' lang='lat' dir='ltr'>faciat;</span> <span class='ocrx_word' id='word_1_22' title='bbox 2693 753 2834 798; x_wconf 90' lang='lat' dir='ltr'>non</span> 
     </span>
     <span class='ocr_line' id='line_1_4' title="bbox 534 834 2838 923; baseline 0.002 -21"><span class='ocrx_word' id='word_1_23' title='bbox 534 841 827 920; x_wconf 82' lang='lat' dir='ltr'>peccat,</span> <span class='ocrx_word' id='word_1_24' title='bbox 880 837 945 902; x_wconf 90' lang='lat' dir='ltr'>si</span> <span class='ocrx_word' id='word_1_25' title='bbox 990 837 1245 914; x_wconf 82' lang='lat' dir='ltr'>nubat,</span> <span class='ocrx_word' id='word_1_26' title='bbox 1304 838 1369 900; x_wconf 90' lang='lat' dir='ltr'>et</span> <span class='ocrx_word' id='word_1_27' title='bbox 1412 834 1553 900; x_wconf 89' lang='lat' dir='ltr'>ideo</span> <span class='ocrx_word' id='word_1_28' title='bbox 1603 835 1955 918; x_wconf 87' lang='lat' dir='ltr'>perfectum</span> <span class='ocrx_word' id='word_1_29' title='bbox 1999 838 2306 918; x_wconf 79' lang='lat' dir='ltr'>paracleti</span> <span class='ocrx_word' id='word_1_30' title='bbox 2349 839 2668 923; x_wconf 73' lang='lat' dir='ltr'>Phrygiae</span> <span class='ocrx_word' id='word_1_31' title='bbox 2713 841 2838 907; x_wconf 88' lang='lat' dir='ltr'>hoc</span> 
     </span>
     <span class='ocr_line' id='line_1_5' title="bbox 538 941 2839 1026; baseline 0.002 -18"><span class='ocrx_word' id='word_1_32' title='bbox 538 943 962 1008; x_wconf 88' lang='lat' dir='ltr'>euacuauerit.</span> <span class='ocrx_word' id='word_1_33' title='bbox 1023 943 1102 1007; x_wconf 89' lang='lat' dir='ltr'>ad</span> <span class='ocrx_word' id='word_1_34' title='bbox 1148 943 1306 1007; x_wconf 91' lang='lat' dir='ltr'>haec</span> <span class='ocrx_word' id='word_1_35' title='bbox 1354 961 1499 1007; x_wconf 91' lang='lat' dir='ltr'>cum</span> <span class='ocrx_word' id='word_1_36' title='bbox 1550 943 1641 1006; x_wconf 89' lang='lat' dir='ltr'>eis</span> <span class='ocrx_word' id='word_1_37' title='bbox 1690 941 1934 1006; x_wconf 90' lang='lat' dir='ltr'>dictum</span> <span class='ocrx_word' id='word_1_38' title='bbox 1980 942 2193 1021; x_wconf 84' lang='lat' dir='ltr'>fuerit,</span> <span class='ocrx_word' id='word_1_39' title='bbox 2244 945 2412 1026; x_wconf 90' lang='lat' dir='ltr'>quod</span> <span class='ocrx_word' id='word_1_40' title='bbox 2461 946 2592 1010; x_wconf 89' lang='lat' dir='ltr'>sint</span> <span class='ocrx_word' id='word_1_41' title='bbox 2637 948 2839 1013; x_wconf 92' lang='lat' dir='ltr'>eccle-</span> 
     </span>
     <span class='ocr_line' id='line_1_6' title="bbox 537 1048 2940 1134; baseline -0.001 -19"><span class='ocrx_word' id='word_1_42' title='bbox 537 1050 695 1134; x_wconf 26' lang='lat' dir='ltr'>siae·</span> <span class='ocrx_word' id='word_1_43' title='bbox 734 1053 913 1115; x_wconf 91' lang='lat' dir='ltr'>tanto</span> <span class='ocrx_word' id='word_1_44' title='bbox 982 1052 1126 1114; x_wconf 88' lang='lat' dir='ltr'>ante</span> <span class='ocrx_word' id='word_1_45' title='bbox 1191 1048 1540 1132; x_wconf 83' lang='lat' dir='ltr'>promissae</span> <span class='ocrx_word' id='word_1_46' title='bbox 1601 1051 1665 1112; x_wconf 91' lang='lat' dir='ltr'>et</span> <span class='ocrx_word' id='word_1_47' title='bbox 1717 1051 1854 1114; x_wconf 89' lang='lat' dir='ltr'>toto</span> <span class='ocrx_word' id='word_1_48' title='bbox 1913 1049 2063 1115; x_wconf 88' lang='lat' dir='ltr'>orbe</span> <span class='ocrx_word' id='word_1_49' title='bbox 2122 1050 2387 1118; x_wconf 82' lang='lat' dir='ltr'>diffusae</span> <span class='ocrx_word' id='word_1_50' title='bbox 2453 1053 2838 1118; x_wconf 86' lang='lat' dir='ltr'>auctoritate</span> <span class='ocrx_word' id='word_1_51' title='bbox 2905 1075 2940 1112; x_wconf 79' lang='lat'>5</span> 
     </span>
     <span class='ocr_line' id='line_1_7' title="bbox 537 1155 2838 1243; baseline 0.002 -23"><span class='ocrx_word' id='word_1_52' title='bbox 537 1157 836 1234; x_wconf 83' lang='lat' dir='ltr'>damnati,</span> <span class='ocrx_word' id='word_1_53' title='bbox 895 1156 1279 1240; x_wconf 88' lang='lat' dir='ltr'>respondent</span> <span class='ocrx_word' id='word_1_54' title='bbox 1333 1156 1481 1220; x_wconf 86' lang='lat' dir='ltr'>hinc</span> <span class='ocrx_word' id='word_1_55' title='bbox 1540 1155 1728 1219; x_wconf 88' lang='lat' dir='ltr'>etiam</span> <span class='ocrx_word' id='word_1_56' title='bbox 1767 1155 1851 1219; x_wconf 92' lang='lat' dir='ltr'>-in</span> <span class='ocrx_word' id='word_1_57' title='bbox 1909 1175 1978 1220; x_wconf 88' lang='lat' dir='ltr'>se</span> <span class='ocrx_word' id='word_1_58' title='bbox 2033 1157 2197 1222; x_wconf 89' lang='lat' dir='ltr'>illud</span> <span class='ocrx_word' id='word_1_59' title='bbox 2253 1177 2395 1224; x_wconf 87' lang='lat' dir='ltr'>esse</span> <span class='ocrx_word' id='word_1_60' title='bbox 2443 1161 2838 1243; x_wconf 83' lang='lat' dir='ltr'>conpletum.</span> 
     </span>
     <span class='ocr_line' id='line_1_8' title="bbox 536 1262 2838 1350; baseline 0.001 -22"><span class='ocrx_word' id='word_1_61' title='bbox 536 1264 705 1347; x_wconf 91' lang='lat' dir='ltr'>quod</span> <span class='ocrx_word' id='word_1_62' title='bbox 773 1264 848 1328; x_wconf 92' lang='lat' dir='ltr'>de</span> <span class='ocrx_word' id='word_1_63' title='bbox 913 1265 1231 1347; x_wconf 79' lang='lat' dir='ltr'>paracleto</span> <span class='ocrx_word' id='word_1_64' title='bbox 1298 1262 1542 1328; x_wconf 89' lang='lat' dir='ltr'>dictum</span> <span class='ocrx_word' id='word_1_65' title='bbox 1598 1265 1720 1339; x_wconf 75' lang='lat' dir='ltr'>est,</span> <span class='ocrx_word' id='word_1_66' title='bbox 1781 1264 1950 1345; x_wconf 91' lang='lat' dir='ltr'>quod</span> <span class='ocrx_word' id='word_1_67' title='bbox 2006 1264 2284 1330; x_wconf 88' lang='lat' dir='ltr'>mundus</span> <span class='ocrx_word' id='word_1_68' title='bbox 2343 1284 2490 1331; x_wconf 89' lang='lat' dir='ltr'>eum</span> <span class='ocrx_word' id='word_1_69' title='bbox 2547 1266 2838 1350; x_wconf 88' lang='lat' dir='ltr'>accipere</span> 
     </span>
     <span class='ocr_line' id='line_1_9' title="bbox 534 1370 2837 1453; baseline 0.002 -19"><span class='ocrx_word' id='word_1_70' title='bbox 534 1390 657 1437; x_wconf 90' lang='lat' dir='ltr'>non</span> <span class='ocrx_word' id='word_1_71' title='bbox 704 1373 941 1453; x_wconf 87' lang='lat' dir='ltr'>potest.</span> <span class='ocrx_word' id='word_1_72' title='bbox 1007 1389 1213 1435; x_wconf 88' lang='lat' dir='ltr'>non-ne</span> <span class='ocrx_word' id='word_1_73' title='bbox 1261 1370 1387 1435; x_wconf 88' lang='lat' dir='ltr'>ista</span> <span class='ocrx_word' id='word_1_74' title='bbox 1434 1373 1605 1445; x_wconf 84' lang='lat' dir='ltr'>sunt,</span> <span class='ocrx_word' id='word_1_75' title='bbox 1655 1388 1815 1452; x_wconf 89' lang='lat' dir='ltr'>quae</span> <span class='ocrx_word' id='word_1_76' title='bbox 1876 1371 2070 1435; x_wconf 87' lang='lat' dir='ltr'>etiam</span> <span class='ocrx_word' id='word_1_77' title='bbox 2127 1391 2246 1438; x_wconf 91' lang='lat' dir='ltr'>uos</span> <span class='ocrx_word' id='word_1_78' title='bbox 2305 1372 2510 1438; x_wconf 91' lang='lat' dir='ltr'>dicere</span> <span class='ocrx_word' id='word_1_79' title='bbox 2567 1374 2837 1440; x_wconf 86' lang='lat' dir='ltr'>soletis:</span> 
     </span>
     <span class='ocr_line' id='line_1_10' title="bbox 534 1476 2840 1560; baseline 0.001 -19"><span class='ocrx_word' id='word_1_80' title='bbox 534 1478 698 1560; x_wconf 88' lang='lat' dir='ltr'>ipse</span> <span class='ocrx_word' id='word_1_81' title='bbox 748 1497 883 1543; x_wconf 91' lang='lat' dir='ltr'>uos</span> <span class='ocrx_word' id='word_1_82' title='bbox 930 1476 1248 1541; x_wconf 88' lang='lat' dir='ltr'>inducet</span> <span class='ocrx_word' id='word_1_83' title='bbox 1282 1477 1355 1540; x_wconf 85' lang='lat' dir='ltr'>in</span> <span class='ocrx_word' id='word_1_84' title='bbox 1396 1496 1684 1542; x_wconf 87' lang='lat' dir='ltr'>omnem</span> <span class='ocrx_word' id='word_1_85' title='bbox 1723 1478 2132 1544; x_wconf 87' lang='lat' dir='ltr'>ueritatem</span> <span class='ocrx_word' id='word_1_86' title='bbox 2171 1483 2271 1544; x_wconf 90' lang='lat' dir='ltr'>et:</span> <span class='ocrx_word' id='word_1_87' title='bbox 2323 1499 2485 1545; x_wconf 90' lang='lat' dir='ltr'>cum</span> <span class='ocrx_word' id='word_1_88' title='bbox 2534 1482 2840 1546; x_wconf 85' lang='lat' dir='ltr'>uenerit</span> 
     </span>
     <span class='ocr_line' id='line_1_11' title="bbox 536 1583 2940 1669; baseline 0.001 -21"><span class='ocrx_word' id='word_1_89' title='bbox 536 1583 734 1666; x_wconf 89' lang='lat' dir='ltr'>quod</span> <span class='ocrx_word' id='word_1_90' title='bbox 790 1583 1216 1666; x_wconf 90' lang='lat' dir='ltr'>perfectum</span> <span class='ocrx_word' id='word_1_91' title='bbox 1274 1586 1410 1661; x_wconf 78' lang='lat' dir='ltr'>est,</span> <span class='ocrx_word' id='word_1_92' title='bbox 1470 1584 1667 1666; x_wconf 90' lang='lat' dir='ltr'>quod</span> <span class='ocrx_word' id='word_1_93' title='bbox 1726 1603 1806 1649; x_wconf 73' lang='lat' dir='ltr'>ex</span> <span class='ocrx_word' id='word_1_94' title='bbox 1860 1588 2072 1669; x_wconf 86' lang='lat' dir='ltr'>parte</span> <span class='ocrx_word' id='word_1_95' title='bbox 2131 1589 2266 1664; x_wconf 81' lang='lat' dir='ltr'>est,</span> <span class='ocrx_word' id='word_1_96' title='bbox 2334 1587 2843 1652; x_wconf 89' lang='lat' dir='ltr'>euacuabitur</span> <span class='ocrx_word' id='word_1_97' title='bbox 2887 1605 2940 1644; x_wconf 79' lang='grc' dir='ltr'>ιο</span> 
     </span>
     <span class='ocr_line' id='line_1_12' title="bbox 536 1689 2838 1775; baseline 0.001 -19"><span class='ocrx_word' id='word_1_98' title='bbox 536 1694 638 1756; x_wconf 84' lang='lat' dir='ltr'>et:</span> <span class='ocrx_word' id='word_1_99' title='bbox 696 1691 1021 1755; x_wconf 89' lang='lat' dir='ltr'>mundus</span> <span class='ocrx_word' id='word_1_100' title='bbox 1082 1710 1247 1754; x_wconf 90' lang='lat' dir='ltr'>eum</span> <span class='ocrx_word' id='word_1_101' title='bbox 1303 1689 1650 1773; x_wconf 86' lang='lat' dir='ltr'>accipere</span> <span class='ocrx_word' id='word_1_102' title='bbox 1707 1710 1848 1756; x_wconf 89' lang='lat' dir='ltr'>non</span> <span class='ocrx_word' id='word_1_103' title='bbox 1903 1694 2193 1775; x_wconf 83' lang='lat' dir='ltr'>potest,</span> <span class='ocrx_word' id='word_1_104' title='bbox 2244 1693 2322 1757; x_wconf 87' lang='lat' dir='ltr'>de</span> <span class='ocrx_word' id='word_1_105' title='bbox 2369 1695 2582 1758; x_wconf 87' lang='lat' dir='ltr'>uestro</span> <span class='ocrx_word' id='word_1_106' title='bbox 2631 1694 2838 1758; x_wconf 84' lang='lat' dir='ltr'>Mani-</span> 
     </span>
     <span class='ocr_line' id='line_1_13' title="bbox 546 1786 2839 1883; baseline 0 -21"><span class='ocrx_word' id='word_1_107' title='bbox 546 1797 741 1862; x_wconf 90' lang='lat' dir='ltr'>chaeo</span> <span class='ocrx_word' id='word_1_108' title='bbox 801 1817 943 1862; x_wconf 87' lang='lat' dir='ltr'>esse</span> <span class='ocrx_word' id='word_1_109' title='bbox 996 1796 1444 1880; x_wconf 82' lang='lat' dir='ltr'>praedictum?</span> <span class='ocrx_word' id='word_1_110' title='bbox 1511 1801 1578 1860; x_wconf 89' lang='lat' dir='ltr'>et</span> <span class='ocrx_word' id='word_1_111' title='bbox 1623 1817 1783 1880; x_wconf 87' lang='lat' dir='ltr'>quae</span> <span class='ocrx_word' id='word_1_112' title='bbox 1815 1786 2082 1864; x_wconf 62' lang='lat' dir='ltr'>&#39;tandem</span> <span class='ocrx_word' id='word_1_113' title='bbox 2130 1800 2367 1883; x_wconf 89' lang='lat' dir='ltr'>poterit</span> <span class='ocrx_word' id='word_1_114' title='bbox 2409 1800 2688 1866; x_wconf 86' lang='lat' dir='ltr'>haeresis</span> <span class='ocrx_word' id='word_1_115' title='bbox 2737 1819 2839 1864; x_wconf 81' lang='lat' dir='ltr'>ex·</span> 
     </span>
     <span class='ocr_line' id='line_1_14' title="bbox 536 1904 2842 1988; baseline 0.001 -19"><span class='ocrx_word' id='word_1_116' title='bbox 536 1904 683 1969; x_wconf 83' lang='lat' dir='ltr'>oriri</span> <span class='ocrx_word' id='word_1_117' title='bbox 731 1905 851 1969; x_wconf 91' lang='lat' dir='ltr'>sub</span> <span class='ocrx_word' id='word_1_118' title='bbox 900 1905 1206 1988; x_wconf 80' lang='lat' dir='ltr'>paracleti</span> <span class='ocrx_word' id='word_1_119' title='bbox 1244 1905 1519 1984; x_wconf 83' lang='lat' dir='ltr'>nomine,</span> <span class='ocrx_word' id='word_1_120' title='bbox 1562 1925 1721 1988; x_wconf 87' lang='lat' dir='ltr'>quae</span> <span class='ocrx_word' id='word_1_121' title='bbox 1767 1925 1890 1972; x_wconf 89' lang='lat' dir='ltr'>non</span> <span class='ocrx_word' id='word_1_122' title='bbox 1939 1907 2096 1972; x_wconf 87' lang='lat' dir='ltr'>haec</span> <span class='ocrx_word' id='word_1_123' title='bbox 2143 1908 2356 1973; x_wconf 86' lang='lat' dir='ltr'>omnia</span> <span class='ocrx_word' id='word_1_124' title='bbox 2397 1907 2842 1974; x_wconf 85' lang='lat' dir='ltr'>uerisimiliter</span> 
     </span>
     <span class='ocr_line' id='line_1_15' title="bbox 536 2011 2838 2097; baseline 0.001 -21"><span class='ocrx_word' id='word_1_125' title='bbox 536 2011 660 2076; x_wconf 88' lang='lat' dir='ltr'>sibi</span> <span class='ocrx_word' id='word_1_126' title='bbox 707 2011 939 2075; x_wconf 86' lang='lat' dir='ltr'>audeat</span> <span class='ocrx_word' id='word_1_127' title='bbox 988 2014 1330 2094; x_wconf 73' lang='lat' dir='ltr'>coaptare?</span> <span class='ocrx_word' id='word_1_128' title='bbox 1397 2013 1707 2094; x_wconf 90' lang='lat' dir='ltr'>numquid</span> <span class='ocrx_word' id='word_1_129' title='bbox 1763 2014 1932 2078; x_wconf 88' lang='lat' dir='ltr'>enim</span> <span class='ocrx_word' id='word_1_130' title='bbox 1987 2017 2088 2079; x_wconf 89' lang='lat' dir='ltr'>est</span> <span class='ocrx_word' id='word_1_131' title='bbox 2139 2014 2441 2090; x_wconf 79' lang='lat' dir='ltr'>haeresi8‚</span> <span class='ocrx_word' id='word_1_132' title='bbox 2499 2033 2661 2097; x_wconf 88' lang='lat' dir='ltr'>quae</span> <span class='ocrx_word' id='word_1_133' title='bbox 2707 2035 2838 2080; x_wconf 91' lang='lat' dir='ltr'>non</span> 
     </span>
     <span class='ocr_line' id='line_1_16' title="bbox 535 2117 2940 2206; baseline 0.002 -26"><span class='ocrx_word' id='word_1_134' title='bbox 535 2117 873 2182; x_wconf 88' lang='lat' dir='ltr'>ueritatem</span> <span class='ocrx_word' id='word_1_135' title='bbox 923 2136 991 2182; x_wconf 90' lang='lat' dir='ltr'>se</span> <span class='ocrx_word' id='word_1_136' title='bbox 1039 2119 1325 2182; x_wconf 88' lang='lat' dir='ltr'>nominet</span> <span class='ocrx_word' id='word_1_137' title='bbox 1370 2122 1435 2182; x_wconf 89' lang='lat' dir='ltr'>et</span> <span class='ocrx_word' id='word_1_138' title='bbox 1481 2123 1717 2200; x_wconf 86' lang='lat' dir='ltr'>quanto</span> <span class='ocrx_word' id='word_1_139' title='bbox 1766 2124 1867 2186; x_wconf 90' lang='lat' dir='ltr'>est</span> <span class='ocrx_word' id='word_1_140' title='bbox 1911 2121 2260 2204; x_wconf 86' lang='lat' dir='ltr'>superbior,</span> <span class='ocrx_word' id='word_1_141' title='bbox 2299 2124 2478 2186; x_wconf 91' lang='lat' dir='ltr'>tanto</span> <span class='ocrx_word' id='word_1_142' title='bbox 2515 2122 2725 2206; x_wconf 86' lang='lat' dir='ltr'>magis</span> <span class='ocrx_word' id='word_1_143' title='bbox 2767 2143 2838 2186; x_wconf 91' lang='lat' dir='ltr'>se</span> <span class='ocrx_word' id='word_1_144' title='bbox 2885 2137 2940 2176; x_wconf 79' lang='lat'>1⁵</span> 
     </span>
     <span class='ocr_line' id='line_1_17' title="bbox 534 2222 2836 2305; baseline 0.003 -18"><span class='ocrx_word' id='word_1_145' title='bbox 534 2222 725 2287; x_wconf 85' lang='lat' dir='ltr'>etiam</span> <span class='ocrx_word' id='word_1_146' title='bbox 771 2223 1117 2305; x_wconf 88' lang='lat' dir='ltr'>perfect-am</span> <span class='ocrx_word' id='word_1_147' title='bbox 1166 2225 1451 2290; x_wconf 88' lang='lat' dir='ltr'>nominet</span> <span class='ocrx_word' id='word_1_148' title='bbox 1487 2227 1845 2305; x_wconf 85' lang='lat' dir='ltr'>ueritatem,</span> <span class='ocrx_word' id='word_1_149' title='bbox 1884 2231 1960 2292; x_wconf 92' lang='lat' dir='ltr'>ut</span> <span class='ocrx_word' id='word_1_150' title='bbox 1998 2230 2061 2293; x_wconf 89' lang='lat' dir='ltr'>et</span> <span class='ocrx_word' id='word_1_151' title='bbox 2097 2228 2161 2292; x_wconf 88' lang='lat' dir='ltr'>in</span> <span class='ocrx_word' id='word_1_152' title='bbox 2203 2248 2455 2293; x_wconf 89' lang='lat' dir='ltr'>omnem</span> <span class='ocrx_word' id='word_1_153' title='bbox 2495 2228 2836 2294; x_wconf 87' lang='lat' dir='ltr'>ueritatem</span> 
     </span>
     <span class='ocr_line' id='line_1_18' title="bbox 536 2329 2836 2418; baseline 0.002 -24"><span class='ocrx_word' id='word_1_154' title='bbox 536 2347 604 2394; x_wconf 89' lang='lat' dir='ltr'>se</span> <span class='ocrx_word' id='word_1_155' title='bbox 659 2329 1039 2412; x_wconf 88' lang='lat' dir='ltr'>polliceatur</span> <span class='ocrx_word' id='word_1_156' title='bbox 1093 2329 1390 2395; x_wconf 84' lang='lat' dir='ltr'>inducere</span> <span class='ocrx_word' id='word_1_157' title='bbox 1449 2336 1513 2396; x_wconf 90' lang='lat' dir='ltr'>et</span> <span class='ocrx_word' id='word_1_158' title='bbox 1566 2333 1918 2399; x_wconf 86' lang='lat' dir='ltr'>doctrinam</span> <span class='ocrx_word' id='word_1_159' title='bbox 1974 2336 2408 2418; x_wconf 85' lang='lat' dir='ltr'>apostolorum</span> <span class='ocrx_word' id='word_1_160' title='bbox 2465 2354 2582 2400; x_wconf 90' lang='lat' dir='ltr'>suo</span> <span class='ocrx_word' id='word_1_161' title='bbox 2639 2337 2836 2402; x_wconf 87' lang='lat' dir='ltr'>errori</span> 
     </span>
     <span class='ocr_line' id='line_1_19' title="bbox 534 2436 2834 2525; baseline 0.003 -25"><span class='ocrx_word' id='word_1_162' title='bbox 534 2436 931 2514; x_wconf 80' lang='lat' dir='ltr'>contrariam,</span> <span class='ocrx_word' id='word_1_163' title='bbox 974 2437 1156 2518; x_wconf 86' lang='lat' dir='ltr'>quasi</span> <span class='ocrx_word' id='word_1_164' title='bbox 1200 2455 1315 2520; x_wconf 83' lang='lat' dir='ltr'>per</span> <span class='ocrx_word' id='word_1_165' title='bbox 1358 2437 1537 2502; x_wconf 90' lang='lat' dir='ltr'>illam</span> <span class='ocrx_word' id='word_1_166' title='bbox 1585 2440 1850 2518; x_wconf 81' lang='lat' dir='ltr'>uenerit,</span> <span class='ocrx_word' id='word_1_167' title='bbox 1899 2441 2070 2523; x_wconf 89' lang='lat' dir='ltr'>quod</span> <span class='ocrx_word' id='word_1_168' title='bbox 2115 2442 2470 2525; x_wconf 88' lang='lat' dir='ltr'>perfectum</span> <span class='ocrx_word' id='word_1_169' title='bbox 2517 2445 2636 2520; x_wconf 76' lang='lat' dir='ltr'>est,</span> <span class='ocrx_word' id='word_1_170' title='bbox 2687 2461 2834 2506; x_wconf 86' lang='lat' dir='ltr'>eua-</span> 
     </span>
     <span class='ocr_line' id='line_1_20' title="bbox 520 2545 2834 2628; baseline 0.003 -22"><span class='ocrx_word' id='word_1_171' title='bbox 520 2545 716 2606; x_wconf 71' lang='lat' dir='ltr'>‘cuare</span> <span class='ocrx_word' id='word_1_172' title='bbox 768 2545 1082 2611; x_wconf 83' lang='lat' dir='ltr'>conetur?</span> <span class='ocrx_word' id='word_1_173' title='bbox 1149 2547 1213 2608; x_wconf 90' lang='lat' dir='ltr'>et</span> <span class='ocrx_word' id='word_1_174' title='bbox 1259 2545 1554 2626; x_wconf 88' lang='lat' dir='ltr'>quoniam</span> <span class='ocrx_word' id='word_1_175' title='bbox 1605 2548 1780 2610; x_wconf 89' lang='lat' dir='ltr'>tenet</span> <span class='ocrx_word' id='word_1_176' title='bbox 1827 2547 2117 2622; x_wconf 84' lang='lat' dir='ltr'>ecclesia,</span> <span class='ocrx_word' id='word_1_177' title='bbox 2169 2547 2338 2628; x_wconf 91' lang='lat' dir='ltr'>quod</span> <span class='ocrx_word' id='word_1_178' title='bbox 2381 2547 2834 2612; x_wconf 88' lang='lat' dir='ltr'>uehementius</span> 
     </span>
     <span class='ocr_line' id='line_1_21' title="bbox 508 2633 2932 2738; baseline 0.002 -25"><span class='ocrx_word' id='word_1_179' title='bbox 508 2633 868 2733; x_wconf 56' lang='lat' dir='ltr'>⁴apostolus</span> <span class='ocrx_word' id='word_1_180' title='bbox 936 2650 1427 2729; x_wconf 77' lang='lat' dir='ltr'>commendauit,</span> <span class='ocrx_word' id='word_1_181' title='bbox 1491 2651 1576 2729; x_wconf 86' lang='lat' dir='ltr'>‚si</span> <span class='ocrx_word' id='word_1_182' title='bbox 1643 2651 1813 2733; x_wconf 90' lang='lat' dir='ltr'>quis</span> <span class='ocrx_word' id='word_1_183' title='bbox 1878 2653 2100 2717; x_wconf 85' lang='lat' dir='ltr'>uobis</span> <span class='ocrx_word' id='word_1_184' title='bbox 2169 2655 2932 2738; x_wconf 67' lang='lat' dir='ltr'>euangelizaueritvo</span> 
     </span>
     <span class='ocr_line' id='line_1_22' title="bbox 529 2758 2833 2842; baseline 0.004 -24"><span class='ocrx_word' id='word_1_185' title='bbox 529 2759 1069 2838; x_wconf 87' lang='lat' dir='ltr'>praeterquam</span> <span class='ocrx_word' id='word_1_186' title='bbox 1119 2758 1315 2839; x_wconf 88' lang='lat' dir='ltr'>quod</span> <span class='ocrx_word' id='word_1_187' title='bbox 1364 2758 1802 2842; x_wconf 84' lang='lat' dir='ltr'>accepistiS‚</span> <span class='ocrx_word' id='word_1_188' title='bbox 1852 2760 2248 2825; x_wconf 88' lang='lat' dir='ltr'>anathema</span> <span class='ocrx_word' id='word_1_189' title='bbox 2295 2761 2436 2838; x_wconf 85' lang='lat' dir='ltr'>sit&#39;‚</span> <span class='ocrx_word' id='word_1_190' title='bbox 2493 2779 2642 2824; x_wconf 88' lang='lat' dir='ltr'>cum</span> <span class='ocrx_word' id='word_1_191' title='bbox 2691 2779 2833 2826; x_wconf 85' lang='lat' dir='ltr'>coe·</span> 
     </span>
     <span class='ocr_line' id='line_1_23' title="bbox 531 2863 2832 2946; baseline 0.003 -19"><span class='ocrx_word' id='word_1_192' title='bbox 531 2863 699 2946; x_wconf 88' lang='lat' dir='ltr'>perit</span> <span class='ocrx_word' id='word_1_193' title='bbox 745 2863 919 2928; x_wconf 86' lang='lat' dir='ltr'>aliud</span> <span class='ocrx_word' id='word_1_194' title='bbox 966 2863 1346 2929; x_wconf 78' lang='lat' dir='ltr'>adnuntians</span> <span class='ocrx_word' id='word_1_195' title='bbox 1394 2865 1473 2929; x_wconf 86' lang='lat' dir='ltr'>ab</span> <span class='ocrx_word' id='word_1_196' title='bbox 1519 2865 1820 2930; x_wconf 88' lang='lat' dir='ltr'>uniuerso</span> <span class='ocrx_word' id='word_1_197' title='bbox 1869 2867 2018 2932; x_wconf 89' lang='lat' dir='ltr'>orbe</span> <span class='ocrx_word' id='word_1_198' title='bbox 2066 2867 2477 2945; x_wconf 77' lang='lat' dir='ltr'>ana-themari,</span> <span class='ocrx_word' id='word_1_199' title='bbox 2527 2867 2832 2933; x_wconf 88' lang='lat' dir='ltr'>continuo</span> 
     </span>
     <span class='ocr_line' id='line_1_24' title="bbox 532 2969 2831 3056; baseline 0.002 -22"><span class='ocrx_word' id='word_1_200' title='bbox 532 2969 738 3034; x_wconf 85' lang='lat' dir='ltr'>dicat:</span> <span class='ocrx_word' id='word_1_201' title='bbox 790 2970 913 3036; x_wconf 88' lang='lat' dir='ltr'>hoc</span> <span class='ocrx_word' id='word_1_202' title='bbox 961 2974 1081 3048; x_wconf 80' lang='lat' dir='ltr'>est,</span> <span class='ocrx_word' id='word_1_203' title='bbox 1134 2971 1302 3052; x_wconf 90' lang='lat' dir='ltr'>quod</span> <span class='ocrx_word' id='word_1_204' title='bbox 1351 2971 1660 3054; x_wconf 81' lang='lat' dir='ltr'>scriptum</span> <span class='ocrx_word' id='word_1_205' title='bbox 1709 2974 1845 3036; x_wconf 89' lang='lat' dir='ltr'>est:</span> <span class='ocrx_word' id='word_1_206' title='bbox 1902 2972 2224 3036; x_wconf 87' lang='lat' dir='ltr'>mundus</span> <span class='ocrx_word' id='word_1_207' title='bbox 2273 2992 2435 3038; x_wconf 90' lang='lat' dir='ltr'>eum</span> <span class='ocrx_word' id='word_1_208' title='bbox 2484 2973 2831 3056; x_wconf 85' lang='lat' dir='ltr'>accipere</span> 
     </span>
     <span class='ocr_line' id='line_1_25' title="bbox 528 3080 1018 3160; baseline 0.004 -20"><span class='ocrx_word' id='word_1_209' title='bbox 528 3095 669 3142; x_wconf 90' lang='lat' dir='ltr'>non</span> <span class='ocrx_word' id='word_1_210' title='bbox 717 3080 1018 3160; x_wconf 78' lang='lat' dir='ltr'>potest?</span> 
     </span>
    </p>

    <p class='ocr_par' dir='ltr' id='par_1_3' title="bbox 526 3183 2928 3484">
     <span class='ocr_line' id='line_1_26' title="bbox 624 3183 2928 3272; baseline 0.003 -26"><span class='ocrx_word' id='word_1_211' title='bbox 624 3185 725 3246; x_wconf 87' lang='lat'>18.</span> <span class='ocrx_word' id='word_1_212' title='bbox 795 3184 977 3248; x_wconf 90' lang='lat' dir='ltr'>Unde</span> <span class='ocrx_word' id='word_1_213' title='bbox 1038 3203 1188 3268; x_wconf 85' lang='lat' dir='ltr'>ergo</span> <span class='ocrx_word' id='word_1_214' title='bbox 1245 3183 1509 3267; x_wconf 89' lang='lat' dir='ltr'>probare</span> <span class='ocrx_word' id='word_1_215' title='bbox 1567 3183 1894 3268; x_wconf 82' lang='lat' dir='ltr'>poteritis,</span> <span class='ocrx_word' id='word_1_216' title='bbox 1963 3184 2132 3267; x_wconf 90' lang='lat' dir='ltr'>quod</span> <span class='ocrx_word' id='word_1_217' title='bbox 2191 3205 2227 3248; x_wconf 88' lang='lat' dir='ltr'>a</span> <span class='ocrx_word' id='word_1_218' title='bbox 2281 3186 2468 3251; x_wconf 90' lang='lat' dir='ltr'>uobis</span> <span class='ocrx_word' id='word_1_219' title='bbox 2535 3187 2832 3272; x_wconf 77' lang='lat' dir='ltr'>exigitur,</span> <span class='ocrx_word' id='word_1_220' title='bbox 2869 3200 2928 3240; x_wconf 79' lang='lat'>2⁵</span> 
     </span>
     <span class='ocr_line' id='line_1_27' title="bbox 526 3290 2833 3378; baseline 0.003 -27"><span class='ocrx_word' id='word_1_221' title='bbox 526 3290 917 3372; x_wconf 90' lang='lat' dir='ltr'>paracletum</span> <span class='ocrx_word' id='word_1_222' title='bbox 986 3309 1127 3355; x_wconf 90' lang='lat' dir='ltr'>esse</span> <span class='ocrx_word' id='word_1_223' title='bbox 1191 3291 1416 3366; x_wconf 86' lang='lat' dir='ltr'>illum,</span> <span class='ocrx_word' id='word_1_224' title='bbox 1484 3309 1521 3355; x_wconf 89' lang='lat' dir='ltr'>a</span> <span class='ocrx_word' id='word_1_225' title='bbox 1588 3311 1711 3373; x_wconf 89' lang='lat' dir='ltr'>quo</span> <span class='ocrx_word' id='word_1_226' title='bbox 1779 3292 2134 3370; x_wconf 81' lang='lat' dir='ltr'>didicistis,</span> <span class='ocrx_word' id='word_1_227' title='bbox 2212 3292 2384 3375; x_wconf 89' lang='lat' dir='ltr'>quod</span> <span class='ocrx_word' id='word_1_228' title='bbox 2458 3294 2833 3378; x_wconf 86' lang='lat' dir='ltr'>euangelica</span> 
     </span>
     <span class='ocr_line' id='line_1_28' title="bbox 528 3395 2832 3484; baseline 0.002 -24"><span class='ocrx_word' id='word_1_229' title='bbox 528 3395 764 3477; x_wconf 85' lang='lat' dir='ltr'>scripta</span> <span class='ocrx_word' id='word_1_230' title='bbox 812 3415 923 3460; x_wconf 90' lang='lat' dir='ltr'>son</span> <span class='ocrx_word' id='word_1_231' title='bbox 976 3399 1127 3461; x_wconf 90' lang='lat' dir='ltr'>sunt</span> <span class='ocrx_word' id='word_1_232' title='bbox 1172 3399 1660 3481; x_wconf 78' lang='lat' dir='ltr'>apostolorum?</span> <span class='ocrx_word' id='word_1_233' title='bbox 1726 3399 2236 3482; x_wconf 87' lang='lat' dir='ltr'>quandoquidem</span> <span class='ocrx_word' id='word_1_234' title='bbox 2289 3401 2478 3466; x_wconf 87' lang='lat' dir='ltr'>etiam</span> <span class='ocrx_word' id='word_1_235' title='bbox 2527 3419 2644 3465; x_wconf 90' lang='lat' dir='ltr'>nos</span> <span class='ocrx_word' id='word_1_236' title='bbox 2689 3421 2832 3484; x_wconf 91' lang='lat' dir='ltr'>pro·</span> 
     </span>
    </p>
   </div>
   <div class='ocr_carea' id='block_1_3' title="bbox 704 3637 2196 3708">
    <p class='ocr_par' dir='ltr' id='par_1_4' title="bbox 704 3637 2196 3708">
     <span class='ocr_line' id='line_1_29' title="bbox 704 3637 2196 3708; baseline 0.003 -16"><span class='ocrx_word' id='word_1_237' title='bbox 704 3637 738 3692; x_wconf 81' lang='lat'>2</span> <span class='ocrx_word' id='word_1_238' title='bbox 777 3638 806 3692; x_wconf 98' lang='lat' dir='ltr'>I</span> <span class='ocrx_word' id='word_1_239' title='bbox 843 3637 957 3694; x_wconf 88' lang='lat' dir='ltr'>Cor.</span> <span class='ocrx_word' id='word_1_240' title='bbox 1006 3639 1055 3706; x_wconf 88' lang='grc'>7,</span> <span class='ocrx_word' id='word_1_241' title='bbox 1094 3639 1163 3694; x_wconf 88' lang='grc'>36</span> <span class='ocrx_word' id='word_1_242' title='bbox 1273 3643 1306 3694; x_wconf 88' lang='grc'>9</span> <span class='ocrx_word' id='word_1_243' title='bbox 1344 3641 1461 3697; x_wconf 92' lang='lat' dir='ltr'>Ioh.</span> <span class='ocrx_word' id='word_1_244' title='bbox 1506 3643 1587 3704; x_wconf 77' lang='lat'>14,</span> <span class='ocrx_word' id='word_1_245' title='bbox 1627 3642 1694 3696; x_wconf 88' lang='grc'>17</span> <span class='ocrx_word' id='word_1_246' title='bbox 1805 3644 1874 3697; x_wconf 80' lang='lat'>20</span> <span class='ocrx_word' id='word_1_247' title='bbox 1911 3643 2033 3698; x_wconf 85' lang='lat' dir='ltr'>Gal.</span> <span class='ocrx_word' id='word_1_248' title='bbox 2075 3646 2124 3708; x_wconf 89' lang='lat'>1,</span> <span class='ocrx_word' id='word_1_249' title='bbox 2162 3645 2196 3697; x_wconf 86' lang='grc'><strong>9</strong></span> 
     </span>
    </p>
   </div>
   <div class='ocr_carea' id='block_1_4' title="bbox 524 3807 2836 4407">
    <p class='ocr_par' dir='ltr' id='par_1_5' title="bbox 524 3807 2836 4407">
     <span class='ocr_line' id='line_1_30' title="bbox 596 3807 2832 3881; baseline 0.002 -22"><span class='ocrx_word' id='word_1_250' title='bbox 596 3808 629 3859; x_wconf 83' lang='grc'><strong>3</strong></span> <span class='ocrx_word' id='word_1_251' title='bbox 666 3807 714 3860; x_wconf 87' lang='lat' dir='ltr'>si</span> <span class='ocrx_word' id='word_1_252' title='bbox 748 3824 851 3864; x_wconf 83' lang='lat' dir='ltr'>om.</span> <span class='ocrx_word' id='word_1_253' title='bbox 888 3807 1113 3874; x_wconf 75' lang='lat' dir='ltr'><strong><em>LPSG,</em></strong></span> <span class='ocrx_word' id='word_1_254' title='bbox 1152 3811 1216 3875; x_wconf 78' lang='grc' dir='ltr'>(ε.</span> <span class='ocrx_word' id='word_1_255' title='bbox 1253 3809 1313 3876; x_wconf 78' lang='lat'>1.)</span> <span class='ocrx_word' id='word_1_256' title='bbox 1344 3810 1415 3862; x_wconf 80' lang='lat' dir='ltr'><em>M</em></span> <span class='ocrx_word' id='word_1_257' title='bbox 1590 3809 1841 3880; x_wconf 61' lang='lat' dir='ltr'>paracl&amp;</span> <span class='ocrx_word' id='word_1_258' title='bbox 1865 3809 1938 3863; x_wconf 85' lang='lat' dir='ltr'>L·</span> <span class='ocrx_word' id='word_1_259' title='bbox 1981 3810 2247 3881; x_wconf 82' lang='lat' dir='ltr'>paraclyti</span> <span class='ocrx_word' id='word_1_260' title='bbox 2277 3809 2322 3864; x_wconf 81' lang='lat' dir='ltr'><strong><em>G</em></strong></span> <span class='ocrx_word' id='word_1_261' title='bbox 2462 3810 2625 3880; x_wconf 80' lang='lat' dir='ltr'>frigia</span> <span class='ocrx_word' id='word_1_262' title='bbox 2653 3811 2700 3864; x_wconf 66' lang='grc' dir='ltr'>ἃ,</span> <span class='ocrx_word' id='word_1_263' title='bbox 2726 3809 2832 3864; x_wconf 79' lang='lat' dir='ltr'>SG</span> 
     </span>
     <span class='ocr_line' id='line_1_31' title="bbox 524 3894 2828 3968; baseline 0.002 -20"><span class='ocrx_word' id='word_1_264' title='bbox 524 3894 731 3965; x_wconf 81' lang='lat' dir='ltr'>frygiae</span> <span class='ocrx_word' id='word_1_265' title='bbox 770 3901 827 3950; x_wconf 87' lang='lat' dir='ltr'>et</span> <span class='ocrx_word' id='word_1_266' title='bbox 862 3898 917 3950; x_wconf 88' lang='lat' dir='ltr'><em>P</em></span> <span class='ocrx_word' id='word_1_267' title='bbox 947 3896 1111 3968; x_wconf 69' lang='lat' dir='ltr'>frigie</span> <span class='ocrx_word' id='word_1_268' title='bbox 1157 3897 1205 3951; x_wconf 79' lang='lat' dir='ltr'><em>G</em></span> <span class='ocrx_word' id='word_1_269' title='bbox 1236 3897 1467 3968; x_wconf 61' lang='lat' dir='ltr'>phrygia</span> <span class='ocrx_word' id='word_1_270' title='bbox 1506 3915 1567 3952; x_wconf 82' lang='lat' dir='ltr'>ex</span> <span class='ocrx_word' id='word_1_271' title='bbox 1607 3900 1638 3953; x_wconf 90' lang='lat' dir='ltr'><strong><em>b</em></strong></span> <span class='ocrx_word' id='word_1_272' title='bbox 1781 3901 1818 3953; x_wconf 79' lang='lat'>4</span> <span class='ocrx_word' id='word_1_273' title='bbox 1855 3901 2134 3954; x_wconf 87' lang='lat' dir='ltr'>euaeuerit</span> <span class='ocrx_word' id='word_1_274' title='bbox 2170 3899 2270 3955; x_wconf 68' lang='grc' dir='ltr'>ΒΘ</span> <span class='ocrx_word' id='word_1_275' title='bbox 2416 3901 2449 3953; x_wconf 84' lang='grc'><strong>5</strong></span> <span class='ocrx_word' id='word_1_276' title='bbox 2485 3899 2828 3954; x_wconf 82' lang='lat' dir='ltr'>tanto-dif-</span> 
     </span>
     <span class='ocr_line' id='line_1_32' title="bbox 524 3984 2833 4060; baseline 0.003 -26"><span class='ocrx_word' id='word_1_277' title='bbox 524 3985 677 4038; x_wconf 77' lang='lat' dir='ltr'>fusae</span> <span class='ocrx_word' id='word_1_278' title='bbox 706 4001 807 4038; x_wconf 84' lang='lat' dir='ltr'>om.</span> <span class='ocrx_word' id='word_1_279' title='bbox 844 3984 891 4038; x_wconf 81' lang='lat' dir='ltr'><strong><em>G</em></strong></span> <span class='ocrx_word' id='word_1_280' title='bbox 1020 3987 1345 4041; x_wconf 76' lang='lat' dir='ltr'>auctoritate</span> <span class='ocrx_word' id='word_1_281' title='bbox 1375 3986 1573 4042; x_wconf 69' lang='lat' dir='ltr'>danate</span> <span class='ocrx_word' id='word_1_282' title='bbox 1605 3988 1636 4041; x_wconf 84' lang='lat' dir='ltr'><strong><em>b</em></strong></span> <span class='ocrx_word' id='word_1_283' title='bbox 1747 3990 1778 4042; x_wconf 83' lang='lat'><strong>7</strong></span> <span class='ocrx_word' id='word_1_284' title='bbox 1809 3988 2071 4060; x_wconf 79' lang='lat' dir='ltr'>paraclito</span> <span class='ocrx_word' id='word_1_285' title='bbox 2107 3987 2209 4043; x_wconf 77' lang='lat' dir='ltr'>OG</span> <span class='ocrx_word' id='word_1_286' title='bbox 2317 3989 2383 4042; x_wconf 92' lang='lat'>11</span> <span class='ocrx_word' id='word_1_287' title='bbox 2412 3987 2696 4042; x_wconf 81' lang='lat' dir='ltr'>manicheo</span> <span class='ocrx_word' id='word_1_288' title='bbox 2727 3987 2833 4042; x_wconf 84' lang='lat' dir='ltr'>LG</span> 
     </span>
     <span class='ocr_line' id='line_1_33' title="bbox 528 4072 2829 4147; baseline 0.002 -21"><span class='ocrx_word' id='word_1_289' title='bbox 528 4072 593 4126; x_wconf 88' lang='grc'>12</span> <span class='ocrx_word' id='word_1_290' title='bbox 630 4072 933 4143; x_wconf 87' lang='lat' dir='ltr'>predictum</span> <span class='ocrx_word' id='word_1_291' title='bbox 978 4073 1025 4128; x_wconf 85' lang='lat' dir='ltr'>C&#39;</span> <span class='ocrx_word' id='word_1_292' title='bbox 1150 4077 1230 4140; x_wconf 92' lang='lat' dir='ltr'>(et</span> <span class='ocrx_word' id='word_1_293' title='bbox 1270 4075 1353 4143; x_wconf 89' lang='lat'>14)</span> <span class='ocrx_word' id='word_1_294' title='bbox 1395 4076 1598 4131; x_wconf 80' lang='lat' dir='ltr'>heresis</span> <span class='ocrx_word' id='word_1_295' title='bbox 1635 4076 1782 4132; x_wconf 86' lang='lat' dir='ltr'>LCS</span> <span class='ocrx_word' id='word_1_296' title='bbox 1889 4078 1954 4132; x_wconf 90' lang='lat'>13</span> <span class='ocrx_word' id='word_1_297' title='bbox 1992 4077 2259 4147; x_wconf 82' lang='lat' dir='ltr'>paraclyti</span> <span class='ocrx_word' id='word_1_298' title='bbox 2300 4076 2446 4132; x_wconf 78' lang='lat' dir='ltr'>OSG</span> <span class='ocrx_word' id='word_1_299' title='bbox 2481 4076 2734 4146; x_wconf 84' lang='lat' dir='ltr'>paracliti</span> <span class='ocrx_word' id='word_1_300' title='bbox 2771 4075 2829 4130; x_wconf 88' lang='lat' dir='ltr'><strong><em>L</em></strong></span> 
     </span>
     <span class='ocr_line' id='line_1_34' title="bbox 528 4161 2830 4237; baseline 0.003 -23"><span class='ocrx_word' id='word_1_301' title='bbox 528 4161 593 4214; x_wconf 88' lang='grc'>16</span> <span class='ocrx_word' id='word_1_302' title='bbox 632 4161 875 4232; x_wconf 81' lang='lat' dir='ltr'>perfectu</span> <span class='ocrx_word' id='word_1_303' title='bbox 918 4161 965 4215; x_wconf 83' lang='lat'><em>0</em></span> <span class='ocrx_word' id='word_1_304' title='bbox 1124 4165 1189 4216; x_wconf 82' lang='lat'>21</span> <span class='ocrx_word' id='word_1_305' title='bbox 1233 4167 1289 4217; x_wconf 90' lang='lat' dir='ltr'>et</span> <span class='ocrx_word' id='word_1_306' title='bbox 1326 4165 1612 4234; x_wconf 84' lang='lat' dir='ltr'>accepistis</span> <span class='ocrx_word' id='word_1_307' title='bbox 1651 4165 1751 4221; x_wconf 74' lang='lat' dir='ltr'>SG</span> <span class='ocrx_word' id='word_1_308' title='bbox 1943 4168 2150 4237; x_wconf 71' lang='lat' dir='ltr'>ceperit</span> <span class='ocrx_word' id='word_1_309' title='bbox 2186 4166 2233 4223; x_wconf 80' lang='lat' dir='ltr'><strong><em>S</em></strong></span> <span class='ocrx_word' id='word_1_310' title='bbox 2398 4166 2467 4220; x_wconf 83' lang='lat'>22</span> <span class='ocrx_word' id='word_1_311' title='bbox 2505 4164 2830 4220; x_wconf 78' lang='lat' dir='ltr'>anathema·</span> 
     </span>
     <span class='ocr_line' id='line_1_35' title="bbox 525 4251 2836 4327; baseline 0.003 -23"><span class='ocrx_word' id='word_1_312' title='bbox 525 4251 685 4304; x_wconf 85' lang='lat' dir='ltr'>zizari</span> <span class='ocrx_word' id='word_1_313' title='bbox 752 4251 888 4316; x_wconf 87' lang='lat' dir='ltr'>(ziza</span> <span class='ocrx_word' id='word_1_314' title='bbox 930 4267 976 4305; x_wconf 81' lang='lat' dir='ltr'>s.</span> <span class='ocrx_word' id='word_1_315' title='bbox 1029 4253 1064 4306; x_wconf 80' lang='lat' dir='ltr'>l.</span> <span class='ocrx_word' id='word_1_316' title='bbox 1114 4251 1244 4306; x_wconf 79' lang='lat' dir='ltr'>add.</span> <span class='ocrx_word' id='word_1_317' title='bbox 1292 4268 1361 4306; x_wconf 88' lang='lat' dir='ltr'>m.</span> <span class='ocrx_word' id='word_1_318' title='bbox 1410 4253 1468 4320; x_wconf 88' lang='grc'>2)</span> <span class='ocrx_word' id='word_1_319' title='bbox 1504 4253 1578 4307; x_wconf 86' lang='grc' dir='ltr'><em>Μ</em></span> <span class='ocrx_word' id='word_1_320' title='bbox 1784 4255 1852 4310; x_wconf 86' lang='grc'>26</span> <span class='ocrx_word' id='word_1_321' title='bbox 1909 4256 2230 4326; x_wconf 79' lang='lat' dir='ltr'>paracl8mm</span> <span class='ocrx_word' id='word_1_322' title='bbox 2268 4255 2344 4310; x_wconf 84' lang='lat' dir='ltr'>L¹</span> <span class='ocrx_word' id='word_1_323' title='bbox 2390 4255 2730 4327; x_wconf 77' lang='lat' dir='ltr'>paraclytum</span> <span class='ocrx_word' id='word_1_324' title='bbox 2785 4254 2836 4310; x_wconf 85' lang='lat' dir='ltr'><strong><em>C</em></strong></span> 
     </span>
     <span class='ocr_line' id='line_1_36' title="bbox 526 4339 1407 4407; baseline 0.005 -15"><span class='ocrx_word' id='word_1_325' title='bbox 526 4339 847 4407; x_wconf 86' lang='lat' dir='ltr'>paraclitum</span> <span class='ocrx_word' id='word_1_326' title='bbox 888 4339 989 4393; x_wconf 78' lang='lat' dir='ltr'>SG</span> <span class='ocrx_word' id='word_1_327' title='bbox 1098 4341 1162 4394; x_wconf 75' lang='lat'>27</span> <span class='ocrx_word' id='word_1_328' title='bbox 1207 4341 1319 4395; x_wconf 87' lang='lat' dir='ltr'>sint</span> <span class='ocrx_word' id='word_1_329' title='bbox 1360 4341 1407 4396; x_wconf 82' lang='lat' dir='ltr'><em>C</em></span> 
     </span>
    </p>
   </div>
  </div>
 </body>
</html>
