3159 4984
969 458 1056 511 v1.
1115 462 1399 513 Contra
1455 459 1822 512 Faustum
1878 458 2007 512 lib.
2064 457 2137 513 11.
2555 460 2677 524 261

405 654 637 734 quanta
712 652 1082 736 inpudentia
1153 654 1424 737 prolixas
1498 654 1644 719 illas
1712 658 1776 718 et
1839 654 2042 736 inpias
2119 653 2369 717 fabulas
2444 655 2691 715 uestras

405 759 806 843 euangelium
857 762 1246 826 nominetis?
1313 762 1465 843 quid
1513 762 1679 826 enim
1725 761 1859 826 illie
1906 759 2055 824 boni
2102 759 2529 827 adnuntiatur.
2579 758 2685 821 ubi

404 865 639 930 dicitur
683 867 840 932 deus
889 868 1196 933 aduersus
1243 868 1542 933 rebellem
1595 868 1811 933 nescio
1871 886 2059 951 quam
2120 866 2495 931 contrariam
2544 863 2693 927 alie-

406 991 678 1055 namque
749 978 1037 1038 naturam
1111 994 1233 1039 non
1301 976 1485 1039 aliter
1543 994 1739 1057 regno
1805 992 1920 1039 suo
1984 973 2271 1056 potuisse
2336 970 2691 1055 prospicere

339 1103 366 1142 ⁵
406 1084 594 1161 atque
659 1081 1006 1159 consulere,
1073 1081 1196 1145 nisi
1260 1085 1500 1164 partem
1569 1100 1723 1145 suae
1786 1084 2046 1143 naturae
2110 1080 2172 1144 in
2228 1080 2403 1143 illius
2470 1077 2687 1141 auidas

401 1184 619 1251 fauces
685 1186 1108 1252 denotandam
1173 1188 1456 1251 mitteret
1519 1191 1709 1268 atque
1771 1186 1863 1249 ita
1924 1185 2349 1268 polluendam,
2416 1188 2488 1248 ut
2540 1186 2689 1265 post

403 1296 614 1357 tantos
658 1293 908 1360 labores
949 1296 1136 1375 atque
1176 1294 1491 1357 cruciatus
1529 1314 1651 1359 non
1691 1296 1910 1375 posset
1947 1293 2173 1356 saltem
2211 1293 2347 1355 tota
2381 1288 2685 1374 purgari?

403 1397 570 1463 itane
619 1403 751 1463 tam
797 1400 1006 1465 malus
1063 1400 1322 1466 nuntius
1382 1401 1786 1483 euangelium
1846 1403 1995 1464 est?
2062 1402 2228 1463 certe
2288 1417 2524 1473 omnes,
2584 1395 2692 1478 qui

405 1522 624 1587 graece
673 1505 780 1569 uel
822 1505 1099 1570 tenuiter
1143 1509 1475 1581 nonerunt,
1527 1505 1931 1589 euangelium
1968 1504 2207 1569 bonum
2246 1504 2541 1568 nuntium
2580 1504 2692 1565 aut

313 1634 368 1674 ιο
403 1610 632 1676 bonam
679 1611 1220 1676 adnuntiationem
1265 1612 1775 1695 interpretantur.
1826 1611 2141 1693 quomodo
2182 1614 2279 1675 est
2317 1614 2530 1673 autem
2572 1610 2690 1673 iste

405 1719 612 1783 bonus
659 1719 942 1795 nuntius,
993 1718 1500 1801 quandoquidem
1539 1719 1677 1801 ipse
1717 1718 1871 1781 deus
1912 1718 2095 1782 uobis
2143 1718 2289 1781 uelo
2338 1716 2460 1781 sibi
2502 1718 2693 1798 obpo-

409 1824 532 1891 sito
579 1825 798 1908 lugere
845 1826 1172 1890 nuntiatus
1220 1828 1337 1901 est,
1369 1824 1568 1890 donec
1607 1844 1723 1889 sua
1758 1825 2040 1889 membra
2076 1826 2152 1888 ab
2192 1824 2302 1887 illa
2338 1823 2694 1889 uastatione

407 1933 472 1995 et
509 1930 1036 1996 contaminatione
1065 1934 1429 2013 reparentur
1456 1934 1645 2014 atque
1674 1932 2072 2015 purgentur?
2110 1930 2217 2013 qui
2256 1929 2311 1994 si
2350 1930 2685 2013 aliquando

406 2037 651 2101 luctum
699 2037 947 2116 finierit,
997 2038 1268 2103 crudelis
1317 2039 1452 2105 erit.
1521 2037 1674 2121 quid
1732 2039 1899 2103 enim
1956 2036 2031 2101 de
2086 2038 2197 2102 illo
2244 2038 2409 2101 male
2456 2038 2689 2101 meruit

319 2164 370 2206 15
406 2164 550 2229 pars
596 2145 708 2207 illa
755 2145 911 2222 eius,
961 2164 1118 2227 quae
1165 2146 1228 2209 in
1279 2146 1468 2228 globo
1505 2146 1859 2230 ligabitur?
1908 2164 2066 2227 quae
2113 2144 2333 2227 utique
2379 2145 2442 2208 in
2494 2150 2687 2209 aeter-

409 2271 559 2316 num
607 2251 882 2335 lugenda
919 2256 1037 2330 est,
1075 2252 1223 2335 quia
1257 2253 1320 2317 in
1361 2256 1686 2317 aeternum
1728 2252 2143 2316 damnabitur.
2195 2251 2307 2315 sed
2344 2251 2687 2328 euasimuS,

410 2358 575 2440 quod
612 2358 811 2422 istum
847 2357 1138 2422 nuntium
1179 2359 1466 2441 quisquis
1507 2358 1844 2442 diligenter
1880 2358 2240 2429 aduerterit,
2281 2377 2403 2423 non
2445 2359 2693 2443 cogitur

410 2465 649 2549 lugere,
700 2464 848 2546 quia
893 2465 1100 2528 malus
1151 2467 1263 2540 est,
1314 2465 1426 2530 sed
1471 2465 1693 2541 ridere,
1743 2466 1891 2547 quia
1934 2464 2135 2529 falsus
2184 2467 2300 2529 est.

1263 2743 1478 2799 LIBER
1515 2744 1835 2798 TERTIUS.

315 2870 372 2909 20
503 2852 558 2914 l.
635 2850 959 2921 FAL'STUS
1027 2851 1217 2915 dixit:
1283 2850 1537 2935 Accipis
1604 2871 1752 2937 ergo
1816 2852 2331 2937 generationem?
2398 2852 2691 2934 equidem

410 2962 672 3023 conatus
741 2959 848 3023 diu
915 2978 1058 3023 sum
1125 2958 1244 3022 hoc
1309 2958 1540 3041 ipsum,
1609 2958 2068 3041 qualecumque
2134 2962 2249 3025 est.
2316 2959 2691 3041 persuadere

406 3065 583 3137 mihi,
633 3064 780 3147 quia
827 3066 912 3129 sit
959 3069 1144 3130 natus
1193 3066 1368 3143 deus,
1418 3066 1532 3130 sed
1578 3067 1855 3133 offensus
1894 3067 2159 3131 duorum
2196 3068 2463 3131 maxime
2506 3086 2688 3132 euan-

407 3173 777 3255 gelistarum
835 3172 1245 3249 dissensione,
1303 3172 1412 3256 qui
1468 3173 1880 3257 genealogian
1938 3173 2074 3237 eius
2132 3171 2434 3249 scribunt,
2482 3174 2689 3237 Lucae

408 3284 474 3344 et
525 3278 855 3353 Matthaei,
913 3278 1084 3343 haesi
1145 3279 1444 3356 incertus,
1504 3299 1841 3361 quemnam
1905 3279 2311 3363 potissimum
2376 3299 2687 3363 sequerer.

313 3400 370 3439 2⁵
407 3386 542 3449 fieri
587 3385 754 3449 enim
800 3404 988 3468 posse
1034 3386 1356 3467 putabam,
1405 3389 1498 3465 ut,
1547 3386 1697 3469 quia
1740 3386 2063 3470 praescius
2108 3406 2231 3453 non
2281 3406 2443 3463 sum,
2501 3404 2689 3468 quem

405 3492 662 3556 mentiri
709 3491 1155 3569 existimarem,
1194 3492 1331 3575 ipse
1381 3493 1624 3558 diceret
1667 3513 1912 3569 uerum,
1962 3496 2025 3557 et
2072 3512 2259 3575 quem
2308 3512 2457 3557 uera
2492 3492 2691 3574 loqui,

405 3598 543 3681 ipse
589 3599 854 3663 forsitan
903 3599 1298 3663 mentiretur.
1348 3599 1597 3664 infinita
1642 3620 1791 3684 ergo
1840 3619 2059 3665 eorum
2094 3600 2543 3682 praetermissa
2578 3599 2692 3663 lite

408 3708 474 3769 et
535 3705 991 3769 interminabili
1055 3704 1215 3771 mihi
1281 3708 1358 3771 ad
1422 3707 1769 3772 Iohannem
1826 3708 2238 3788 Marcumque
2294 3726 2395 3770 me
2452 3706 2696 3770 contuli

323 3802 328 3807 ’
403 3830 520 3875 nec
563 3810 869 3895 inpariter
915 3830 950 3875 a
989 3812 1238 3878 duobus
1277 3812 1354 3876 ad
1395 3813 1576 3891 duca,
1618 3817 1684 3878 et
1720 3814 1797 3877 ab
1837 3812 2251 3895 euangelistis
2290 3812 2369 3876 ad
2407 3812 2692 3877 eiusdem

311 3936 370 3975 ³0
404 3918 676 3982 nominis
731 3918 1140 4001 professores.
1209 3938 1478 4002 quorum
1533 3920 1695 3985 mihi
1749 3919 2056 4004 principia
2109 3920 2363 3984 interim
2421 3937 2545 3983 non
2599 3918 2691 3981 in-

583 4076 651 4129 23
691 4076 756 4131 cf.
793 4077 990 4131 Matth.
1033 4078 1079 4143 1,
1122 4079 1147 4131 1
1190 4095 1306 4147 sqq.
1345 4078 1472 4131 Luc.
1513 4078 1562 4143 3,
1602 4080 1671 4132 23
1710 4096 1826 4149 sqq.

473 4203 506 4254 5
519 4201 816 4255 natureLC
869 4204 898 4254 7
913 4203 1092 4257 saltim
1104 4204 1258 4257 LSG
1347 4208 1466 4259 tota
1478 4206 1563 4270 (in
1577 4221 1745 4273 mar-9.
1762 4204 1919 4267 add.)
1934 4202 1981 4257 S
2030 4204 2063 4257 8
2074 4204 2210 4273 tam]
2223 4203 2277 4257 ia
2288 4202 2319 4256 b
2376 4204 2409 4256 9
2421 4200 2695 4271 greceLC

475 4292 546 4343 20
564 4307 679 4361 cap.
699 4290 776 4344 Vl
797 4290 1070 4345 LSPMG
1179 4292 1246 4345 23
1278 4292 1654 4363 genealogiam
1674 4290 1894 4346 SMGG
2003 4293 2071 4344 ⁶24
2100 4291 2329 4345 matthei
2349 4291 2401 4344 L
2428 4289 2631 4361 mathei
2648 4290 2695 4343 C

403 4380 545 4434 haesi
567 4386 618 4444 (a
640 4380 732 4434 εν.)
755 4380 828 4432 Μ
896 4382 962 4433 25
985 4381 1285 4451 presciusL
1359 4382 1426 4435 29
1449 4381 1516 4435 ad
1539 4384 1691 4448 (ante
1711 4380 1995 4448 eiusdem]
2019 4384 2073 4433 et
2094 4378 2125 4431 b
2200 4380 2270 4433 30
2290 4380 2505 4433 interim
2528 4396 2629 4433 om.
2648 4378 2695 4432 0
