3159 4984
288 1649 338 1684 1⁰

288 2177 336 2216 15

291 3243 341 3284 25

889 468 980 522 vl.
1039 468 1328 523 contra
1383 470 1755 523 Faustum
1811 469 1939 522 lib.
1978 468 2151 522 xxn.
2550 453 2672 534 '681

378 661 633 726 caedem
703 666 767 726 et
830 661 992 726 hanc
1056 681 1308 744 precem
1373 661 1552 726 uidet
1616 662 1903 745 profecto
1969 662 2404 744 apertissime,
2480 664 2678 742 uidet,

379 772 684 850 quantum
729 769 972 832 malum
1020 770 1106 834 sit
1143 770 1388 834 animae
1426 789 1538 851 per
1572 769 1913 834 simulacra
1950 768 2327 834 daemonum
2364 771 2677 848 fornicari,

379 875 628 958 quando
678 876 771 940 sic
819 875 1048 954 saeuit,
1097 877 1206 958 qui
1254 876 1348 942 sic
1395 879 1585 940 amat.
1655 875 1747 940 sic
1802 876 1987 958 plane
2046 878 2110 940 et
2170 878 2499 959 apostolus
2556 897 2679 942 non

378 982 736 1060 crudeliter,
767 982 882 1047 sed
909 983 1268 1047 amabiliter
1293 981 1555 1046 tradidit
1592 982 1912 1047 hominem
1951 985 2208 1046 satanae
2244 982 2308 1046 in
2344 983 2675 1048 interitum

379 1091 600 1168 carniS,
651 1093 724 1154 ut
771 1090 1034 1173 spiritus
1084 1091 1304 1154 saluus
1363 1091 1449 1154 sit
1503 1090 1565 1154 in
1625 1090 1725 1154 die
1784 1089 2024 1154 domini
2068 1090 2237 1155 Iesu.
2306 1089 2569 1154 tradidit
2616 1095 2681 1156 et

377 1197 556 1274 alioS,
605 1200 681 1261 ut
727 1197 1044 1262 discerent
1085 1217 1210 1263 non
1257 1197 1718 1280 blasphemare.
1764 1197 1993 1280 legunt
2038 1197 2385 1280 scripturas
2424 1216 2677 1281 apocry-

377 1304 533 1386 phas
597 1303 958 1369 Manichaei
1025 1323 1062 1368 a
1125 1303 1340 1369 nescio
1417 1304 1650 1387 quibus
1724 1303 2050 1368 sutoribus
2124 1303 2482 1368 fabularum
2557 1306 2676 1370 sub

377 1411 807 1494 apostolorum
856 1410 1110 1476 nomine
1158 1411 1466 1493 scriptas:
1516 1430 1677 1492 quae
1718 1430 1977 1476 suorum
2017 1411 2399 1493 scriptorum
2434 1414 2678 1493 tempo-

375 1517 550 1582 ribus
603 1517 669 1580 in
727 1517 1172 1582 auctoritatem
1230 1520 1486 1582 sanctae
1543 1517 1850 1582 ecclesiae
1905 1517 2101 1600 recipi
2156 1521 2564 1596 mererentur,
2625 1519 2678 1584 si

379 1624 580 1688 sancti
629 1627 693 1688 et
738 1623 911 1689 docti
956 1623 1268 1702 homineS,
1318 1623 1428 1706 qui
1472 1626 1629 1688 tunc
1674 1623 1739 1686 in
1785 1623 1905 1688 hac
1951 1623 2087 1688 uita
2125 1627 2302 1688 erant
2338 1635 2405 1688 et
2450 1627 2678 1690 exami-

378 1749 523 1795 nare
577 1729 734 1794 talia
786 1733 1099 1813 poterant,
1163 1749 1270 1795 eos
1327 1748 1478 1794 uera
1529 1731 1782 1795 locutos
1840 1749 1980 1796 esse
2045 1734 2521 1815 cognoscerent.
2586 1731 2677 1796 ibi

375 1841 588 1901 tamen
661 1837 890 1920 legunt
961 1838 1324 1919 apostolum
1387 1836 1731 1914 Thomam‚
1810 1857 1954 1902 cum
2030 1840 2204 1902 esset
2272 1838 2339 1902 in
2405 1837 2679 1920 quodam

377 1944 738 2027 nuptiarum
785 1943 1081 2008 conuiuio
1129 1943 1500 2027 peregrinus
1559 1947 1623 2008 et
1674 1963 1935 2026 prorsus
1992 1944 2377 2028 incognitus,
2436 1963 2473 2008 a
2527 1964 2679 2026 quo-

377 2049 522 2114 dam
596 2049 888 2115 ministro
972 2051 1186 2132 palma
1251 2069 1627 2132 percussum
1710 2050 2105 2133 inprecatum
2169 2051 2370 2116 fuisse
2434 2052 2677 2116 homini

379 2157 744 2223 continuam
809 2175 1194 2239 saeuamque
1249 2157 1621 2222 uindictam.
1689 2177 1835 2222 nam
1892 2177 2037 2223 cum
2095 2177 2392 2242 egressus
2448 2159 2681 2226 fuisset

377 2263 456 2327 ad
517 2263 780 2340 fontem,
845 2262 1014 2327 unde
1071 2282 1300 2345 aquam
1357 2262 1849 2328 conuiuantibus
1903 2263 2311 2342 ministraret,
2377 2285 2523 2330 eum
2577 2267 2677 2332 leo

374 2371 630 2436 inruens
693 2369 1019 2434 interemit
1081 2389 1468 2452 manumque
1535 2371 1702 2448 81118,
1770 2389 1895 2453 qua
1957 2379 2151 2452 caput
2213 2373 2489 2454 apostoli
2549 2374 2681 2438 leui

374 2479 510 2542 ictu
564 2479 984 2560 percusserat.
1035 2495 1072 2540 a
1119 2495 1376 2559 corpore
1435 2477 1727 2542 auulsam
1786 2476 2137 2542 secundum
2194 2480 2461 2544 uerbum
2517 2480 2679 2546 eius-

377 2584 518 2650 dem
567 2585 842 2667 apostoli
875 2584 942 2648 id
982 2585 1262 2667 optantis
1301 2589 1492 2668 atque
1529 2585 1915 2668 inprecantis
1954 2585 2127 2650 canis
2163 2585 2386 2649 intulit
2418 2586 2679 2664 111811818,

374 2693 439 2755 111
486 2690 720 2774 quibus
766 2691 904 2774 ipse
953 2691 1400 2756 discumbebat
1445 2692 1796 2774 apostolus
1846 2692 1999 2774 quid
2044 2692 2166 2757 hoc
2210 2691 2415 2755 uideri
2462 2691 2679 2757 crude-

373 2799 501 2863 lius
559 2801 824 2881 potest?
893 2817 1117 2864 uerum
1181 2799 1332 2882 quia
1393 2798 1504 2876 ibi,
1569 2798 1693 2864 nisi
1757 2802 1969 2864 tamen
2032 2799 2239 2878 fallor,
2301 2799 2424 2863 hoc
2488 2798 2680 2864 etiam

376 2905 684 2988 scriptum
750 2910 884 2984 est,
954 2906 1125 2988 quod
1189 2907 1248 2971 ei
1309 2901 1564 2970 ueniam
1628 2905 1692 2969 in
1760 2907 2017 2972 saeculo
2078 2905 2293 2970 futuro
2356 2903 2677 2987 petiuerit,

375 3012 544 3077 facta
589 3014 690 3076 est
736 3013 1146 3094 conpensatio
1193 3013 1488 3078 beneficii
1531 3012 1811 3090 maioris,
1860 3015 1937 3076 ut
1983 3014 2047 3076 et
2093 3012 2446 3093 apostolus,
2485 3029 2675 3093 quam

375 3137 559 3184 carus
607 3117 726 3182 deo
776 3121 968 3195 esset,
1011 3137 1122 3202 per
1165 3118 1336 3183 hunc
1382 3118 1679 3183 timorem
1726 3117 2279 3184 commendaretur
2321 3117 2561 3200 ignotis
2611 3120 2676 3181 et

373 3225 474 3289 illi
517 3227 668 3307 post
711 3225 875 3289 hanc
929 3225 1135 3288 uitam
1192 3224 1570 3306 quandoque
1628 3222 1969 3288 finiendam
2024 3223 2088 3288 in
2148 3226 2475 3288 aeternum
2532 3243 2676 3290 con-

373 3333 709 3397 suleretur.
775 3334 994 3395 utrum
1059 3331 1174 3396 illa
1253 3350 1409 3396 uera
1471 3330 1559 3396 sit
1643 3334 1754 3395 aut
1820 3331 2091 3396 conficta
2154 3329 2451 3408 narratio,
2516 3330 2677 3395 nihil

371 3458 516 3504 mea
586 3458 756 3504 nunc
826 3438 1117 3503 interest.
1195 3441 1366 3503 certe
1433 3439 1603 3503 enim
1666 3436 2059 3516 Manichaei,
2128 3455 2165 3500 a
2229 3436 2462 3520 quibus
2526 3438 2675 3502 illae

374 3546 744 3629 scripturae,
794 3563 953 3628 quas
1001 3563 1202 3610 canon
1251 3543 1729 3610 ecclesiasticus
1775 3543 2045 3627 respuit,
2101 3546 2429 3626 tamquam
2484 3561 2674 3607 uerae

552 3791 585 3842 5
622 3789 690 3844 cf.
727 3793 756 3845 Ι
794 3787 916 3844 Cor.
952 3789 1004 3855 ὃ,
1044 3788 1078 3842 5
1185 3787 1222 3842 6
1259 3787 1327 3843 cf.
1364 3791 1392 3846 1
1431 3787 1568 3843 Tim.
1613 3787 1662 3852 1,
1700 3787 1772 3842 20

443 3940 473 3992 1
514 3947 666 4009 pcem
693 3937 749 3992 L
893 3938 1047 3992 uidet
1083 3939 1326 4009 profecto
1366 3938 1448 4009 (in
1483 3939 1609 4007 my.)
1645 3937 1696 3992 G'·
1842 3937 2291 4008 apertissimeque
2331 3937 2362 3989 b
2508 3936 2541 3989 2
2580 3937 2671 3992 de-

369 4043 588 4082 monum
632 4027 680 4082 0
783 4029 818 4082 3
855 4029 1000 4082 seuit
1041 4027 1091 4082 Ο
1229 4029 1424 4100 planae
1461 4027 1518 4092 (a
1555 4043 1674 4096 emp.
1710 4043 1783 4082 m.
1822 4029 1883 4094 2)
1923 4029 1977 4082 L
2092 4027 2125 4081 6
2164 4025 2535 4098 apochryphas
2574 4024 2676 4082 Sa

370 4115 688 4187 apocriphas
727 4118 773 4172 Ο
806 4117 1126 4188 apochryfas
1163 4115 1292 4170 LM
1415 4117 1446 4170 7
1485 4115 1755 4170 manichei
1790 4115 1894 4171 LC'
2034 4131 2069 4168 a
2106 4114 2300 4186 quibus
2342 4119 2397 4180 (a
2433 4115 2565 4170 add.
2602 4131 2674 4168 m.

371 4206 430 4272 2)
471 4203 518 4260 S
622 4206 654 4260 9
692 4205 964 4260 oecclesiae
1008 4204 1058 4259 0
1187 4206 1253 4259 11
1295 4221 1412 4260 esse
1447 4205 1662 4259 locutos
1706 4203 1755 4258 0
1887 4204 1953 4258 14
1991 4204 2269 4273 inpcatum
2315 4203 2363 4257 C
2486 4203 2553 4258 15
2590 4219 2675 4258 se-

367 4310 602 4364 uamque
630 4294 684 4348 L
710 4302 842 4349 seua
877 4309 921 4348 8.
953 4295 986 4348 l.
1019 4293 1090 4346 M
1194 4295 1262 4349 19
1289 4295 1561 4365 inpcantis
1590 4293 1643 4348 L
1753 4294 1821 4348 23
1852 4293 1927 4364 et]
1958 4293 2010 4348 81
2038 4293 2071 4346 b
2180 4292 2248 4346 27
2276 4291 2545 4346 manichei
2573 4291 2675 4345 Lo

369 4383 439 4436 28
477 4383 891 4438 aecclesiasticus
935 4383 982 4436 Ο
1121 4399 1250 4438 uere
1286 4383 1339 4438 L
