3159 4984
791 461 854 513 V.
913 458 1200 515 Contra
1257 459 1689 530 epistulam
1747 456 2267 511 fundamenti.
2526 458 2654 519 203

369 676 524 721 suae
581 656 936 720 desiderata
993 655 1386 719 sollemnitas
1443 654 1827 720 honoraret?
1892 654 2013 719 hoc
2070 652 2237 717 enim
2294 651 2478 716 nobis
2527 657 2659 713 erat

362 763 430 826 in
476 762 592 826 illa
634 761 908 826 bematis
958 761 1324 824 celebritate
1372 762 1827 845 gratissimum.
1887 760 2055 843 quod
2102 779 2213 843 pro
2260 757 2496 841 pascha
2540 757 2658 821 fre-

365 870 810 951 quentabatur,
859 870 1156 950 quoniam
1204 868 1649 933 uehementius
1697 868 2213 933 desiderabamus
2260 865 2443 929 illum
2492 863 2657 927 diem

364 978 600 1041 festum
650 977 974 1041 subtracto
1024 976 1169 1049 alio,
1219 975 1324 1057 qui
1373 976 1623 1039 solebat
1670 994 1809 1039 esse
1859 972 2293 1038 dulcissimus.

293 1108 324 1143 ε,
459 1085 518 1147 9.
583 1084 880 1149 Fortasse
929 1082 1104 1147 dicas
1151 1081 1348 1148 mihi:
1418 1082 1669 1164 quando
1718 1099 1865 1164 ergo
1913 1079 2093 1145 uenit
2139 1096 2177 1142 a
2222 1077 2474 1142 domino
2520 1095 2659 1160 pro-

367 1190 608 1255 missus
655 1190 1069 1271 paracletus?
1135 1187 1238 1251 hic
1288 1207 1406 1271 ego
1455 1188 1510 1252 si
1557 1206 1682 1253 non
1730 1187 2026 1256 habetem
2075 1184 2267 1249 aliud.
2318 1183 2487 1266 quod
2534 1201 2659 1247 cre-

367 1297 598 1366 derem,
656 1296 910 1359 facilius
976 1314 1122 1359 eum
1189 1293 1398 1361 adhuc
1467 1296 1812 1357 uenturum
1866 1296 2260 1376 expectarem
2316 1309 2507 1372 quam
2552 1308 2663 1372 per

365 1402 812 1467 Manichaeum
862 1401 1119 1466 uenisse
1184 1399 1612 1466 concederem.
1678 1418 1845 1465 nunc
1888 1418 2040 1464 uero
2090 1417 2236 1463 cum
2289 1397 2354 1461 in
2410 1396 2657 1461 actibus

368 1510 798 1592 apostolorum
829 1507 1352 1573 manifestissime
1384 1508 1587 1572 sancti
1616 1507 1878 1590 spiritus
1898 1505 2295 1589 praedicetur
2324 1503 2656 1579 aduentus,

275 1638 330 1679 ιο
367 1634 526 1698 quae
591 1636 694 1681 me
759 1616 1109 1681 necessitas
1177 1616 1352 1699 cogit
1415 1615 1751 1679 haereticis
1808 1617 1938 1677 tam
1994 1612 2350 1696 periculose
2408 1612 2473 1674 et
2526 1614 2658 1673 tam

366 1724 551 1787 facile
621 1722 922 1787 credere?
987 1722 1052 1786 in
1120 1722 1280 1787 libro
1349 1722 1518 1787 enim
1583 1724 1932 1787 memorato
1998 1719 2091 1784 sic
2157 1719 2465 1802 scriptum
2523 1720 2656 1781 est:

365 1832 684 1914 primum
715 1830 1015 1913 quidem
1045 1849 1464 1896 sermonem
1495 1830 1819 1894 fecimus
1850 1828 1937 1893 de
1967 1828 2333 1892 omnibus
2366 1846 2401 1890 o
2432 1824 2655 1889 Theo-

365 1938 601 2020 phile.
653 1955 838 2018 quae
889 1936 1140 2018 coepit
1185 1935 1404 2001 Iesus
1458 1936 1701 1999 facere
1750 1937 1823 1999 et
1870 1934 2135 1999 docere
2189 1933 2263 1997 in
2322 1932 2460 2003 die,
2518 1950 2661 2013 qua

366 2046 760 2126 apostolos
818 2042 1056 2127 elegit
1127 2062 1258 2125 per
1321 2042 1679 2125 spiritum
1746 2044 2088 2107 sanctum
2146 2044 2218 2104 et
2272 2038 2661 2123 praecepit

277 2151 812 2233 u-praedicare
888 2150 1395 2233 euangelium.
1481 2150 1758 2232 quibus
1832 2148 2185 2232 praebuit
2256 2166 2334 2211 se
2398 2146 2658 2209 uiuum

367 2260 542 2341 post
587 2256 1020 2341 passionem
1076 2258 1149 2321 in
1205 2257 1474 2321 multis
1541 2256 2009 2340 argumentis
2068 2256 2385 2329 dicrum,
2444 2252 2658 2317 uisus

369 2368 488 2428 est
535 2364 646 2428 eis
693 2382 824 2448 per
871 2363 1033 2429 dies
1082 2363 1587 2448 quadraginta
1636 2366 1708 2428 et
1762 2364 2037 2428 docens
2096 2362 2180 2427 de
2235 2381 2461 2446 regno
2520 2359 2657 2433 dei,

369 2470 742 2553 quomodo
792 2474 1298 2535 conuersatus
1348 2470 1455 2535 sit
1499 2469 1867 2535 cumillis
1908 2473 1982 2533 et
2018 2466 2493 2551 praeceperit
2528 2467 2658 2543 eis,

371 2597 455 2641 ne
506 2576 994 2641 discederent
1041 2576 1127 2641 ab
1173 2575 1761 2659 Hierosolymis,
1811 2574 1941 2639 sed
1988 2574 2463 2638 sustinerent
2508 2572 2659 2653 pol-

278 2698 330 2737 ιο
366 2684 878 2749 licitationem
924 2683 1188 2766 patris,
1228 2700 1445 2765 quam
1495 2682 1849 2759 audistis,
1888 2681 2143 2763 inquit
2181 2700 2283 2753 ,ex
2321 2698 2443 2744 ore
2481 2679 2657 2742 meo'

367 2790 724 2873 quoniam
761 2789 1138 2855 Iohannes
1178 2789 1478 2871 quidem
1517 2788 1953 2871 baptizauit
1989 2807 2197 2871 aqua,
2236 2807 2372 2852 uos
2412 2792 2659 2853 autem

371 2896 656 2978 spiritu
705 2899 972 2961 sancto
1011 2895 1414 2980 incipietis
1450 2896 1857 2978 baptizari:
1907 2914 2121 2977 quem
2163 2897 2235 2958 et
2273 2895 2661 2978 accepturi

368 3002 572 3068 estis
610 3022 750 3068 non
789 3007 964 3087 post
999 3005 1284 3069 multos
1325 3004 1488 3069 dies
1524 3004 1721 3069 istos
1758 3022 1995 3085 usque
2026 3002 2113 3067 ad
2141 3005 2657 3085 pentecosten.

365 3110 495 3174 illi
571 3110 870 3193 quidem
968 3130 1136 3176 cum
1201 3111 1633 3178 uenissent.
1698 3110 2279 3195 interrogabant
2344 3128 2507 3173 eum
2572 3109 2671 3173 di-

257 3234 336 3277 1⁵
369 3221 663 3283 centes:
722 3217 1042 3294 domine,
1103 3218 1168 3283 si
1223 3218 1364 3283 hoc
1420 3219 1492 3282 in
1550 3222 1886 3301 tempore
1940 3216 2663 3299 repraesentabe1·iS‚

548 3376 614 3430 12
651 3374 772 3431 Act.
813 3376 862 3430 1.
902 3376 932 3429 1
972 3392 1090 3446 sqq.

440 3504 466 3553 1
509 3499 860 3569 solempnitas
907 3498 1011 3553 VT
1115 3500 1149 3553 2
1177 3516 1272 3569 pro
1303 3516 1407 3553 om.
1439 3497 1638 3552 SVOL
1675 3496 1821 3568 perb
1968 3496 2415 3567 frequentabatur
2453 3496 2669 3563 (abatur

365 3590 428 3643 in
460 3593 596 3657 ras.)
627 3588 696 3642 H
796 3592 830 3643 4
859 3588 1057 3642 festum
1099 3592 1155 3653 (u
1192 3604 1314 3658 sup.
1341 3593 1390 3655 e)
1422 3587 1491 3641 H
1631 3586 1865 3653 debebat
1906 3604 2023 3641 esse
2062 3585 2273 3641 solebat
2309 3586 2362 3639 V
2466 3588 2498 3639 5
2528 3584 2577 3639 K
2606 3586 2673 3640 H

370 3678 526 3733 uenit
565 3681 612 3745 (τ
649 3678 714 3732 in
756 3680 892 3739 ras.)
933 3676 1000 3731 H
1175 3676 1208 3731 8
1261 3676 1548 3731 concedere
1593 3678 1641 3729 T
1814 3676 1847 3729 9
1897 3675 2237 3745 'praedicetur
2285 3682 2434 3744 (prae
2472 3691 2515 3729 s.
2556 3675 2591 3728 l.
2631 3692 2669 3727 a

365 3784 434 3822 m.
473 3770 527 3838 2)
571 3766 620 3819 Τ
763 3768 832 3821 10
867 3767 1122 3821 hereticis
1161 3768 1277 3820 ΗΡ
1415 3766 1474 3819 11
1517 3764 1775 3819 scribtum
1813 3764 1869 3817 P
2008 3764 2070 3816 12
2110 3760 2418 3832 Capitulum
2460 3762 2590 3815 add.
2631 3779 2669 3817 a

364 3857 638 3911 m.2ante
654 3856 884 3927 primum
904 3855 952 3909 T
1049 3853 1512 3910 feciHTCSVLb
1603 3854 1845 3923 teophile
1864 3853 1911 3906 Τ
1928 3851 2213 3906 theofileP
2286 3839 2458 3905 13i—hs
2496 3839 2595 3922 sps
2622 3850 2675 3903 V

358 3953 486 4015 post
533 3946 721 4001 docere
759 3946 794 3999 2
833 3947 934 3999 litt.
974 3960 1112 3999 eras.
1159 3946 1210 3997 T
1397 3946 1463 3998 14
1501 3944 1672 4015 elegit
1708 3941 1982 4013 apostolos
2030 3940 2079 3994 T
2274 3942 2341 3995 15
2381 3956 2438 3994 se
2474 3940 2597 4009 ipsu
2636 3940 2667 3994 b

371 4038 435 4091 17
465 4042 598 4105 post
631 4035 720 4090 dei
758 4035 889 4089 add.
921 4039 977 4089 et
1003 4034 1294 4087 HTVCSb
1391 4033 1455 4087 18
1485 4033 1578 4103 sit]
1610 4036 1693 4087 est
1731 4032 1783 4086 V
1922 4031 2198 4102 praecepit
2235 4030 2288 4083 V
2386 4031 2453 4084 19
2490 4030 2665 4083 hiero-

368 4126 575 4181 solimis
611 4126 677 4179 H
708 4124 1180 4201 ierosolymitanis
1229 4123 1281 4175 V
1313 4122 1673 4177 iherosolimis
1716 4122 1766 4176 T
1879 4120 1950 4176 20
1985 4118 2177 4190 inquid
2214 4118 2273 4173 H
2382 4119 2453 4172 22
2491 4116 2669 4188 bapti-

369 4230 486 4269 zare
533 4214 613 4267 Tb
758 4218 812 4267 et
851 4213 1124 4294 incipietis
1163 4212 1434 4281 accepturi
1480 4210 1532 4265 V
1674 4212 1745 4264 24
1800 4226 1965 4281 quum
2012 4209 2067 4263 P
2208 4208 2589 4263 conuenientes
2636 4206 2669 4260 b

372 4302 452 4368 (in
487 4320 656 4372 ’κατ-9.
696 4303 766 4357 al.
805 4319 922 4355 curn
963 4302 1363 4365 conuenissent)
1513 4300 1585 4355 25
1641 4300 1699 4354 in
1754 4299 1857 4353 hoc
1910 4298 1957 4351 Y
2118 4297 2572 4368 representaueris
2607 4296 2677 4349 H

369 4391 763 4461 representabis
803 4392 832 4445 b
