3159 4984
513 449 643 511 410
1198 444 1249 495 S.
1306 442 1600 495 Aureli
1658 440 2126 510 Augustini

511 641 795 723 probare,
826 639 1009 703 nihil
1068 638 1315 702 curauit
1372 636 1724 701 ostendere.
1791 654 1907 701 nos
1964 639 2178 699 autem
2237 634 2478 699 scimus
2533 634 2802 720 Moysen

516 746 725 811 omnia
807 764 955 810 uere
1024 744 1239 809 diuina
1301 746 1402 828 pie
1468 743 1767 807 laudasse
1825 746 1890 807 et
1943 762 2055 823 pro
2122 742 2224 807 sui
2287 742 2594 824 temporis
2659 760 2805 807 con·

513 853 803 937 gruentia
858 871 1135 933 suaeque
1184 850 1676 934 dispensationis
1724 850 1926 933 gratia
1988 850 2156 915 iuste
2212 850 2488 914 humana
2540 849 2798 915 rexisse.

514 960 768 1043 exigant
811 959 941 1035 isti,
991 963 1066 1021 ut
1102 958 1222 1024 hoc
1263 957 1544 1033 doceam,
1587 976 1734 1022 cum
1773 958 1838 1021 et
1871 956 1998 1039 ipsi
2035 956 2260 1021 docere
2299 956 2510 1021 conati
2546 957 2804 1034 fuerint,

514 1067 683 1150 quod
728 1066 1007 1131 Faustus
1056 1065 1271 1141 obicit,
1322 1069 1505 1129 caute
1553 1065 1831 1146 quidem,
1887 1066 1962 1127 ut
2018 1066 2151 1128 erat
2212 1066 2459 1141 acutus,
2519 1063 2632 1129 sed
2686 1064 2810 1129 hoc
2871 1082 2904 1121 ⁵

510 1176 849 1248 incautus,
919 1172 1068 1255 quia
1132 1191 1250 1237 suo
1316 1172 1606 1235 acumine
1674 1190 1742 1237 se
1806 1171 2176 1254 perimebat.
2251 1171 2401 1235 felix
2465 1172 2633 1235 enim
2699 1190 2811 1237 cor

512 1282 772 1345 acutum
820 1278 897 1342 ad
944 1278 1303 1356 ueritatem,
1342 1277 1561 1342 infelix
1609 1282 1828 1343 contra
1871 1278 2229 1345 ueritatem.
2277 1297 2402 1343 non
2450 1278 2607 1343 dixit
2659 1279 2808 1356 „ho-

511 1386 757 1449 minum
827 1385 987 1449 nulli
1051 1403 1355 1465 umquam
1414 1384 1804 1465 deorumque
1876 1385 2284 1467 pepercerit,“
2350 1385 2462 1449 sed
2527 1385 2808 1461 „huma—

512 1500 833 1567 norum,“
888 1491 1115 1573 inquit,
1174 1494 1287 1566 „et
1335 1490 1824 1557 diuinorum.⁴‘
1891 1492 1947 1556 si
1994 1492 2160 1556 enim
2209 1492 2446 1556 diceret
2493 1510 2641 1556 eum
2687 1489 2806 1555 deo

511 1618 633 1663 non
680 1596 1062 1680 pepercisse,
1110 1596 1296 1660 facile
1345 1596 1826 1661 conuinceretur
1868 1596 2066 1661 falsae
2127 1597 2603 1674 criminatiouiS,
2662 1615 2809 1661 cum
2851 1612 2910 1651 ιο

510 1705 767 1789 Moyses
798 1704 1193 1767 inueniretur
1222 1704 1457 1785 ubique
1488 1704 1792 1768 honorare
1833 1721 1905 1767 ao
1942 1704 2300 1786 praedicare
2339 1702 2530 1767 deum
2556 1721 2806 1777 uerum,

513 1811 621 1894 qui
666 1810 823 1875 fecit
873 1811 1120 1875 caelum
1179 1815 1244 1873 et
1299 1812 1553 1874 terram.
1623 1811 1678 1874 si
1745 1814 1960 1874 autem
2026 1809 2264 1875 diceret
2325 1810 2487 1873 nulli
2545 1808 2806 1873 deorum

510 1918 890 2003 pepercisse,
946 1916 1241 1999 proderet
1288 1936 1357 1980 se
1406 1916 1768 1982 christianis
1813 1917 1964 1982 illos
2014 1917 2166 1982 deos
2215 1917 2442 1992 colere,
2489 1935 2526 1979 a
2571 1915 2806 1998 quibus

512 2025 846 2090 adorandis
912 2023 1172 2106 Moyses
1247 2024 1578 2107 prohibet,
1658 2028 1846 2106 atque
1910 2025 2004 2089 ita
2068 2026 2186 2089 sub
2255 2024 2388 2088 alas
2455 2023 2808 2087 catholicae

512 2132 735 2197 matris
780 2132 981 2215 pullis
1028 2130 1425 2215 fugientibus
1474 2151 1598 2196 non
1657 2136 2086 2215 congregaret,
2144 2150 2305 2213 quae
2361 2151 2486 2196 non
2539 2129 2806 2213 peperit.
2849 2146 2904 2185 ιε

514 2243 588 2303 ut
634 2258 780 2323 ergo
819 2238 1085 2303 insidias
1124 2238 1415 2303 tenderet
1448 2238 1758 2322 paruulis,
1797 2238 1955 2302 dixit
1991 2237 2350 2303 diuinorum
2390 2238 2552 2302 nulli
2587 2256 2808 2319 peper-

517 2348 680 2411 cisse
736 2346 1023 2428 Moysen,
1093 2365 1216 2428 quo
1282 2348 1550 2428 possent
1613 2363 1817 2427 neque
1883 2344 2210 2410 christiani
2273 2349 2488 2429 aperto
2547 2344 2810 2409 deorum

515 2455 693 2519 cultu
741 2454 962 2537 fugere
1000 2452 1373 2535 inpietatem
1412 2452 1684 2517 istorum
1722 2453 1911 2517 nimis
1951 2454 2390 2518 abhorrentem
2429 2472 2466 2515 a
2500 2450 2810 2535 religione

515 2561 858 2626 christiana
924 2564 990 2625 et
1051 2560 1281 2643 pagani
1352 2560 1442 2625 eis
1503 2560 1718 2625 fauere
1787 2560 2093 2625 aduersus
2157 2580 2301 2637 noS,
2369 2560 2480 2642 qui
2542 2560 2809 2642 Moysen

514 2668 751 2732 scirent
796 2670 1015 2732 contra
1058 2665 1232 2731 idola
1280 2669 1348 2731 et
1392 2670 1612 2731 contra
1669 2666 1820 2731 deos
1879 2668 2188 2750 gentium,
2247 2686 2408 2749 quae
2469 2668 2620 2731 sunt
2665 2665 2810 2729 dae·
2851 2680 2908 2719 ιο

513 2774 744 2851 monia,
792 2774 1001 2837 multa
1046 2792 1199 2838 uera
1247 2776 1313 2837 et
1358 2773 1549 2857 digna
1597 2773 1848 2837 dixisse.
1960 2852 1963 2855 ,

606 2882 708 2945 10.
778 2880 961 2960 Quod
1028 2882 1083 2945 si
1146 2880 1291 2944 istis
1360 2880 1677 2963 displicet,
1735 2883 1948 2963 aperte
2006 2899 2074 2944 se
2129 2880 2448 2945 fateantur
2492 2879 2810 2945 idolorum

512 2990 618 3053 uel
652 2988 1129 3053 daemoniorum
1164 3006 1304 3051 esse
1336 2987 1641 3050 cultores:
1688 2986 1856 3067 quod
1895 2987 2155 3068 quidem
2200 2986 2564 3071 ignoranter
2591 2990 2811 3049 essent

515 3115 587 3160 eo
653 3096 793 3177 ipso
861 3096 1021 3172 solo,
1072 3093 1243 3175 quod
1309 3096 1525 3157 essent
1588 3093 1910 3157 haeretici.
1979 3093 2054 3157 de
2118 3094 2357 3159 talibus
2423 3094 2590 3157 enim
2655 3092 2817 3156 dixit

515 3202 887 3283 apostolus:
929 3201 1105 3283 quia
1139 3200 1213 3264 in
1253 3199 1710 3265 nouissimis
1747 3200 2220 3283 temporibus
2258 3201 2617 3265 recedent
2653 3200 2808 3281 qui·
2855 3216 2913 3255 εὖ

519 3308 683 3372 dam
734 3327 769 3372 a
815 3308 993 3385 fide,
1042 3308 1535 3373 intendentes
1589 3308 1997 3390 spiritibus
2049 3307 2608 3384 seductoribuS,
2648 3306 2810 3371 doc-

512 3414 744 3479 trinis
812 3414 1379 3480 daemoniorum
1444 3414 1517 3478 in
1583 3413 1976 3497 hypocrisi
2031 3414 2808 3495 mendaciloquorum.

516 3520 624 3604 qui
675 3522 842 3585 enim
890 3522 1015 3586 nisi
1064 3522 1427 3587 daemones
1478 3521 1710 3602 quibus
1759 3524 1860 3585 est
1905 3521 2108 3585 amica
2150 3520 2422 3595 fallacia,
2480 3519 2624 3585 istis
2670 3538 2810 3601 per-

690 3759 757 3812 27
796 3758 824 3811 I
860 3758 997 3813 Tim.
1038 3760 1086 3821 1,
1127 3760 1156 3811 1
1198 3775 1277 3827 sq.

586 3910 612 3962 1
655 3908 951 3962 ostender&
997 3907 1073 3958 L1
1253 3907 1286 3959 2
1340 3924 1469 3960 uera
1511 3906 1590 3961 Cb
1768 3909 1803 3960 4
1854 3905 2073 3961 doceam
2121 3889 2173 3975 (a.
2210 3923 2276 3959 ex
2314 3924 2343 3960 o
2383 3923 2519 3961 corr.
2569 3925 2638 3962 m.
2677 3910 2732 3974 2)
2761 3906 2816 3960 L

513 4000 545 4053 5
582 3998 767 4051 fautus
805 3996 851 4052 S
990 3996 1114 4065 hoc]
1153 3995 1219 4049 ob
1256 3994 1359 4049 hoc
1401 3994 1453 4048 G
1560 3996 1595 4047 6
1633 4012 1730 4050 suo
1772 3998 1825 4064 (o
1863 4012 1904 4049 s.
1946 3996 1981 4049 l.
2022 4012 2060 4049 a
2095 4012 2164 4049 m.
2206 3994 2256 4064 1)
2295 3996 2348 4049 L
2456 3997 2489 4049 9
2524 3995 2716 4065 inquid
2737 3994 2813 4049 L·

513 4089 581 4142 14
617 4089 697 4141 ita.
736 4088 797 4155 (8.
839 4088 873 4141 l.
916 4102 1047 4139 am.
1078 4085 1131 4153 1)
1164 4084 1213 4138 S
1314 4084 1382 4137 18
1411 4083 1750 4139 aborrentem
1784 4083 2073 4138 GL¹S¹M¹
2184 4085 2251 4138 19
2289 4083 2572 4139 aduersum
2599 4084 2816 4138 GSMG

510 4177 579 4230 20
619 4174 868 4229 demonia
900 4174 949 4228 G
1051 4174 1120 4227 23
1159 4173 1238 4243 (et
1274 4173 1365 4240 27)
1415 4172 1786 4227 demoniorum
1829 4173 1876 4226 G
2017 4173 2249 4227 cultores
2287 4188 2403 4227 esse
2448 4171 2496 4226 0
2597 4176 2668 4225 24
2707 4189 2814 4242 quo

516 4268 697 4318 essent
736 4264 767 4316 b
899 4262 1125 4317 heretici
1161 4260 1367 4316 LC'SG
1521 4262 1590 4315 27
1627 4261 1896 4331 ypochrisi
1935 4261 1982 4315 S
2155 4262 2397 4317 mendaci
2445 4262 2723 4332 loquor-um
2773 4262 2823 4315 0

514 4356 581 4409 28
620 4352 874 4406 demones
919 4352 966 4405 Ο
1106 4350 1317 4404 fallatia
1362 4348 1409 4403 C'
