3159 4984
454 445 581 506 :362
1154 443 1204 494 S.
1262 440 1537 494 Aureli
1598 440 2028 508 Augustini

454 636 751 701 Heliseus
782 655 894 718 per
924 655 1179 699 seruum
1210 636 1507 700 baculum
1540 654 1732 718 super
1759 638 2080 699 mortuum
2109 638 2175 698 et
2203 653 2324 699 non
2362 632 2732 703 reuiuescit;

456 744 633 808 uenit
688 744 845 825 ipse,
906 744 1234 826 coniungit
1289 747 1353 806 et
1408 746 1662 826 coaptat
1720 762 1788 807 se
1833 743 2024 807 morti
2071 742 2208 807 eius
2257 744 2322 806 et
2366 738 2736 805 reuiuescit:

456 851 633 915 misit
677 870 883 914 sermo
934 850 1029 913 dei
1080 851 1289 933 legem
1337 870 1446 933 per
1502 870 1758 914 seruum
1822 870 2010 914 suum
2058 868 2174 913 nec
2220 846 2461 931 profuit
2495 847 2558 911 in
2595 864 2736 929 pec-

459 959 617 1022 catis
664 961 913 1021 mortuo
962 957 1173 1040 generi
1206 958 1501 1021 humano,
1533 976 1694 1039 quae
1731 960 1942 1021 tamen
1981 976 2104 1021 non
2145 956 2278 1021 sine
2319 972 2510 1018 causa
2545 953 2742 1017 missa

462 1070 593 1134 est:
660 1066 769 1128 ille
828 1064 995 1128 enim
1054 1064 1251 1137 misit,
1310 1064 1419 1145 qui
1479 1064 1672 1129 sciret
1727 1084 1864 1128 eam
1920 1064 2095 1146 prius
2157 1082 2296 1127 esse
2344 1059 2738 1126 mittendam.
2807 1072 2838 1109 ⁵

461 1173 639 1237 uenit
665 1172 824 1255 ipse.
858 1172 1281 1236 conformauit
1310 1192 1376 1235 se
1408 1172 1591 1237 nobis
1619 1172 1828 1235 factus
1857 1172 2171 1253 particeps
2209 1169 2432 1233 mortis
2471 1170 2742 1239 nostrae.

462 1282 527 1343 et
572 1278 882 1343 uiuificati
930 1298 1175 1345 sumus,
1225 1298 1369 1343 cum
1409 1279 1740 1343 securibus
1777 1279 1952 1361 ligna
1989 1277 2416 1353 caederentur,
2457 1275 2534 1339 de
2570 1275 2744 1359 ligno

462 1386 697 1450 ferrum
746 1385 1007 1450 exiliens
1054 1386 1117 1449 in
1173 1385 1553 1468 profundum
1611 1386 1892 1449 fluminis
1948 1404 2229 1449 mersum
2285 1387 2398 1463 est,
2438 1386 2626 1465 atque
2681 1382 2746 1445 in

464 1493 711 1575 lignum
768 1493 1039 1574 desuper
1096 1493 1171 1557 ab
1210 1492 1470 1557 Heliseo
1517 1493 1870 1575 proiectum
1917 1510 2244 1557 reuersum
2293 1493 2425 1555 est:
2473 1490 2568 1553 ita
2605 1508 2750 1553 cum

468 1600 673 1683 inpios
712 1599 982 1663 Iudaeos
1029 1618 1140 1681 per
1187 1618 1411 1682 corpus
1460 1602 1716 1682 operata
1761 1600 2116 1683 praesentia
2153 1598 2389 1663 Christi
2423 1601 2746 1679 tamquam
2791 1608 2846 1647 1⁰

467 1705 895 1771 infructuosas
935 1706 1187 1770 arbores
1228 1705 1517 1770 caederet
1552 1743 1638 1752 —
1678 1706 1826 1788 quia
1864 1706 1940 1770 de
1977 1706 2088 1769 illo
2127 1705 2435 1769 Iohannes
2475 1703 2750 1767 dixerat:

473 1832 644 1878 ecce
714 1814 1007 1879 securis
1066 1814 1152 1877 ad
1208 1814 1505 1877 radices
1564 1813 1855 1879 arboris
1911 1813 2164 1895 posita
2221 1815 2338 1877 est
2383 1848 2470 1858 -—
2526 1811 2602 1874 ab
2661 1811 2752 1875 eis

470 1918 930 1984 interueniente
978 1920 1271 2003 passione
1321 1940 1549 2003 corpus
1596 1920 1809 2002 ipsum
1858 1921 2156 1990 deseruit.
2213 1920 2277 1983 in
2336 1918 2563 1984 inferni
2617 1938 2756 2000 pro-

471 2026 667 2090 funda
712 2025 1123 2102 descendens,
1174 2046 1297 2108 quo
1344 2026 1407 2090 in
1458 2028 1787 2110 sepultura
1842 2027 2113 2110 desuper
2165 2027 2374 2110 posito
2431 2028 2754 2108 tamquam

474 2133 554 2195 ad
609 2132 1013 2197 manubrium
1070 2153 1257 2197 suum
1316 2134 1545 2217 spiritu
1601 2134 1904 2199 redeunte
1963 2136 2250 2199 surrexit.
2317 2152 2507 2217 quam
2549 2133 2760 2197 multa
2795 2138 2849 2177 ¹⁵

476 2243 863 2323 praeteream
902 2240 1235 2304 breuitatis
1275 2242 1655 2306 necessitate
1689 2242 2090 2309 constrictus,
2121 2246 2353 2305 norunt
2379 2241 2488 2324 qui
2513 2240 2758 2324 legunt.

570 2348 674 2414 36.
741 2348 877 2411 Iam
922 2347 1062 2431 ipsa
1106 2347 1169 2411 in
1218 2348 1632 2431 Babyloniam
1678 2347 2172 2431 transmigratio,
2223 2367 2348 2431 quo
2396 2347 2588 2413 etiam
2635 2347 2760 2429 spi-

474 2456 635 2520 ritus
683 2455 784 2519 dei
828 2474 942 2537 per
976 2454 1363 2519 Hieremiam
1410 2455 1784 2537 prophetam
1829 2454 2027 2532 iubet,
2066 2457 2143 2519 ut
2175 2460 2443 2539 pergant
2480 2458 2546 2519 et
2582 2457 2761 2519 orent

474 2582 585 2646 pro
636 2562 727 2627 eis
774 2562 953 2644 ipsiS.
1002 2562 1065 2625 in
1115 2582 1383 2645 quorum
1428 2582 1623 2645 regno
1661 2562 2156 2645 peregrinantur,
2198 2562 2367 2645 quod
2402 2562 2466 2625 in
2503 2562 2762 2627 illorum

473 2690 627 2754 pace
676 2670 867 2733 etiam
915 2687 1031 2752 pax
1081 2672 1253 2733 esset
1295 2669 1586 2738 istorum.
1635 2672 1702 2731 et
1735 2668 2142 2733 aedificarent
2177 2669 2399 2734 domos
2439 2672 2505 2733 et
2541 2669 2762 2734 nouel-
2804 2673 2872 2712 ²⁰

472 2778 677 2841 larent
731 2777 949 2841 uineas
1008 2779 1074 2839 et
1128 2776 1486 2858 plantarent
1539 2775 1781 2851 hortos,
1847 2776 1990 2857 quis
2045 2796 2170 2840 non
2230 2778 2552 2859 agnoscat,
2613 2774 2766 2857 quid

474 2884 1022 2967 praefigurauerit.
1100 2883 1207 2965 qui
1273 2882 1628 2946 adtenderit
1691 2901 1876 2947 ueros
1939 2881 2338 2958 Israhelitas,
2403 2880 2469 2945 in
2535 2880 2766 2962 quibus

480 2990 663 3055 dolus
710 3010 835 3055 non
876 2994 993 3067 est,
1032 3008 1145 3072 per
1180 2990 1598 3073 apostolicam
1636 2989 2172 3073 dispensationem
2211 3008 2356 3053 cum
2395 2988 2766 3072 euangelico

480 3100 873 3161 sacramento
934 3095 1013 3159 ad
1070 3113 1337 3178 regnum
1395 3096 1684 3179 gentium
1749 3098 2286 3181 transmigrasse?
2350 3096 2519 3161 unde
2585 3095 2768 3161 nobis

482 3203 809 3285 apostolus
872 3204 1197 3283 tamquam
1253 3202 1642 3266 Hieremiam
1708 3203 2018 3285 replicans
2085 3203 2275 3268 dicit:
2341 3205 2520 3269 uolo
2587 3222 2758 3287 ergo
2805 3204 2862 3244 ²⁵

483 3309 804 3393 primum
890 3308 1217 3372 omnium
1302 3308 1476 3373 fieri
1559 3309 2168 3393 deprecationeS,
2266 3311 2772 3387 adoratione&

662 3501 695 3552 2
734 3498 799 3553 cf.
828 3498 903 3552 IV
931 3500 1067 3567 Reg.
1094 3502 1145 3563 4,
1176 3499 1243 3552 29
1274 3516 1391 3569 sqq.
1500 3500 1533 3552 9
1563 3499 1630 3553 cf.
1659 3498 1734 3552 IV
1763 3500 1896 3569 Reg.
1926 3500 1977 3565 6,
2005 3501 2042 3554 4
2069 3516 2186 3571 sqq.
2298 3502 2364 3554 12
2393 3503 2592 3563 Matth.
2619 3503 2670 3560 3.
2705 3502 2771 3555 10

486 3589 542 3641 21
592 3589 646 3641 es
696 3588 841 3641 Hier.
881 3588 966 3652 29,
1009 3590 1036 3641 1
1076 3604 1193 3657 sqq.
1303 3588 1372 3641 23
1410 3587 1475 3643 cf.
1514 3588 1618 3642 Ioh
1658 3590 1707 3653 1,
1745 3590 1811 3641 47
1922 3590 1991 3644 25
2029 3588 2052 3641 1
2089 3590 2224 3644 Tim.
2265 3592 2312 3648 2,
2356 3592 2383 3643 1
2423 3608 2540 3661 sqq.

562 3734 585 3783 1
628 3730 909 3784 reuiuiscit
936 3728 1139 3784 CS²M²
1246 3730 1279 3782 2
1307 3730 1586 3785 reuiuiscit
1615 3730 1750 3784 0M²
1855 3734 1890 3787 3
1925 3734 2102 3804 suum]
2143 3735 2257 3787 eius
2287 3734 2387 3788 SG
2495 3738 2528 3789 6
2567 3734 2772 3787 confor-

486 3820 661 3874 mauit
708 3818 783 3885 (fo
831 3836 895 3871 ει·
940 3818 999 3887 fi)
1047 3819 1092 3872 C
1275 3822 1492 3874 nostrae
1537 3822 1730 3875 mortis
1784 3820 1828 3873 C
2007 3822 2037 3873 ‘1
2077 3822 2123 3890 ᾇ,
2159 3839 2276 3875 cum
2327 3824 2466 3890 (exp.
2515 3838 2584 3877 m.
2624 3824 2682 3878 2)
2722 3821 2774 3874 L

488 3908 803 3963 cederentur
831 3908 877 3961 C
980 3908 1013 3961 8
1050 3907 1239 3962 ferrem
1270 3910 1345 3964 L¹
1456 3910 1524 3964 10
1558 3910 1748 3964 iudeos
1779 3910 1823 3963 G
1929 3912 1992 3963 11
2033 3910 2246 3964 cederet
2274 3912 2374 3965 LC
2479 3912 2548 3963 12
2574 3909 2777 3963 arboris

486 4000 629 4069 Euq.
668 4000 771 4061 (ed.
810 3999 991 4055 Knou
1018 4017 1080 4067 p.
1112 4002 1282 4064 275):
1312 3998 1557 4053 arborum
1591 4000 1682 4053 lib.
1712 4000 1745 4053 b
1917 4000 1984 4053 ab
2015 4002 2092 4054 cis
2119 4018 2222 4057 om.
2252 3999 2353 4056 SG
2499 4002 2566 4054 15
2601 4016 2774 4073 resur·

488 4088 691 4143 rexitS
797 4089 860 4141 16
891 4088 1215 4142 necessitate
1236 4088 1287 4140 L
1428 4088 1620 4157 legvnt
1650 4093 1702 4157 (v
1731 4106 1782 4157 s.
1805 4106 1832 4142 e
1865 4108 1901 4142 a
1921 4106 1989 4145 m.
2015 4090 2064 4159 1)
2086 4090 2130 4143 G
2237 4090 2303 4145 19
2334 4089 2465 4161 quid
2483 4090 2778 4146 128¹le

492 4178 617 4247 quia
654 4176 749 4229 M'2
854 4178 919 4230 21
960 4162 1145 4241 'hortos
1176 4176 1221 4229 S
1325 4177 1393 4228 22
1423 4177 1537 4246 qui]
1567 4180 1622 4231 et
1652 4178 1743 4247 qui
1773 4177 1852 4248 (et
1881 4178 2010 4231 add.
2039 4196 2093 4232 m
2122 4180 2180 4245 2)
2213 4179 2260 4234 S
2371 4178 2678 4235 adtenderit
2703 4180 2778 4234 L¹

490 4281 644 4319 ueras
691 4266 763 4319 0¹
905 4264 974 4317 23
1030 4264 1345 4335 euangelico
1392 4268 1436 4318 G
1576 4266 1645 4318 26
1712 4268 1944 4335 primum
1997 4270 2050 4322 L
2111 4269 2300 4337 Eu9:·
2331 4269 2503 4339 primo
2567 4268 2780 4323 GSMG

492 4354 893 4425 deprecationes
935 4353 979 4400 C
1014 4352 1429 4421 depraecationes
1472 4355 1520 4407 1.
1667 4355 2004 4410 adorationes
2047 4356 2136 4420 (ad
2173 4374 2216 4411 s.
2255 4358 2312 4427 l.)
2353 4359 2450 4411 SG-
