3159 4984
319 417 356 482 8
1090 412 1143 466 S.
1199 412 1476 467 Aureli
1528 411 1966 482 Augustini

319 607 668 674 secundum
709 607 1099 692 allegoriam.
1139 625 1217 671 110
1255 626 1356 671 1110
1393 607 1683 690 ineptum
1728 609 1917 690 putes
1966 605 2209 688 graecis
2246 605 2609 671 nominibus

313 715 624 778 utentem.
673 712 948 795 primum
1014 711 1163 794 quia
1227 711 1319 776 sic
1383 711 1599 794 accepi
1662 729 1779 775 nec
1844 709 1963 774 tibi
2008 711 2129 776 hoc
2176 711 2360 775 aliter
2406 711 2608 777 audeo

313 819 604 884 intimare
651 837 840 901 quam
879 818 1112 902 accepi.
1155 817 1380 882 deinde
1417 819 1490 881 tu
1528 835 1778 899 quoque
1817 817 2268 883 animaduertis
2305 838 2429 884 non
2470 837 2610 884 esse

313 925 540 990 harum
582 943 793 989 rerum
841 924 1007 1008 apud
1053 943 1168 989 nos
1217 923 1454 988 usitata
1499 923 1790 988 nomina:
1857 943 2019 1006 quae
2084 924 2139 989 si
2200 924 2611 990 fabricassem

314 1030 804 1114 interpretando,
837 1049 1044 1095 essem
1073 1029 1354 1112 profecto
1385 1029 1694 1112 ineptior;
1730 1029 1786 1094 si
1816 1032 2031 1094 autem
2058 1030 2606 1114 circumloquerer,
2689 1044 2717 1085 5

315 1137 526 1202 minus
575 1156 782 1202 essem
827 1136 892 1200 in
939 1135 1305 1201 disserendo
1371 1135 1723 1219 expeditus
1770 1135 1837 1199 id
1895 1138 2145 1200 tantum
2203 1156 2310 1202 oro
2370 1137 2610 1216 credas,

317 1262 569 1327 quoquo
635 1241 821 1308 modo
888 1259 1106 1318 errem,
1181 1240 1341 1304 nihil
1415 1260 1453 1304 a
1516 1260 1617 1305 me
1691 1241 1908 1307 inflato
1985 1233 2059 1307 ac
2131 1243 2378 1308 tumido
2451 1243 2612 1308 fieri.

317 1347 666 1414 secundum
712 1347 1039 1413 historiam
1080 1367 1229 1432 ergo
1268 1347 1556 1426 traditur,
1591 1367 1737 1413 cum
1776 1348 2057 1427 docetur,
2107 1349 2259 1431 quid
2307 1349 2615 1433 scriptum

318 1458 432 1518 aut
477 1453 629 1537 quid
676 1456 930 1538 gestum
959 1455 1073 1530 sit3
1123 1454 1277 1536 quid
1305 1474 1429 1519 non
1468 1457 1745 1538 gestum,
1794 1455 1907 1519 sed
1943 1455 2382 1521 tantummodo
2423 1455 2615 1539 scrip-

319 1565 458 1627 tum
498 1561 680 1645 quasi
728 1563 986 1645 gestum
1035 1561 1137 1626 sit.
1189 1560 1538 1626 secundum
1576 1561 2003 1646 aetiologiam,
2054 1581 2201 1628 cum
2239 1563 2611 1639 ostenditur,
2670 1581 2721 1622 ιο

321 1669 474 1752 (1111(1
537 1687 662 1750 qua
729 1667 806 1732 de
873 1686 1065 1731 causa
1137 1666 1244 1731 uel
1297 1665 1538 1730 factum
1596 1666 1704 1730 uel
1770 1666 2011 1732 dictum
2086 1667 2191 1733 sit.
2268 1668 2618 1734 secundum

321 1774 696 1857 analogiam,
727 1791 874 1838 cum
905 1773 1372 1837 demonstratur
1397 1791 1520 1837 11011
1553 1772 1676 1837 sibi
1706 1772 2026 1838 aduersari
2056 1773 2179 1840 duo
2212 1777 2619 1850 testamenta,

324 1883 514 1944 uetus
555 1880 620 1944 et
683 1896 944 1944 1101111111.
995 1877 1346 1942 secundum
1411 1877 1801 1960 allegoriam,
1843 1897 1990 1942 cum
2056 1878 2318 1944 docetur
2360 1899 2485 1945 non
2542 1880 2621 1944 ad

319 1985 600 2049 litteram
631 2001 772 2047 esse
803 1981 1166 2065 accipienda
1194 1980 1523 2065 quaedam,
1556 2001 1717 2064 quae
1746 1981 1981 2066 scripta
2013 1986 2180 2060 sunt,
2212 1983 2325 2048 sed
2355 1985 2621 2068 figurate

320 2088 768 2173 intellegenda.
2532 2147 2541 2156 .
2678 2102 2731 2142 1⁵

416 2201 476 2263 6.
541 2197 663 2262 His
719 2195 1012 2262 omnibus
1075 2194 1283 2260 modis
1334 2194 1627 2260 dominus
1685 2198 1902 2260 noster
1962 2197 2143 2262 Iesus
2212 2196 2503 2264 Christus
2561 2201 2627 2262 et

327 2303 601 2388 apostoli
645 2301 750 2367 usi
797 2303 966 2366 sunt.
1015 2319 1161 2364 nam
1219 2300 1295 2364 de
1359 2299 1626 2364 historia
1689 2299 1850 2364 illud
1917 2305 2247 2385 sumptum
2310 2307 2429 2383 est,
2480 2323 2627 2369 cum
2720 2295 2731 2304 '

263 2391 269 2396 ’
328 2410 647 2477 obiectum
695 2411 884 2485 esset,
934 2406 1104 2490 quod
1151 2406 1250 2470 die
1299 2405 1547 2471 sabbati
1595 2405 1893 2490 discipuli
1934 2408 2069 2472 eius
2110 2408 2319 2492 spicas
2358 2409 2627 2474 euulsis-

329 2519 489 2584 sent.
523 2535 660 2580 non
689 2515 1024 2598 legistis,
1046 2513 1273 2595 inquit,
1313 2511 1514 2596 quod
1549 2512 1739 2578 fecit
1772 2514 2037 2592 Dauid,
2072 2535 2235 2582 cum
2274 2517 2627 2596 esuriret,

333 2627 408 2690 et
451 2622 584 2706 qui
632 2640 796 2687 cum
843 2639 924 2685 eo
975 2621 1213 2694 erant3
1282 2617 1653 2701 quomodo
1698 2618 2026 2685 intrauit
2070 2621 2143 2686 in
2165 2622 2461 2687 domum
2508 2623 2627 2688 dei
2680 2637 2737 2678 πο

335 2733 410 2796 et
441 2747 672 2814 panes
710 2724 1270 2810 propositionis
1308 2723 1818 2803 manducauit,
1860 2745 2047 2808 quos
2077 2748 2219 2794 non
2246 2728 2535 2794 licebat
2564 2731 2631 2794 ei

333 2834 780 2900 manducare
844 2851 1082 2916 neque
1151 2830 1280 2909 eis,
1347 2830 1474 2913 qui
1540 2850 1703 2896 cum
1770 2851 1853 2898 eo
1920 2837 2149 2912 erant,
2215 2834 2365 2900 nisi
2440 2834 2631 2900 solis

337 2929 892 3010 sacerdotibus..
937 2937 1016 3002 ad
1051 2937 1456 3022 aetiologiam
1511 2956 1664 3003 11010
1715 2938 1879 3002 illud
1923 2939 2217 3024 pertinet,
2268 2941 2437 3023 quod
2484 2960 2630 3006 cum

339 3047 629 3114 Christus
659 3044 1092 3130 prohibuisset
1118 3064 1378 3111 uxorem
1401 3044 1571 3110 abici
1600 3044 1723 3109 nisi
1768 3044 2201 3112 fornicationis
2248 3065 2441 3112 causa
2474 3048 2632 3112 rela-

336 3159 601 3236 tumque
649 3154 824 3217 esset
869 3151 945 3215 ab
1002 3151 1536 3235 interrogantibus
1581 3137 1849 3234 Moysen
1904 3151 2123 3218 libello
2182 3153 2328 3218 dato
2383 3154 2631 3238 repudii
2684 3178 2737 3219 25

339 3259 706 3346 permisisse
770 3257 1116 3336 licentiam,
1192 3258 1334 3335 hoc,
1399 3257 1629 3340 inquit,
1692 3257 1995 3341 Moyses
2070 3257 2258 3324 fecit
2329 3265 2635 3345 propter

341 3365 700 3434 duritiam
749 3362 998 3428 cordis
1045 3363 1309 3430 uestri.
1381 3363 1486 3428 hic
1561 3363 1731 3428 enim
1808 3382 2002 3428 causa
2062 3363 2309 3429 reddita
2356 3368 2473 3442 est,
2524 3385 2635 3430 cur

339 3471 502 3536 illud
543 3489 579 3534 a
612 3469 836 3553 Moyse
880 3487 992 3550 pro
1039 3471 1322 3551 tempore
1369 3468 1529 3533 bene
1574 3468 1959 3552 permissum
2006 3469 2110 3546 sit,
2156 3472 2232 3534 ut
2275 3469 2417 3550 hoc,
2465 3469 2636 3553 quod

531 3647 830 3742 19'Matth.
871 3686 956 3750 12,
994 3685 1027 3739 3
1065 3701 1146 3756 sq.
1256 3685 1324 3738 26
1360 3683 1558 3740 matth.
1602 3685 1685 3750 19,
1723 3685 1757 3740 s

417 3838 450 3892 2
481 3837 580 3907 sic]
618 3836 692 3890 sit
724 3833 806 3889 Ch
985 3833 1018 3888 3
1075 3833 1463 3888 animaduersis
1499 3831 1588 3888 Gk
1643 3832 2089 3889 animaduerteris
2107 3853 2153 3904 p
2327 3836 2359 3888 7
2398 3835 2635 3907 quoquo]

350 3943 454 3998 quo
509 3923 598 3979 Ch
688 3939 858 3977 erram
912 3922 994 3977 ch
1077 3923 1270 3977 inflatu
1327 3921 1377 3976 V
1481 3923 1550 3977 10
1602 3927 1675 3991 (et
1718 3923 1807 3992 23)
1856 3923 2225 3995 ethymologia
2276 3924 2364 3979 Ch
2408 3924 2637 3995 ethimo-

347 4014 498 4085 logia
521 4013 598 4066 M
611 4031 663 4066 m
699 4011 1080 4082 whimologia
1106 4009 1257 4117 81³2?
1421 4011 1486 4066 19
1522 4011 1663 4083 legis
1699 4011 1786 4066 Oh
1946 4013 2017 4067 20
2055 4011 2475 4084 quemodo—eis
2515 4015 2638 4082 (inf.

353 4135 478 4186 tat.
507 4145 576 4182 m.
616 4129 646 4182 1
689 4127 889 4194 adscr.)
909 4143 957 4195 p
1092 4127 1156 4182 21
1197 4093 1524 4199 {positionis
1566 4131 1644 4195 (ro
1685 4127 1816 4182 add.
1855 4131 1907 4181 et
1943 4143 1999 4181 es
2034 4129 2099 4182 in
2132 4127 2181 4181 is
2216 4133 2349 4181 mut.
2384 4145 2456 4184 m.
2502 4127 2557 4197 2)
2588 4129 2643 4181 Ρ

353 4247 423 4300 24
459 4231 592 4315 113&
620 4241 707 4297 ch
781 4240 921 4296 abici
955 4242 1082 4313 nisi]
1120 4243 1348 4298 anicinis
1380 4241 1463 4297 oh
1586 4241 1657 4296 26
1694 4199 1916 4313 moysess
1945 4241 2011 4297 32
2181 4242 2249 4295 27
2286 4207 2427 4312 {nur
2452 4241 2508 4296 P
2544 4243 2645 4310 (sic

356 4335 572 4404 ubique)
612 4350 750 4404 quur
787 4334 887 4400 (sic
919 4333 1137 4402 ubique)
1158 4349 1204 4401 p
1311 4331 1380 4387 28
1419 4331 1510 4402 sit]
1549 4336 1635 4385 est
1673 4330 1722 4382 V
