3159 4984
488 466 616 529 226
1183 462 1238 516 S.
1293 460 1570 515 Aureli
1626 460 2063 529 Augustini

488 656 782 741 iungeret
827 660 891 721 et
935 658 1302 722 temerarios
1347 656 1646 738 inprobos
1692 675 1803 739 per
1845 655 2165 721 infinitum
2200 652 2575 738 praecipites
2612 651 2772 716 nihil

488 780 714 828 nocere
767 760 1179 845 permitteret.
1243 761 1471 843 quodsi
1532 765 1707 827 recto
1782 763 1978 826 latere
2042 762 2213 825 latus
2267 762 2515 825 rectum
2572 758 2773 823 adtin-

489 869 698 953 gebat,
763 887 888 933 non
947 867 1136 933 uideo
1197 868 1452 951 quidem
1513 869 1725 951 aliqua
1778 869 1885 933 uel
1939 866 2343 951 receptacula
2384 866 2493 931 uel
2536 864 2771 943 hiatuS,

487 974 602 1040 sed
647 974 832 1058 plane
869 974 1056 1039 uideo
1094 977 1340 1039 tantam
1375 994 1599 1059 pacem
1635 978 2004 1057 tantamque
2043 993 2263 1039 secum
2300 976 2503 1039 terrae
2539 974 2775 1037 utrius-

489 1100 611 1164 que
669 1080 1089 1159 concordiam,
1151 1086 1226 1147 ut
1277 1082 1478 1148 maior
1535 1082 1895 1147 coniunctio
1954 1100 2095 1147 esse
2154 1100 2279 1147 non
2333 1080 2557 1165 possit.
2624 1078 2776 1161 quid
2838 1098 2862 1135 ⁵
2910 1061 2919 1073 ⁸

491 1189 660 1253 enim
725 1188 1098 1273 speciosius,
1167 1188 1321 1271 quid
1385 1188 1867 1253 conuenientius
1924 1206 2113 1271 quam
2168 1191 2412 1253 rectum
2466 1190 2640 1253 recto
2686 1186 2777 1250 ita

492 1296 794 1379 copulari,
841 1300 918 1361 ut
960 1297 1138 1362 nulla
1183 1316 1256 1361 ex
1299 1299 1478 1379 parte
1525 1296 1705 1361 sinus
1752 1296 1983 1378 aliquis
2028 1297 2137 1360 uel
2180 1296 2379 1361 flexus
2426 1294 2779 1378 disrumpat

491 1405 604 1467 aut
649 1403 904 1469 dirimat
948 1404 1300 1468 naturalem
1349 1422 1422 1468 ac
1469 1403 1766 1468 stabilem
1812 1423 1923 1487 per
1965 1404 2284 1468 infinitum
2330 1403 2609 1486 spatium
2652 1402 2779 1467 loci

491 1512 560 1573 et
601 1508 680 1573 ab
725 1509 974 1574 infinita
1018 1511 1390 1578 aeternitate
1435 1510 1797 1576 iuncturam
1817 1514 1848 1575 ’ἓ
1896 1528 2056 1594 quae
2100 1514 2277 1575 recta
2308 1510 2511 1574 latera
2543 1508 2779 1573 utrius-

495 1633 616 1697 que
661 1617 885 1694 terrae,
935 1616 1188 1681 etiamsi
1231 1616 1609 1699 interposito
1656 1616 1828 1681 inani
1874 1620 2329 1700 separarentur,
2388 1634 2513 1681 non
2570 1614 2779 1680 solum
2820 1630 2869 1667 ιο

491 1741 604 1805 per
649 1739 718 1787 se
763 1720 903 1805 ipsa
945 1721 1212 1805 pulchra
1257 1725 1489 1799 essent,
1549 1722 1699 1804 quia
1750 1724 1881 1787 tam
1939 1726 2114 1787 recta
2158 1724 2395 1799 essent,
2435 1720 2548 1785 sed
2590 1722 2781 1785 inter·

491 1828 656 1892 iecto
687 1845 936 1910 quoque
965 1828 1303 1893 interuallo
1329 1828 1426 1892 ita
1450 1828 1574 1893 sibi
1612 1831 2047 1912 congruerent,
2085 1831 2162 1893 ut
2195 1828 2343 1893 hinc
2379 1830 2569 1909 atque
2604 1827 2781 1891 illinc

499 1934 734 2017 pariles
781 1934 1194 1999 rectitudines
1241 1935 1494 2000 etiamsi
1538 1935 1720 1999 nulla
1756 1934 2218 2013 coniunctione,
2254 1935 2397 2018 ipsa
2438 1936 2651 1998 tamen
2700 1932 2781 1997 si-

495 2040 857 2106 militudine
914 2042 982 2106 in
1037 2060 1228 2106 unam
1285 2042 1823 2125 pulchritudinem
1883 2042 2309 2107 conuenirent.
2376 2058 2522 2107 cum
2570 2042 2782 2105 autem

496 2148 744 2213 accedit
785 2148 914 2214 ista
961 2149 1342 2226 coniunctio,
1382 2149 1534 2232 quid
1583 2149 1955 2215 concordius
2005 2151 2073 2212 et
2115 2146 2403 2231 pacatius
2449 2147 2571 2212 hac
2616 2149 2783 2210 utra-
2824 2165 2875 2203 ιε»

499 2273 619 2337 que
663 2258 848 2334 terra,
897 2254 1050 2338 quid
1095 2274 1246 2321 uero
1295 2256 1488 2321 etiam
1531 2255 1675 2339 ipsa
1720 2255 2123 2339 copulatione
2160 2255 2429 2320 duorum
2467 2257 2783 2319 rectorum

497 2360 774 2427 laterum
819 2361 1148 2446 pulchrius
1197 2363 1322 2428 dici
1369 2366 1481 2428 aut
1525 2363 1796 2447 cogitari
1838 2363 2065 2447 possit,
2112 2382 2236 2428 non
2280 2361 2559 2427 inuenio.

585 2470 692 2533 27.
761 2466 928 2548 Quid
973 2469 1203 2535 faciam
1249 2488 1396 2535 cum
1452 2489 1657 2536 errore
1714 2470 2030 2554 peruersis
2078 2473 2143 2535 et
2189 2467 2647 2535 consuetudine
2691 2468 2783 2531 in-

499 2575 754 2659 plicatis
817 2576 1186 2641 miserrimis
1251 2576 1478 2641 animis
1497 2580 1528 2641 ⁴?
1602 2596 1726 2641 non
1794 2576 1961 2641 enim
2026 2576 2240 2642 sciunt
2298 2576 2411 2641 isti
2473 2575 2783 2641 homines,

505 2680 658 2764 quid
709 2682 1070 2764 loquantur,
1127 2700 1273 2747 cum
1326 2682 1484 2747 haec
1537 2684 1923 2764 loquuntur3
1990 2701 2114 2747 non
2180 2682 2349 2747 enim
2416 2680 2781 2747 adtendunt.
2822 2700 2873 2740 ω

500 2806 675 2872 rogo,
722 2808 906 2854 nemo
953 2808 1072 2854 uos
1117 2792 1324 2874 urget,
1371 2807 1555 2854 nemo
1602 2790 1665 2853 in
1717 2792 2032 2855 certamen
2078 2790 2329 2873 premit,
2376 2808 2563 2853 nemo
2608 2806 2784 2871 prae·

495 2895 704 2960 teritis
746 2894 1019 2959 insultat
1065 2895 1398 2973 erroribus,
1458 2894 1582 2960 nisi
1640 2896 1749 2977 qui
1804 2895 2085 2960 diuinam
2142 2894 2639 2959 misericordiam
2684 2912 2782 2957 ex-

501 3002 720 3083 pertus
766 3018 890 3065 non
938 3005 1056 3068 est.
1125 3004 1201 3065 ut
1265 3005 1504 3066 careret
1565 3002 1899 3080 erroribus,
1958 3005 2209 3067 tantum
2266 3002 2330 3065 id
2378 3018 2663 3085 agamus,
2710 3002 2787 3063 ut

500 3106 834 3189 aliquando
899 3108 1215 3175 finiantur.
1283 3108 1618 3174 intuemini
1672 3110 2005 3193 paululum
2062 3110 2197 3175 sine
2254 3108 2655 3173 animositate
2720 3110 2786 3171 et

499 3212 918 3278 amaritudine
953 3252 1041 3261 —
1081 3233 1298 3280 omnes
1375 3216 1663 3281 homines
1730 3236 1973 3295 sumus,
2010 3236 2138 3283 non
2200 3234 2338 3291 noS,
2376 3215 2491 3280 sed
2544 3232 2783 3280 errores
2822 3232 2873 3271 25

503 3321 572 3383 et
612 3318 923 3384 falsitates
971 3320 1288 3386 oderimus
1335 3358 1426 3369 —-
1471 3342 1735 3405 quaeso,
1784 3324 2124 3389 intuemini
2194 3324 2548 3409 paululum.
2624 3321 2781 3385 deus

493 3424 1085 3505 misericordiarum,
1143 3428 1376 3494 adiuua
1433 3430 1757 3497 intuentes
1816 3435 1882 3495 et
1924 3450 2149 3496 uerum
2195 3430 2645 3513 quaerentibus
2691 3428 2780 3493 in-

499 3531 699 3596 terius
744 3532 961 3597 lumen
1008 3535 1298 3600 accende.
1349 3535 1502 3618 quid
1548 3538 1716 3602 enim
1763 3538 2218 3623 intellegimus,
2266 3539 2321 3603 si
2367 3556 2490 3602 non
2534 3535 2780 3601 intelle-

564 3670 597 3723 3
637 3669 843 3741 aliquid
889 3673 939 3726 Τ
1045 3674 1077 3728 6
1118 3674 1313 3744 quidve
1356 3678 1410 3745 (v
1445 3692 1489 3730 s.
1529 3676 1566 3731 Ζ.
1608 3694 1644 3730 a
1680 3694 1749 3731 m.
1789 3678 1848 3746 2)
1885 3677 1955 3733 H
2094 3680 2123 3731 7
2164 3679 2330 3731 simus
2374 3676 2423 3731 0
2560 3676 2779 3746 aliquis]

506 3758 674 3828 aliqui
709 3759 787 3823 H,
827 3778 927 3816 om.
973 3762 1314 3818 TRSGVLb
1478 3764 1750 3838 dirumpat
1794 3766 1878 3821 Vb
1917 3766 2216 3837 dirrmnpat
2250 3768 2307 3821 P
2430 3768 2462 3819 9
2501 3767 2777 3834 utrivsque

506 3849 561 3917 (v
595 3864 639 3903 ε.
679 3848 713 3905 Ζ.
753 3866 790 3902 a
825 3868 895 3904 m.
933 3850 987 3920 2)
1025 3851 1092 3906 Η
1233 3852 1299 3907 10
1327 3862 1456 3925 post
1493 3860 1869 3926 separarentur
1907 3856 2037 3919 add,
2074 3874 2143 3909 m.
2180 3872 2283 3909 rec.
2320 3872 2363 3909 ε.
2403 3857 2437 3909 l.
2474 3856 2592 3908 loco
2630 3856 2691 3907 in
2727 3854 2783 3907 P

502 3936 570 3989 12
606 3936 776 4007 illinc]
807 3939 931 3993 inde
959 3941 1027 3994 H
1031 3942 1083 3995 Τ
1089 3940 1310 3996 VSCLb
1422 3945 1489 3999 13
1519 3946 1731 3999 etiamsi
1758 3944 1928 4015 nulla]
1960 3946 2123 4000 etiam
2150 3946 2265 3999 sine
2296 3944 2407 3999 ulla
2434 3942 2778 3999 PTCSVLb

502 4026 570 4077 14
623 4024 680 4077 in
737 4043 898 4081 unam
951 4028 1408 4098 pulchritudinem
1463 4050 1566 4087 om.
1614 4033 1953 4088 TRSGVLb
2162 4048 2325 4103 quum
2363 4033 2419 4085 P
2596 4032 2663 4085 15
2702 4031 2774 4099 et]

496 4128 558 4165 ac
595 4112 660 4164 H
667 4112 840 4167 TGSb
953 4117 1016 4168 17
1055 4119 1245 4186 possit.
1283 4118 1406 4173 Non
1443 4120 1660 4173 inuenio
1696 4120 1895 4175 OSVL
2002 4121 2069 4175 18
2098 4136 2272 4175 errore
2300 4124 2451 4174 tanto
2485 4121 2516 4173 b
2626 4121 2693 4174 19
2722 4120 2775 4173 in

497 4201 688 4253 animis
716 4202 1025 4257 miserrimis
1054 4204 1107 4258 V
1245 4208 1315 4260 ‘20
1341 4206 1595 4261 locuntur
1611 4209 1679 4261 Η
1683 4208 1732 4261 Τ
1862 4210 1925 4262 21
1960 4226 2117 4263 nemo
2148 4216 2237 4263 enI
2264 4211 2295 4263 b
2423 4210 2653 4279 praemit
2672 4209 2784 4262 PT

498 4288 567 4341 22
607 4290 894 4359 erroribus]
930 4291 1190 4347 hominib'
1238 4295 1304 4347 ΤΙ
1413 4296 1482 4348 25
1521 4314 1618 4350 nos
1655 4296 1741 4349 Ηι
1784 4315 1879 4351 uos
1915 4299 2037 4352 11²1>
2146 4298 2215 4351 26
2254 4298 2463 4352 odimus
2492 4299 2525 4352 b
2632 4298 2703 4352 28
2732 4300 2778 4352 si

495 4392 604 4429 non
643 4377 1010 4449 intellegimus
1048 4382 1109 4447 (8.
1151 4384 1186 4435 1.
1222 4400 1291 4436 m.
1331 4388 1382 4438 1)
1422 4385 1490 4438 H
1521 4402 1623 4439 om.
1662 4386 1717 4439 P
