3159 4984
486 429 615 491 606
1182 425 1233 476 8.
1292 424 1566 477 Aureli
1622 426 2052 493 Augustini

478 623 744 687 colenda
817 624 1246 707 subponerent
1299 625 1364 686 et
1418 623 1542 688 sibi
1598 623 1936 688 sacrificari
1986 643 2021 688 a
2068 622 2353 705 deceptis
2402 625 2468 686 et
2511 622 2781 706 perditis

476 731 852 814 flagitarent.
930 729 1310 795 sacrificium
1385 748 1535 813 ergo
1602 748 1723 794 non
1792 729 2001 794 solum
2068 749 2213 793 cum
2278 730 2447 794 iuste
2512 729 2783 811 imperat

475 857 668 902 uerus
717 836 895 914 deus,
945 836 1058 901 sed
1106 837 1298 901 etiam
1347 855 1492 900 cum
1540 836 1811 919 superbe
1868 837 2065 920 exigit
2118 836 2322 901 falsus
2380 835 2559 906 deus,
2614 835 2779 898 satis

479 943 778 1020 ostendit,
821 943 924 1008 cui
972 943 1296 1008 debeatur.
1346 943 1504 1008 haec
1549 942 1648 1006 illi
1692 961 1960 1026 pagane,
2010 944 2065 1007 si
2114 945 2287 1008 esset
2332 941 2651 1006 difficilior
2695 939 2782 1004 ad

479 1050 884 1128 credendum,
953 1051 1144 1114 etiam
1209 1050 1350 1133 ipsa
1413 1050 1745 1133 prophetia
1808 1049 2273 1132 persuaderem,
2340 1049 2403 1114 in
2461 1066 2583 1130 qua
2638 1049 2780 1110 tam
2844 1066 2871 1104 ⁵

471 1159 660 1242 longe
723 1159 867 1221 ante
936 1157 1292 1240 conscripta
1357 1159 1526 1226 sunt,
1595 1175 1753 1238 quae
1808 1176 1976 1220 nunc
2030 1157 2271 1239 inpleta
2334 1158 2779 1221 monstrarem.

473 1265 708 1348 quodsi
763 1267 830 1330 et
884 1265 1046 1328 hanc
1106 1267 1556 1342 contemneret,
1613 1265 1735 1329 hoc
1793 1283 2042 1346 quoque
2102 1282 2511 1347 agnoscerem
2555 1261 2779 1346 potius

479 1392 666 1454 quam
715 1373 992 1449 mirarer,
1043 1371 1554 1453 quandoquidem
1604 1391 1727 1437 non
1778 1390 1996 1436 omnes
2044 1371 2242 1435 fuisse
2310 1371 2660 1435 credituros
2708 1369 2777 1432 in

479 1479 767 1544 eiusdem
812 1478 1181 1562 prophetiae
1227 1478 1498 1542 ueritate
1543 1479 1908 1543 recolerem.

564 1588 666 1652 18.
748 1585 816 1652 Si
882 1588 1096 1650 autem
1165 1586 1474 1650 zelantem
1542 1583 1869 1650 Christum
1936 1586 2041 1650 uel
2106 1585 2295 1648 deum
2362 1603 2434 1648 ex
2498 1587 2775 1665 utroque
2816 1599 2869 1636 ιο

467 1695 853 1758 testamento
901 1692 1060 1756 mihi
1108 1694 1388 1758 obiceret
1424 1695 1615 1774 atque
1651 1693 1865 1776 ipsum
1904 1693 2169 1758 uerbum
2208 1692 2571 1776 exagitaret,
2608 1690 2775 1754 nihil

467 1801 642 1865 aliud
675 1819 863 1882 quam
894 1820 962 1864 se
995 1801 1270 1865 omnium
1307 1800 1662 1864 litterarum
1695 1801 1801 1864 uel
1832 1803 2147 1883 expertem
2177 1799 2286 1862 uel
2322 1799 2775 1882 neglegentem

463 1909 842 1974 ostenderet.
893 1927 1034 1972 cum
1086 1907 1252 1971 enim
1290 1907 1460 1972 docti
1499 1927 1717 1971 eorum
1757 1907 2115 1972 discernant
2150 1906 2316 1970 inter
2348 1905 2751 1970 uoluntatem

464 2019 528 2080 et
585 2014 1020 2098 cupiditatem,
1081 2013 1385 2096 gaudium
1442 2015 1506 2077 et
1561 2013 1897 2089 laetitiam,
1964 2013 2324 2078 cautionem
2382 2015 2447 2076 et
2500 2013 2747 2076 metum

463 2121 866 2186 clementiam
907 2123 971 2184 et
1006 2121 1524 2196 misericordiam,
1562 2120 1961 2203 prudentiam
2000 2123 2066 2184 et
2103 2119 2427 2196 astutiam,
2465 2118 2771 2183 fiduciam
2810 2129 2861 2167 1³

468 2231 534 2292 et
599 2226 928 2292 audaciam
984 2230 1050 2291 et
1103 2228 1310 2292 multa
1363 2228 1426 2292 in
1486 2228 1654 2292 hune
1712 2227 1995 2304 modum,
2050 2227 2141 2292 ita
2194 2231 2271 2291 ut
2322 2227 2385 2290 in
2442 2226 2541 2291 his
2599 2227 2771 2290 binis

467 2335 682 2399 uerbis
723 2353 814 2410 ea,
855 2353 1013 2415 quae
1052 2335 1262 2417 priora
1295 2334 1501 2416 posui,
1533 2334 1905 2410 uirtutibus,
1946 2353 2105 2416 quae
2142 2337 2357 2398 autern
2394 2333 2769 2416 posteriora,

469 2439 647 2504 uitiis
695 2439 1036 2522 adponant:
1085 2439 1258 2522 pleni
1304 2441 1453 2503 sunt
1497 2441 1708 2503 tamen
1759 2439 1905 2503 libri
1961 2459 2199 2514 eorum,
2258 2458 2401 2502 cum
2460 2439 2771 2504 abusione

464 2546 734 2611 istorum
773 2547 1120 2624 nominum,
1162 2565 1322 2628 quae
1359 2546 1606 2630 proprie
1646 2547 1806 2610 uitia
1844 2546 2221 2630 significant,
2262 2545 2449 2609 etiam
2491 2545 2771 2610 uirtutes

468 2654 560 2718 sic
607 2655 1043 2736 appellantur,
1113 2672 1260 2718 cum
1309 2654 1415 2717 uel
1462 2654 1778 2737 cupiditas
1824 2673 1936 2736 pro
1983 2653 2317 2717 uoluntate
2362 2652 2469 2716 uel
2518 2651 2769 2718 laetitia
2807 2665 2862 2702 ²0

465 2777 577 2843 pro
625 2759 856 2842 gaudio
906 2759 1013 2823 uel
1059 2762 1272 2824 metus
1318 2778 1429 2842 pro
1480 2759 1774 2824 cautione
1822 2759 1927 2822 uel
1982 2758 2416 2823 misericordia
2469 2778 2581 2842 pro
2640 2760 2769 2824 cle-

465 2866 704 2929 mentia
747 2868 854 2931 uel
903 2867 1144 2931 astutia
1188 2886 1300 2950 pro
1348 2867 1685 2950 prudentia
1729 2868 1837 2931 uel
1884 2867 2149 2931 audacia
2199 2887 2311 2950 pro
2367 2867 2601 2932 fiducia
2653 2887 2767 2951 po-

471 2971 657 3035 nitur.
727 2975 793 3036 et
849 2972 990 3054 quis
1048 2974 1260 3037 omnia
1314 2993 1805 3039 commemorare
1860 2974 2093 3052 ualeat,
2151 2992 2310 3055 quae
2358 2974 2437 3038 ad
2484 2974 2766 3039 similem

465 3078 786 3141 licentiam
837 3098 977 3144 mos
1023 3079 1372 3144 locutionis
1419 3083 1734 3163 usurpat?
1781 3080 1909 3144 huc
1955 3079 2204 3144 accedit
2247 3079 2439 3144 etiam
2484 3080 2765 3164 singula-

461 3203 606 3246 rum
662 3203 1052 3266 quarumque
1109 3186 1470 3270 linguarum
1530 3207 1647 3252 sua
1702 3187 2011 3269 quaedam
2067 3187 2436 3270 proprietas
2503 3205 2646 3250 nam
2697 3188 2759 3251 in
2798 3195 2853 3233 Ξῖ·

463 3291 912 3356 ecclesiasticis
959 3292 1191 3357 litteris
1247 3312 1561 3375 nusquam
1618 3293 2114 3358 misericordiam
2171 3295 2233 3358 in
2288 3294 2759 3377 uituperatione

528 3543 561 3594 2
618 3542 949 3613 flagitarent]
1008 3545 1350 3615 flagellarent
1407 3548 1454 3602 0
1628 3549 1662 3601 3
1719 3547 1977 3618 superbae
2034 3551 2087 3615 (3
2142 3551 2236 3615 er.)
2294 3545 2341 3601 S
2392 3545 2654 3617 superbae
2703 3547 2751 3600 G

468 3629 730 3698 superbae
767 3630 895 3692 LM
994 3634 1030 3685 4
1069 3637 1252 3687 essent
1289 3634 1595 3691 difficiliora
1632 3637 1705 3688 M
1806 3637 1838 3690 6
1886 3637 2209 3706 conscripta]
2258 3653 2419 3706 quam
2464 3637 2669 3706 scripta
2714 3635 2759 3688 C

457 3719 488 3770 7
530 3717 660 3782 Qud
701 3720 790 3784 (uo
832 3719 925 3784 er.)
971 3719 1019 3772 0
1271 3722 1561 3793 potiusque
1609 3723 1889 3778 LPGSM
1930 3725 2201 3801 potiusqjl
2256 3723 2302 3776 Ο
2476 3726 2510 3779 9
2556 3725 2673 3779 eius
2714 3725 2759 3780 S

459 3805 690 3860 ueritate
737 3807 808 3877 (m
857 3809 950 3876 er.)
1001 3807 1102 3864 SG
1147 3811 1434 3864 ueritatem
1474 3813 1505 3865 b
1689 3813 1755 3866 12
1803 3829 2017 3867 omnem
2053 3817 2105 3868 L
2289 3815 2355 3867 14
2392 3815 2667 3868 laeticiam
2714 3814 2761 3867 ζ’

455 3898 520 3950 15
561 3895 903 3966 prudentiam
943 3899 1004 3966 (s,
1045 3899 1080 3951 l.
1117 3915 1162 3953 s.
1201 3916 1318 3968 erp.
1358 3902 1635 3970 puritiam)
1680 3902 1731 3956 G
1874 3903 2119 3957 fidutiam
2156 3903 2211 3956 L
2374 3904 2441 3956 16
2479 3903 2621 3956 uinis
2658 3903 2732 3956 M
2740 3906 2753 3938 ¹

451 3985 650 4039 diuinis
689 3986 720 4038 b
871 3986 934 4038 17
973 3989 1151 4056 priora.
1191 3993 1242 4056 (a
1281 4005 1347 4043 er
1385 4007 1412 4043 e
1451 4007 1587 4045 corr.
1625 4008 1693 4044 m.
1736 3993 1785 4058 1)
1826 3993 1879 4046 L
2027 3992 2092 4046 18
2145 3993 2287 4062 curn]
2333 4009 2436 4046 om.
2482 3991 2750 4046 GPSMG

456 4077 522 4129 19
561 4075 806 4145 propriae
845 4075 896 4128 L
1041 4077 1182 4130 uicia
1227 4079 1273 4131 C
1450 4081 1516 4132 22
1563 4097 1660 4150 pro
1712 4086 1843 4134 ante
1885 4081 2041 4150 prud.
2086 4081 2151 4134 in
2192 4097 2305 4136 ras.
2354 4081 2486 4136 add.
2524 4098 2591 4136 m.
2632 4084 2673 4134 2
2710 4080 2754 4134 S

451 4164 792 4234 prouidentia
836 4165 910 4218 G-¹
1129 4169 1199 4219 24
1243 4167 1533 4223 locutionis
1582 4169 1659 4239 (lo
1708 4185 1843 4225 corr.
1892 4185 1957 4224 ex
2000 4169 2080 4236 lu)
2128 4170 2175 4224 S
2434 4169 2670 4224 acceodit
2710 4169 2753 4223 S

451 4252 699 4307 accendit
739 4252 844 4305 GL
989 4253 1324 4324 singularem
1365 4257 1542 4310 LPM
1571 4258 1971 4330 singularumq:
2012 4258 2113 4312 SG
2212 4259 2281 4312 25
2320 4273 2590 4328 quarunq:
2628 4258 2751 4311 PM

450 4342 518 4394 26
555 4339 954 4409 uituperatione
997 4342 1131 4395 LGb
