<?xml version="1.0" encoding="UTF-8"?>
<!DOCTYPE html PUBLIC "-//W3C//DTD XHTML 1.0 Transitional//EN"
    "http://www.w3.org/TR/xhtml1/DTD/xhtml1-transitional.dtd">
<html xmlns="http://www.w3.org/1999/xhtml" xml:lang="en" lang="en">
 <head>
  <title>
</title>
<meta http-equiv="Content-Type" content="text/html;charset=utf-8" />
  <meta name='ocr-system' content='tesseract 3.04.00' />
  <meta name='ocr-capabilities' content='ocr_page ocr_carea ocr_par ocr_line ocrx_word'/>
</head>
<body>
  <div class='ocr_page' id='page_1' title='image "./corpusscriptoru27wissgoog_0748.png"; bbox 0 0 3159 4984; ppageno 0'>
   <div class='ocr_carea' id='block_1_1' title="bbox 475 463 2060 534">
    <p class='ocr_par' dir='ltr' id='par_1_1' title="bbox 475 463 2060 534">
     <span class='ocr_line' id='line_1_1' title="bbox 475 463 2060 534; baseline -0.006 -7"><span class='ocrx_word' id='word_1_1' title='bbox 475 469 603 534; x_wconf 83' lang='grc'>738</span> <span class='ocrx_word' id='word_1_2' title='bbox 1183 467 1236 520; x_wconf 85' lang='lat' dir='ltr'>S.</span> <span class='ocrx_word' id='word_1_3' title='bbox 1292 464 1567 520; x_wconf 80' lang='lat' dir='ltr'>Aureli</span> <span class='ocrx_word' id='word_1_4' title='bbox 1622 463 2060 534; x_wconf 77' lang='lat' dir='ltr'>Augustini</span> 
     </span>
    </p>
   </div>
   <div class='ocr_carea' id='block_1_2' title="bbox 474 657 2902 2873">
    <p class='ocr_par' dir='ltr' id='par_1_2' title="bbox 474 657 2892 1596">
     <span class='ocr_line' id='line_1_2' title="bbox 474 657 2788 740; baseline -0 -15"><span class='ocrx_word' id='word_1_5' title='bbox 474 660 634 726; x_wconf 91' lang='lat' dir='ltr'>mihi</span> <span class='ocrx_word' id='word_1_6' title='bbox 691 659 951 736; x_wconf 78' lang='lat' dir='ltr'>credite,</span> <span class='ocrx_word' id='word_1_7' title='bbox 1008 658 1071 722; x_wconf 90' lang='lat' dir='ltr'>in</span> <span class='ocrx_word' id='word_1_8' title='bbox 1128 657 1231 723; x_wconf 83' lang='lat' dir='ltr'>his</span> <span class='ocrx_word' id='word_1_9' title='bbox 1286 659 1477 724; x_wconf 83' lang='lat' dir='ltr'>rebus</span> <span class='ocrx_word' id='word_1_10' title='bbox 1537 657 2059 740; x_wconf 76' lang='lat' dir='ltr'><strong>consequentiam</strong></span> <span class='ocrx_word' id='word_1_11' title='bbox 2118 675 2418 739; x_wconf 84' lang='lat' dir='ltr'>quaerere</span> <span class='ocrx_word' id='word_1_12' title='bbox 2474 661 2740 724; x_wconf 83' lang='lat' dir='ltr'>naturae</span> <span class='ocrx_word' id='word_1_13' title='bbox 2762 684 2788 735; x_wconf 68' lang='grc' dir='ltr'><em>ς</em></span> 
     </span>
     <span class='ocr_line' id='line_1_3' title="bbox 478 761 2784 850; baseline -0.001 -18"><span class='ocrx_word' id='word_1_14' title='bbox 478 766 757 850; x_wconf 86' lang='lat' dir='ltr'>alioquin</span> <span class='ocrx_word' id='word_1_15' title='bbox 804 763 1232 830; x_wconf 82' lang='lat' dir='ltr'>infirmabitur</span> <span class='ocrx_word' id='word_1_16' title='bbox 1277 763 1487 829; x_wconf 82' lang='lat' dir='ltr'>omnis</span> <span class='ocrx_word' id='word_1_17' title='bbox 1533 767 1752 828; x_wconf 83' lang='lat' dir='ltr'>uestra</span> <span class='ocrx_word' id='word_1_18' title='bbox 1805 761 1988 830; x_wconf 80' lang='lat' dir='ltr'>fides,</span> <span class='ocrx_word' id='word_1_19' title='bbox 2054 781 2200 827; x_wconf 80' lang='lat' dir='ltr'>nam</span> <span class='ocrx_word' id='word_1_20' title='bbox 2268 766 2335 828; x_wconf 89' lang='lat' dir='ltr'>et</span> <span class='ocrx_word' id='word_1_21' title='bbox 2386 783 2506 830; x_wconf 83' lang='lat' dir='ltr'>uos</span> <span class='ocrx_word' id='word_1_22' title='bbox 2561 765 2784 829; x_wconf 83' lang='lat' dir='ltr'>Iesum</span> 
     </span>
     <span class='ocr_line' id='line_1_4' title="bbox 479 869 2786 958; baseline -0.002 -20"><span class='ocrx_word' id='word_1_23' title='bbox 479 893 551 938; x_wconf 86' lang='lat' dir='ltr'>ex</span> <span class='ocrx_word' id='word_1_24' title='bbox 599 874 849 958; x_wconf 85' lang='lat' dir='ltr'>uirgine</span> <span class='ocrx_word' id='word_1_25' title='bbox 896 875 1121 937; x_wconf 86' lang='lat' dir='ltr'>natum</span> <span class='ocrx_word' id='word_1_26' title='bbox 1170 870 1307 935; x_wconf 82' lang='lat' dir='ltr'>sine</span> <span class='ocrx_word' id='word_1_27' title='bbox 1354 869 1478 934; x_wconf 90' lang='lat' dir='ltr'>uiri</span> <span class='ocrx_word' id='word_1_28' title='bbox 1527 869 1704 934; x_wconf 86' lang='lat' dir='ltr'>coitu</span> <span class='ocrx_word' id='word_1_29' title='bbox 1751 869 2010 934; x_wconf 79' lang='lat' dir='ltr'>creditis</span> <span class='ocrx_word' id='word_1_30' title='bbox 2057 873 2142 948; x_wconf 86' lang='lat' dir='ltr'>et,</span> <span class='ocrx_word' id='word_1_31' title='bbox 2183 870 2240 936; x_wconf 83' lang='lat' dir='ltr'>si</span> <span class='ocrx_word' id='word_1_32' title='bbox 2278 890 2350 934; x_wconf 83' lang='lat' dir='ltr'>ex</span> <span class='ocrx_word' id='word_1_33' title='bbox 2389 888 2786 952; x_wconf 82' lang='lat' dir='ltr'>consequen-</span> 
     </span>
     <span class='ocr_line' id='line_1_5' title="bbox 477 976 2788 1064; baseline -0 -21"><span class='ocrx_word' id='word_1_34' title='bbox 477 981 652 1045; x_wconf 85' lang='lat' dir='ltr'>tibus</span> <span class='ocrx_word' id='word_1_35' title='bbox 698 979 911 1064; x_wconf 84' lang='lat' dir='ltr'>priora</span> <span class='ocrx_word' id='word_1_36' title='bbox 954 977 1281 1061; x_wconf 82' lang='lat' dir='ltr'>probanda</span> <span class='ocrx_word' id='word_1_37' title='bbox 1328 979 1501 1054; x_wconf 84' lang='lat' dir='ltr'>sunt,</span> <span class='ocrx_word' id='word_1_38' title='bbox 1552 976 1675 1040; x_wconf 90' lang='lat' dir='ltr'>erit</span> <span class='ocrx_word' id='word_1_39' title='bbox 1719 976 1844 1041; x_wconf 91' lang='lat' dir='ltr'>hoc</span> <span class='ocrx_word' id='word_1_40' title='bbox 1887 976 2146 1042; x_wconf 81' lang='lat' dir='ltr'>falsum.</span> <span class='ocrx_word' id='word_1_41' title='bbox 2211 977 2452 1062; x_wconf 83' lang='lat' dir='ltr'>poterit</span> <span class='ocrx_word' id='word_1_42' title='bbox 2497 977 2668 1043; x_wconf 90' lang='lat' dir='ltr'>enim</span> <span class='ocrx_word' id='word_1_43' title='bbox 2718 981 2788 1042; x_wconf 80' lang='lat' dir='ltr'>et</span> 
     </span>
     <span class='ocr_line' id='line_1_6' title="bbox 479 1082 2892 1170; baseline -0.002 -19"><span class='ocrx_word' id='word_1_44' title='bbox 479 1086 667 1152; x_wconf 88' lang='lat' dir='ltr'>uobis</span> <span class='ocrx_word' id='word_1_45' title='bbox 730 1083 1102 1170; x_wconf 82' lang='lat' dir='ltr'>responderi</span> <span class='ocrx_word' id='word_1_46' title='bbox 1164 1083 1231 1148; x_wconf 92' lang='lat' dir='ltr'>in</span> <span class='ocrx_word' id='word_1_47' title='bbox 1294 1083 1467 1148; x_wconf 89' lang='lat' dir='ltr'>hunc</span> <span class='ocrx_word' id='word_1_48' title='bbox 1528 1082 1831 1162; x_wconf 89' lang='lat' dir='ltr'>modum,</span> <span class='ocrx_word' id='word_1_49' title='bbox 1907 1083 2056 1165; x_wconf 80' lang='lat' dir='ltr'>quia</span> <span class='ocrx_word' id='word_1_50' title='bbox 2128 1084 2222 1160; x_wconf 81' lang='lat' dir='ltr'>„si</span> <span class='ocrx_word' id='word_1_51' title='bbox 2285 1087 2476 1149; x_wconf 83' lang='lat' dir='ltr'>natus</span> <span class='ocrx_word' id='word_1_52' title='bbox 2543 1089 2645 1150; x_wconf 84' lang='lat' dir='ltr'>est</span> <span class='ocrx_word' id='word_1_53' title='bbox 2709 1104 2786 1148; x_wconf 81' lang='lat' dir='ltr'>ex</span> <span class='ocrx_word' id='word_1_54' title='bbox 2859 1107 2892 1146; x_wconf 66' lang='lat' dir='ltr'>s</span> 
     </span>
     <span class='ocr_line' id='line_1_7' title="bbox 476 1187 2790 1274; baseline -0.001 -16"><span class='ocrx_word' id='word_1_55' title='bbox 476 1191 717 1258; x_wconf 86' lang='lat' dir='ltr'>femina</span> <span class='ocrx_word' id='word_1_56' title='bbox 760 1191 967 1268; x_wconf 82' lang='lat' dir='ltr'>Iesus,</span> <span class='ocrx_word' id='word_1_57' title='bbox 1016 1207 1167 1274; x_wconf 88' lang='lat' dir='ltr'>ergo</span> <span class='ocrx_word' id='word_1_58' title='bbox 1217 1192 1283 1254; x_wconf 88' lang='lat' dir='ltr'>et</span> <span class='ocrx_word' id='word_1_59' title='bbox 1328 1187 1684 1254; x_wconf 80' lang='lat' dir='ltr'>seminatus</span> <span class='ocrx_word' id='word_1_60' title='bbox 1743 1208 1817 1253; x_wconf 81' lang='lat' dir='ltr'>ex</span> <span class='ocrx_word' id='word_1_61' title='bbox 1867 1189 2008 1254; x_wconf 83' lang='lat' dir='ltr'>uiro</span> <span class='ocrx_word' id='word_1_62' title='bbox 2067 1192 2206 1266; x_wconf 69' lang='lat' dir='ltr'>est:</span> <span class='ocrx_word' id='word_1_63' title='bbox 2271 1191 2329 1255; x_wconf 81' lang='lat' dir='ltr'>si</span> <span class='ocrx_word' id='word_1_64' title='bbox 2382 1209 2536 1256; x_wconf 84' lang='lat' dir='ltr'>uero</span> <span class='ocrx_word' id='word_1_65' title='bbox 2594 1192 2790 1256; x_wconf 82' lang='lat' dir='ltr'>semi·</span> 
     </span>
     <span class='ocr_line' id='line_1_8' title="bbox 480 1295 2792 1382; baseline -0.001 -18"><span class='ocrx_word' id='word_1_66' title='bbox 480 1302 673 1364; x_wconf 81' lang='lat' dir='ltr'>natus</span> <span class='ocrx_word' id='word_1_67' title='bbox 722 1316 795 1362; x_wconf 84' lang='lat' dir='ltr'>ex</span> <span class='ocrx_word' id='word_1_68' title='bbox 839 1297 980 1362; x_wconf 88' lang='lat' dir='ltr'>uiro</span> <span class='ocrx_word' id='word_1_69' title='bbox 1028 1315 1153 1362; x_wconf 90' lang='lat' dir='ltr'>non</span> <span class='ocrx_word' id='word_1_70' title='bbox 1202 1298 1323 1374; x_wconf 83' lang='lat' dir='ltr'>est,</span> <span class='ocrx_word' id='word_1_71' title='bbox 1372 1313 1524 1380; x_wconf 87' lang='lat' dir='ltr'>ergo</span> <span class='ocrx_word' id='word_1_72' title='bbox 1570 1314 1690 1359; x_wconf 87' lang='lat' dir='ltr'>nec</span> <span class='ocrx_word' id='word_1_73' title='bbox 1733 1299 1924 1360; x_wconf 79' lang='lat' dir='ltr'>natue</span> <span class='ocrx_word' id='word_1_74' title='bbox 1973 1313 2045 1360; x_wconf 82' lang='lat' dir='ltr'>ex</span> <span class='ocrx_word' id='word_1_75' title='bbox 2082 1295 2320 1362; x_wconf 82' lang='lat' dir='ltr'>femina</span> <span class='ocrx_word' id='word_1_76' title='bbox 2357 1302 2517 1364; x_wconf 56' lang='lat' dir='ltr'>est!</span> <span class='ocrx_word' id='word_1_77' title='bbox 2569 1298 2792 1382; x_wconf 85' lang='lat' dir='ltr'>potuit</span> 
     </span>
     <span class='ocr_line' id='line_1_9' title="bbox 481 1401 2788 1490; baseline -0 -19"><span class='ocrx_word' id='word_1_78' title='bbox 481 1409 721 1484; x_wconf 84' lang='lat' dir='ltr'>autem,</span> <span class='ocrx_word' id='word_1_79' title='bbox 768 1408 845 1470; x_wconf 88' lang='lat' dir='ltr'>ut</span> <span class='ocrx_word' id='word_1_80' title='bbox 889 1423 1010 1471; x_wconf 82' lang='lat' dir='ltr'>uos</span> <span class='ocrx_word' id='word_1_81' title='bbox 1058 1401 1339 1480; x_wconf 84' lang='lat' dir='ltr'>creditis,</span> <span class='ocrx_word' id='word_1_82' title='bbox 1388 1402 1566 1468; x_wconf 82' lang='lat' dir='ltr'>nasci</span> <span class='ocrx_word' id='word_1_83' title='bbox 1613 1421 1738 1467; x_wconf 91' lang='lat' dir='ltr'>non</span> <span class='ocrx_word' id='word_1_84' title='bbox 1786 1405 2008 1478; x_wconf 68' lang='lat' dir='ltr'>satus:</span> <span class='ocrx_word' id='word_1_85' title='bbox 2063 1421 2256 1487; x_wconf 82' lang='lat' dir='ltr'>quare</span> <span class='ocrx_word' id='word_1_86' title='bbox 2303 1423 2454 1490; x_wconf 86' lang='lat' dir='ltr'>ergo</span> <span class='ocrx_word' id='word_1_87' title='bbox 2502 1425 2626 1470; x_wconf 89' lang='lat' dir='ltr'>non</span> <span class='ocrx_word' id='word_1_88' title='bbox 2673 1424 2788 1490; x_wconf 93' lang='lat' dir='ltr'>po-</span> 
     </span>
     <span class='ocr_line' id='line_1_10' title="bbox 479 1511 1465 1596; baseline -0.005 -18"><span class='ocrx_word' id='word_1_89' title='bbox 479 1512 679 1578; x_wconf 88' lang='lat' dir='ltr'>tuerit</span> <span class='ocrx_word' id='word_1_90' title='bbox 725 1515 791 1577; x_wconf 84' lang='lat' dir='ltr'>et</span> <span class='ocrx_word' id='word_1_91' title='bbox 835 1511 971 1596; x_wconf 84' lang='lat' dir='ltr'>pati</span> <span class='ocrx_word' id='word_1_92' title='bbox 1018 1528 1143 1575; x_wconf 90' lang='lat' dir='ltr'>non</span> <span class='ocrx_word' id='word_1_93' title='bbox 1190 1511 1465 1592; x_wconf 77' lang='lat' dir='ltr'>partus?</span> 
     </span>
    </p>

    <p class='ocr_par' dir='ltr' id='par_1_3' title="bbox 481 1613 2902 2873">
     <span class='ocr_line' id='line_1_11' title="bbox 570 1613 2902 1700; baseline -0.003 -17"><span class='ocrx_word' id='word_1_94' title='bbox 570 1621 632 1684; x_wconf 81' lang='lat'>2.</span> <span class='ocrx_word' id='word_1_95' title='bbox 698 1617 1167 1688; x_wconf 80' lang='lat' dir='ltr'>AUGUSTINUS</span> <span class='ocrx_word' id='word_1_96' title='bbox 1213 1613 1579 1697; x_wconf 81' lang='lat' dir='ltr'>respondit:</span> <span class='ocrx_word' id='word_1_97' title='bbox 1647 1613 1850 1680; x_wconf 88' lang='lat' dir='ltr'>Nemo</span> <span class='ocrx_word' id='word_1_98' title='bbox 1897 1615 2018 1679; x_wconf 88' lang='lat' dir='ltr'>tibi</span> <span class='ocrx_word' id='word_1_99' title='bbox 2065 1615 2382 1698; x_wconf 81' lang='lat' dir='ltr'>proponit,</span> <span class='ocrx_word' id='word_1_100' title='bbox 2439 1617 2610 1700; x_wconf 88' lang='lat' dir='ltr'>quod</span> <span class='ocrx_word' id='word_1_101' title='bbox 2665 1619 2792 1683; x_wconf 89' lang='lat' dir='ltr'>tibi</span> <span class='ocrx_word' id='word_1_102' title='bbox 2834 1639 2902 1678; x_wconf 75' lang='grc' dir='ltr'>ιο</span> 
     </span>
     <span class='ocr_line' id='line_1_12' title="bbox 481 1720 2788 1811; baseline -0.001 -19"><span class='ocrx_word' id='word_1_103' title='bbox 481 1725 805 1811; x_wconf 80' lang='lat' dir='ltr'><strong>proponis,</strong></span> <span class='ocrx_word' id='word_1_104' title='bbox 855 1723 979 1788; x_wconf 84' lang='lat' dir='ltr'>nisi</span> <span class='ocrx_word' id='word_1_105' title='bbox 1024 1722 1362 1807; x_wconf 73' lang='lat' dir='ltr'>inperitae,</span> <span class='ocrx_word' id='word_1_106' title='bbox 1412 1739 1603 1804; x_wconf 89' lang='lat' dir='ltr'>quem</span> <span class='ocrx_word' id='word_1_107' title='bbox 1650 1720 1913 1804; x_wconf 73' lang='lat' dir='ltr'>decipio,</span> <span class='ocrx_word' id='word_1_108' title='bbox 1969 1741 2094 1788; x_wconf 87' lang='lat' dir='ltr'>non</span> <span class='ocrx_word' id='word_1_109' title='bbox 2138 1722 2522 1800; x_wconf 71' lang='lat' dir='ltr'>instructuS,</span> <span class='ocrx_word' id='word_1_110' title='bbox 2573 1743 2610 1789; x_wconf 84' lang='lat' dir='ltr'>a</span> <span class='ocrx_word' id='word_1_111' title='bbox 2655 1745 2788 1808; x_wconf 91' lang='lat' dir='ltr'>quo</span> 
     </span>
     <span class='ocr_line' id='line_1_13' title="bbox 485 1827 2796 1914; baseline -0.001 -16"><span class='ocrx_word' id='word_1_112' title='bbox 485 1830 911 1898; x_wconf 78' lang='lat' dir='ltr'>conuinceriS.</span> <span class='ocrx_word' id='word_1_113' title='bbox 960 1847 1108 1894; x_wconf 78' lang='lat' dir='ltr'>nam</span> <span class='ocrx_word' id='word_1_114' title='bbox 1146 1829 1331 1894; x_wconf 80' lang='lat' dir='ltr'>Iesus</span> <span class='ocrx_word' id='word_1_115' title='bbox 1380 1830 1446 1892; x_wconf 85' lang='lat' dir='ltr'>et</span> <span class='ocrx_word' id='word_1_116' title='bbox 1488 1827 1669 1893; x_wconf 81' lang='lat' dir='ltr'>nasci</span> <span class='ocrx_word' id='word_1_117' title='bbox 1712 1828 1930 1912; x_wconf 89' lang='lat' dir='ltr'>potuit</span> <span class='ocrx_word' id='word_1_118' title='bbox 1973 1847 2100 1894; x_wconf 87' lang='lat' dir='ltr'>non</span> <span class='ocrx_word' id='word_1_119' title='bbox 2147 1833 2329 1895; x_wconf 80' lang='lat' dir='ltr'>satus</span> <span class='ocrx_word' id='word_1_120' title='bbox 2379 1833 2447 1894; x_wconf 91' lang='lat' dir='ltr'>et</span> <span class='ocrx_word' id='word_1_121' title='bbox 2485 1832 2624 1914; x_wconf 71' lang='lat' dir='ltr'>pati</span> <span class='ocrx_word' id='word_1_122' title='bbox 2659 1851 2796 1897; x_wconf 77' lang='lat' dir='ltr'>nou</span> 
     </span>
     <span class='ocr_line' id='line_1_14' title="bbox 483 1935 2790 2025; baseline -0 -21"><span class='ocrx_word' id='word_1_123' title='bbox 483 1942 745 2025; x_wconf 58' lang='lat' dir='ltr'>partum</span> <span class='ocrx_word' id='word_1_124' title='bbox 805 1936 919 2003; x_wconf 82' lang='lat' dir='ltr'>sed</span> <span class='ocrx_word' id='word_1_125' title='bbox 974 1953 1175 2000; x_wconf 87' lang='lat' dir='ltr'>unum</span> <span class='ocrx_word' id='word_1_126' title='bbox 1222 1935 1451 2000; x_wconf 88' lang='lat' dir='ltr'>horum</span> <span class='ocrx_word' id='word_1_127' title='bbox 1496 1935 1731 2014; x_wconf 90' lang='lat' dir='ltr'>uoluit,</span> <span class='ocrx_word' id='word_1_128' title='bbox 1779 1935 2050 2000; x_wconf 80' lang='lat' dir='ltr'>alterum</span> <span class='ocrx_word' id='word_1_129' title='bbox 2098 1935 2325 2001; x_wconf 89' lang='lat' dir='ltr'>noluit.</span> <span class='ocrx_word' id='word_1_130' title='bbox 2391 1937 2568 2002; x_wconf 82' lang='lat' dir='ltr'>nasci</span> <span class='ocrx_word' id='word_1_131' title='bbox 2615 1937 2790 2003; x_wconf 87' lang='lat' dir='ltr'>enim</span> 
     </span>
     <span class='ocr_line' id='line_1_15' title="bbox 488 2040 2793 2128; baseline -0 -17"><span class='ocrx_word' id='word_1_132' title='bbox 488 2065 614 2111; x_wconf 91' lang='lat' dir='ltr'>non</span> <span class='ocrx_word' id='word_1_133' title='bbox 662 2047 842 2109; x_wconf 81' lang='lat' dir='ltr'>satus</span> <span class='ocrx_word' id='word_1_134' title='bbox 889 2040 1122 2119; x_wconf 83' lang='lat' dir='ltr'>uoluit,</span> <span class='ocrx_word' id='word_1_135' title='bbox 1170 2041 1305 2126; x_wconf 82' lang='lat' dir='ltr'>pati</span> <span class='ocrx_word' id='word_1_136' title='bbox 1353 2044 1569 2105; x_wconf 83' lang='lat' dir='ltr'>autem</span> <span class='ocrx_word' id='word_1_137' title='bbox 1625 2059 1750 2106; x_wconf 88' lang='lat' dir='ltr'>non</span> <span class='ocrx_word' id='word_1_138' title='bbox 1805 2045 2028 2124; x_wconf 80' lang='lat' dir='ltr'>partus</span> <span class='ocrx_word' id='word_1_139' title='bbox 2082 2042 2311 2121; x_wconf 80' lang='lat' dir='ltr'>noluit,</span> <span class='ocrx_word' id='word_1_140' title='bbox 2359 2043 2510 2127; x_wconf 81' lang='lat' dir='ltr'>quia</span> <span class='ocrx_word' id='word_1_141' title='bbox 2561 2048 2793 2128; x_wconf 78' lang='lat' dir='ltr'>partus</span> 
     </span>
     <span class='ocr_line' id='line_1_16' title="bbox 488 2147 2898 2236; baseline -0.001 -19"><span class='ocrx_word' id='word_1_142' title='bbox 488 2156 591 2218; x_wconf 83' lang='lat' dir='ltr'>est</span> <span class='ocrx_word' id='word_1_143' title='bbox 642 2167 893 2234; x_wconf 80' lang='lat' dir='ltr'>passus.</span> <span class='ocrx_word' id='word_1_144' title='bbox 962 2147 1144 2214; x_wconf 83' lang='lat' dir='ltr'>diois·</span> <span class='ocrx_word' id='word_1_145' title='bbox 1181 2147 1377 2216; x_wconf 82' lang='lat' dir='ltr'>mihi:</span> <span class='ocrx_word' id='word_1_146' title='bbox 1442 2147 1616 2212; x_wconf 90' lang='lat' dir='ltr'>unde</span> <span class='ocrx_word' id='word_1_147' title='bbox 1672 2147 1854 2214; x_wconf 77' lang='lat' dir='ltr'>scis?</span> <span class='ocrx_word' id='word_1_148' title='bbox 1919 2148 2070 2230; x_wconf 78' lang='lat' dir='ltr'>quia</span> <span class='ocrx_word' id='word_1_149' title='bbox 2132 2149 2255 2216; x_wconf 89' lang='lat' dir='ltr'>hoc</span> <span class='ocrx_word' id='word_1_150' title='bbox 2319 2149 2386 2215; x_wconf 88' lang='lat' dir='ltr'>in</span> <span class='ocrx_word' id='word_1_151' title='bbox 2450 2152 2790 2236; x_wconf 82' lang='lat' dir='ltr'>euangelio</span> <span class='ocrx_word' id='word_1_152' title='bbox 2829 2174 2898 2214; x_wconf 64' lang='grc' dir='ltr'>ιε</span> 
     </span>
     <span class='ocr_line' id='line_1_17' title="bbox 485 2253 2795 2340; baseline -0 -17"><span class='ocrx_word' id='word_1_153' title='bbox 485 2257 781 2323; x_wconf 79' lang='lat' dir='ltr'>ueritatis</span> <span class='ocrx_word' id='word_1_154' title='bbox 844 2256 1017 2340; x_wconf 87' lang='lat' dir='ltr'>lego.</span> <span class='ocrx_word' id='word_1_155' title='bbox 1084 2254 1141 2319; x_wconf 82' lang='lat' dir='ltr'>si</span> <span class='ocrx_word' id='word_1_156' title='bbox 1198 2257 1415 2319; x_wconf 82' lang='lat' dir='ltr'>autem</span> <span class='ocrx_word' id='word_1_157' title='bbox 1479 2253 1601 2318; x_wconf 88' lang='lat' dir='ltr'>tibi</span> <span class='ocrx_word' id='word_1_158' title='bbox 1667 2253 1914 2322; x_wconf 83' lang='lat' dir='ltr'>dicam:</span> <span class='ocrx_word' id='word_1_159' title='bbox 1979 2255 2150 2320; x_wconf 84' lang='lat' dir='ltr'>unde</span> <span class='ocrx_word' id='word_1_160' title='bbox 2214 2254 2348 2321; x_wconf 76' lang='lat' dir='ltr'>seis</span> <span class='ocrx_word' id='word_1_161' title='bbox 2407 2255 2558 2332; x_wconf 74' lang='lat' dir='ltr'>ista,</span> <span class='ocrx_word' id='word_1_162' title='bbox 2623 2275 2795 2339; x_wconf 80' lang='lat' dir='ltr'>quae</span> 
     </span>
     <span class='ocr_line' id='line_1_18' title="bbox 487 2359 2792 2446; baseline -0 -17"><span class='ocrx_word' id='word_1_163' title='bbox 487 2363 648 2430; x_wconf 87' lang='lat' dir='ltr'>dicis</span> <span class='ocrx_word' id='word_1_164' title='bbox 670 2366 701 2430; x_wconf 74' lang='lat' dir='ltr'>P</span> <span class='ocrx_word' id='word_1_165' title='bbox 774 2359 1137 2428; x_wconf 81' lang='lat' dir='ltr'>Manichaei</span> <span class='ocrx_word' id='word_1_166' title='bbox 1200 2359 1360 2425; x_wconf 90' lang='lat' dir='ltr'>mihi</span> <span class='ocrx_word' id='word_1_167' title='bbox 1428 2360 1698 2446; x_wconf 84' lang='lat' dir='ltr'>obponis</span> <span class='ocrx_word' id='word_1_168' title='bbox 1763 2361 2236 2440; x_wconf 79' lang='lat' dir='ltr'>auctoritatem,</span> <span class='ocrx_word' id='word_1_169' title='bbox 2302 2361 2464 2428; x_wconf 81' lang='lat' dir='ltr'>dicis</span> <span class='ocrx_word' id='word_1_170' title='bbox 2521 2379 2664 2427; x_wconf 76' lang='lat' dir='ltr'>esse</span> <span class='ocrx_word' id='word_1_171' title='bbox 2721 2363 2792 2428; x_wconf 90' lang='lat' dir='ltr'>in</span> 
     </span>
     <span class='ocr_line' id='line_1_19' title="bbox 488 2465 2792 2554; baseline -0.001 -18"><span class='ocrx_word' id='word_1_172' title='bbox 488 2468 825 2554; x_wconf 84' lang='lat' dir='ltr'>euangelio</span> <span class='ocrx_word' id='word_1_173' title='bbox 872 2467 1247 2532; x_wconf 80' lang='lat' dir='ltr'>falsitatem.</span> <span class='ocrx_word' id='word_1_174' title='bbox 1314 2485 1433 2551; x_wconf 88' lang='lat' dir='ltr'>ego</span> <span class='ocrx_word' id='word_1_175' title='bbox 1491 2469 1704 2531; x_wconf 81' lang='lat' dir='ltr'>autem</span> <span class='ocrx_word' id='word_1_176' title='bbox 1755 2466 2132 2534; x_wconf 81' lang='lat' dir='ltr'>Manichaeo</span> <span class='ocrx_word' id='word_1_177' title='bbox 2185 2468 2316 2534; x_wconf 73' lang='lat' dir='ltr'>ista</span> <span class='ocrx_word' id='word_1_178' title='bbox 2365 2465 2605 2534; x_wconf 79' lang='lat' dir='ltr'>dicenti</span> <span class='ocrx_word' id='word_1_179' title='bbox 2659 2487 2792 2534; x_wconf 86' lang='lat' dir='ltr'>non</span> 
     </span>
     <span class='ocr_line' id='line_1_20' title="bbox 490 2572 2790 2643; baseline -0.001 -1"><span class='ocrx_word' id='word_1_180' title='bbox 490 2576 813 2643; x_wconf 80' lang='lat' dir='ltr'>crederem</span> <span class='ocrx_word' id='word_1_181' title='bbox 858 2593 975 2638; x_wconf 90' lang='lat' dir='ltr'>nec</span> <span class='ocrx_word' id='word_1_182' title='bbox 1022 2574 1079 2638; x_wconf 82' lang='lat' dir='ltr'>si</span> <span class='ocrx_word' id='word_1_183' title='bbox 1124 2592 1250 2638; x_wconf 89' lang='lat' dir='ltr'>non</span> <span class='ocrx_word' id='word_1_184' title='bbox 1296 2573 1455 2638; x_wconf 88' lang='lat' dir='ltr'>mihi</span> <span class='ocrx_word' id='word_1_185' title='bbox 1502 2572 1833 2639; x_wconf 74' lang='lat' dir='ltr'>Christum</span> <span class='ocrx_word' id='word_1_186' title='bbox 1877 2575 2222 2640; x_wconf 79' lang='lat' dir='ltr'>mentitum</span> <span class='ocrx_word' id='word_1_187' title='bbox 2278 2593 2421 2641; x_wconf 82' lang='lat' dir='ltr'>esse</span> <span class='ocrx_word' id='word_1_188' title='bbox 2474 2573 2790 2640; x_wconf 81' lang='lat' dir='ltr'>laudaret.</span> 
     </span>
     <span class='ocr_line' id='line_1_21' title="bbox 489 2677 2894 2767; baseline -0.002 -19"><span class='ocrx_word' id='word_1_189' title='bbox 489 2683 661 2767; x_wconf 89' lang='lat' dir='ltr'>quod</span> <span class='ocrx_word' id='word_1_190' title='bbox 716 2680 972 2765; x_wconf 87' lang='lat' dir='ltr'>quidem</span> <span class='ocrx_word' id='word_1_191' title='bbox 1027 2679 1094 2743; x_wconf 90' lang='lat' dir='ltr'>in</span> <span class='ocrx_word' id='word_1_192' title='bbox 1152 2677 1406 2745; x_wconf 84' lang='lat' dir='ltr'>Christo</span> <span class='ocrx_word' id='word_1_193' title='bbox 1463 2699 1588 2745; x_wconf 90' lang='lat' dir='ltr'>non</span> <span class='ocrx_word' id='word_1_194' title='bbox 1643 2679 1914 2758; x_wconf 86' lang='lat' dir='ltr'>inuenit,</span> <span class='ocrx_word' id='word_1_195' title='bbox 1971 2679 2084 2744; x_wconf 70' lang='lat' dir='ltr'>sed</span> <span class='ocrx_word' id='word_1_196' title='bbox 2139 2680 2295 2764; x_wconf 87' lang='lat' dir='ltr'>quid</span> <span class='ocrx_word' id='word_1_197' title='bbox 2355 2681 2496 2765; x_wconf 82' lang='lat' dir='ltr'>ipse</span> <span class='ocrx_word' id='word_1_198' title='bbox 2561 2681 2794 2766; x_wconf 84' lang='lat' dir='ltr'>diligat</span> <span class='ocrx_word' id='word_1_199' title='bbox 2827 2703 2894 2742; x_wconf 77' lang='grc' dir='ltr'>ιο</span> 
     </span>
     <span class='ocr_line' id='line_1_22' title="bbox 489 2788 718 2873; baseline -0.004 -20"><span class='ocrx_word' id='word_1_200' title='bbox 489 2788 718 2873; x_wconf 85' lang='lat' dir='ltr'>prodit.</span> 
     </span>
    </p>
   </div>
   <div class='ocr_carea' id='block_1_3' title="bbox 1158 2973 2119 3032">
    <p class='ocr_par' dir='ltr' id='par_1_4' title="bbox 1158 2973 2119 3032">
     <span class='ocr_line' id='line_1_23' title="bbox 1158 2973 2119 3032; baseline 0.002 -2"><span class='ocrx_word' id='word_1_201' title='bbox 1158 2975 1375 3030; x_wconf 85' lang='lat' dir='ltr'><strong>LIBER</strong></span> <span class='ocrx_word' id='word_1_202' title='bbox 1410 2973 2119 3032; x_wconf 77' lang='lat' dir='ltr'><strong>DUODETRIGESIMUS.</strong></span> 
     </span>
    </p>
   </div>
   <div class='ocr_carea' id='block_1_4' title="bbox 496 3082 2888 3811">
    <p class='ocr_par' dir='ltr' id='par_1_5' title="bbox 496 3082 2888 3811">
     <span class='ocr_line' id='line_1_24' title="bbox 586 3082 2788 3168; baseline 0.004 -20"><span class='ocrx_word' id='word_1_203' title='bbox 586 3090 644 3152; x_wconf 90' lang='lat'>1.</span> <span class='ocrx_word' id='word_1_204' title='bbox 693 3087 1021 3158; x_wconf 81' lang='lat' dir='ltr'>FAUSTUS</span> <span class='ocrx_word' id='word_1_205' title='bbox 1070 3085 1267 3150; x_wconf 81' lang='lat' dir='ltr'>dixit:</span> <span class='ocrx_word' id='word_1_206' title='bbox 1317 3082 1441 3149; x_wconf 84' lang='lat' dir='ltr'>Sed</span> <span class='ocrx_word' id='word_1_207' title='bbox 1488 3104 1615 3150; x_wconf 89' lang='lat' dir='ltr'>non</span> <span class='ocrx_word' id='word_1_208' title='bbox 1661 3087 1913 3168; x_wconf 78' lang='lat' dir='ltr'>poterat</span> <span class='ocrx_word' id='word_1_209' title='bbox 1956 3085 2138 3165; x_wconf 87' lang='lat' dir='ltr'>mori,</span> <span class='ocrx_word' id='word_1_210' title='bbox 2185 3087 2312 3154; x_wconf 85' lang='lat' dir='ltr'>nisi</span> <span class='ocrx_word' id='word_1_211' title='bbox 2355 3092 2550 3156; x_wconf 79' lang='lat' dir='ltr'>natus</span> <span class='ocrx_word' id='word_1_212' title='bbox 2595 3096 2788 3158; x_wconf 74' lang='lat' dir='ltr'>esset.</span> 
     </span>
     <span class='ocr_line' id='line_1_25' title="bbox 496 3190 2790 3278; baseline 0.002 -19"><span class='ocrx_word' id='word_1_213' title='bbox 496 3198 563 3260; x_wconf 86' lang='lat' dir='ltr'>et</span> <span class='ocrx_word' id='word_1_214' title='bbox 630 3212 747 3278; x_wconf 88' lang='lat' dir='ltr'>ego</span> <span class='ocrx_word' id='word_1_215' title='bbox 808 3190 1199 3275; x_wconf 84' lang='lat' dir='ltr'>respondeo:</span> <span class='ocrx_word' id='word_1_216' title='bbox 1264 3209 1380 3256; x_wconf 89' lang='lat' dir='ltr'>nec</span> <span class='ocrx_word' id='word_1_217' title='bbox 1444 3191 1620 3256; x_wconf 80' lang='lat' dir='ltr'>nasci</span> <span class='ocrx_word' id='word_1_218' title='bbox 1675 3194 1947 3275; x_wconf 84' lang='lat' dir='ltr'>poterat,</span> <span class='ocrx_word' id='word_1_219' title='bbox 2004 3191 2129 3258; x_wconf 82' lang='lat' dir='ltr'>nisi</span> <span class='ocrx_word' id='word_1_220' title='bbox 2183 3191 2340 3260; x_wconf 84' lang='lat' dir='ltr'>deus</span> <span class='ocrx_word' id='word_1_221' title='bbox 2397 3213 2522 3261; x_wconf 88' lang='lat' dir='ltr'>non</span> <span class='ocrx_word' id='word_1_222' title='bbox 2577 3202 2790 3274; x_wconf 77' lang='lat' dir='ltr'>esset3</span> 
     </span>
     <span class='ocr_line' id='line_1_26' title="bbox 499 3295 2888 3381; baseline 0 -17"><span class='ocrx_word' id='word_1_223' title='bbox 499 3302 613 3364; x_wconf 86' lang='lat' dir='ltr'>aut</span> <span class='ocrx_word' id='word_1_224' title='bbox 660 3298 715 3362; x_wconf 86' lang='lat' dir='ltr'>si</span> <span class='ocrx_word' id='word_1_225' title='bbox 761 3296 977 3381; x_wconf 86' lang='lat' dir='ltr'>potuit</span> <span class='ocrx_word' id='word_1_226' title='bbox 1020 3299 1085 3360; x_wconf 86' lang='lat' dir='ltr'>et</span> <span class='ocrx_word' id='word_1_227' title='bbox 1132 3295 1289 3362; x_wconf 81' lang='lat' dir='ltr'>deus</span> <span class='ocrx_word' id='word_1_228' title='bbox 1338 3315 1480 3362; x_wconf 82' lang='lat' dir='ltr'>esse</span> <span class='ocrx_word' id='word_1_229' title='bbox 1528 3299 1597 3361; x_wconf 90' lang='lat' dir='ltr'>et</span> <span class='ocrx_word' id='word_1_230' title='bbox 1639 3297 1837 3374; x_wconf 81' lang='lat' dir='ltr'>nasci,</span> <span class='ocrx_word' id='word_1_231' title='bbox 1885 3315 2078 3379; x_wconf 79' lang='lat' dir='ltr'>quare</span> <span class='ocrx_word' id='word_1_232' title='bbox 2135 3317 2258 3364; x_wconf 85' lang='lat' dir='ltr'>non</span> <span class='ocrx_word' id='word_1_233' title='bbox 2315 3303 2383 3365; x_wconf 85' lang='lat' dir='ltr'>et</span> <span class='ocrx_word' id='word_1_234' title='bbox 2436 3316 2560 3368; x_wconf 75' lang='lat' dir='ltr'>nou</span> <span class='ocrx_word' id='word_1_235' title='bbox 2615 3303 2790 3368; x_wconf 77' lang='lat' dir='ltr'>nasci</span> <span class='ocrx_word' id='word_1_236' title='bbox 2825 3322 2888 3364; x_wconf 60' lang='grc' dir='ltr'>π.</span> 
     </span>
     <span class='ocr_line' id='line_1_27' title="bbox 496 3402 2791 3491; baseline 0.001 -19"><span class='ocrx_word' id='word_1_237' title='bbox 496 3403 783 3491; x_wconf 90' lang='lat' dir='ltr'>potuerit</span> <span class='ocrx_word' id='word_1_238' title='bbox 816 3405 882 3467; x_wconf 89' lang='lat' dir='ltr'>et</span> <span class='ocrx_word' id='word_1_239' title='bbox 917 3403 1129 3469; x_wconf 77' lang='lat' dir='ltr'>mori?</span> <span class='ocrx_word' id='word_1_240' title='bbox 1175 3402 1359 3468; x_wconf 85' lang='lat' dir='ltr'>uides</span> <span class='ocrx_word' id='word_1_241' title='bbox 1408 3422 1559 3488; x_wconf 86' lang='lat' dir='ltr'>ergo</span> <span class='ocrx_word' id='word_1_242' title='bbox 1608 3403 1769 3469; x_wconf 90' lang='lat' dir='ltr'>utile</span> <span class='ocrx_word' id='word_1_243' title='bbox 1816 3404 1974 3470; x_wconf 78' lang='lat' dir='ltr'>satis</span> <span class='ocrx_word' id='word_1_244' title='bbox 2022 3423 2142 3470; x_wconf 89' lang='lat' dir='ltr'>non</span> <span class='ocrx_word' id='word_1_245' title='bbox 2195 3424 2337 3472; x_wconf 82' lang='lat' dir='ltr'>esse</span> <span class='ocrx_word' id='word_1_246' title='bbox 2383 3407 2448 3471; x_wconf 91' lang='lat' dir='ltr'>in</span> <span class='ocrx_word' id='word_1_247' title='bbox 2495 3406 2596 3472; x_wconf 80' lang='lat' dir='ltr'>his</span> <span class='ocrx_word' id='word_1_248' title='bbox 2645 3427 2791 3474; x_wconf 85' lang='lat' dir='ltr'>con—</span> 
     </span>
     <span class='ocr_line' id='line_1_28' title="bbox 496 3509 2798 3604; baseline 0 -23"><span class='ocrx_word' id='word_1_249' title='bbox 496 3511 897 3597; x_wconf 80' lang='lat' dir='ltr'>sequentiam</span> <span class='ocrx_word' id='word_1_250' title='bbox 956 3527 1262 3604; x_wconf 27' lang='lat' dir='ltr'>·quaerere</span> <span class='ocrx_word' id='word_1_251' title='bbox 1328 3513 1442 3573; x_wconf 83' lang='lat' dir='ltr'>aut</span> <span class='ocrx_word' id='word_1_252' title='bbox 1505 3509 1901 3594; x_wconf 80' lang='lat' dir='ltr'>argumentis</span> <span class='ocrx_word' id='word_1_253' title='bbox 1965 3510 2188 3590; x_wconf 79' lang='lat' dir='ltr'>adniti,</span> <span class='ocrx_word' id='word_1_254' title='bbox 2253 3531 2400 3577; x_wconf 86' lang='lat' dir='ltr'>eum</span> <span class='ocrx_word' id='word_1_255' title='bbox 2467 3513 2546 3579; x_wconf 87' lang='lat' dir='ltr'>de</span> <span class='ocrx_word' id='word_1_256' title='bbox 2597 3515 2798 3581; x_wconf 75' lang='lat' dir='ltr'>rebus</span> 
     </span>
     <span class='ocr_line' id='line_1_29' title="bbox 498 3616 2792 3706; baseline 0.001 -22"><span class='ocrx_word' id='word_1_257' title='bbox 498 3621 729 3706; x_wconf 87' lang='lat' dir='ltr'>agitur,</span> <span class='ocrx_word' id='word_1_258' title='bbox 778 3636 939 3700; x_wconf 85' lang='lat' dir='ltr'>quae</span> <span class='ocrx_word' id='word_1_259' title='bbox 983 3617 1344 3701; x_wconf 84' lang='lat' dir='ltr'>pertineant</span> <span class='ocrx_word' id='word_1_260' title='bbox 1379 3616 1459 3681; x_wconf 85' lang='lat' dir='ltr'>ad</span> <span class='ocrx_word' id='word_1_261' title='bbox 1496 3617 1750 3692; x_wconf 77' lang='lat' dir='ltr'>Iesum3</span> <span class='ocrx_word' id='word_1_262' title='bbox 1801 3616 1914 3682; x_wconf 87' lang='lat' dir='ltr'>sed</span> <span class='ocrx_word' id='word_1_263' title='bbox 1951 3617 2382 3701; x_wconf 83' lang='lat' dir='ltr'>quaerendum</span> <span class='ocrx_word' id='word_1_264' title='bbox 2415 3621 2632 3704; x_wconf 82' lang='lat' dir='ltr'>potius</span> <span class='ocrx_word' id='word_1_265' title='bbox 2669 3625 2792 3702; x_wconf 87' lang='lat' dir='ltr'>est,</span> 
     </span>
     <span class='ocr_line' id='line_1_30' title="bbox 499 3721 2788 3811; baseline 0 -19"><span class='ocrx_word' id='word_1_266' title='bbox 499 3727 651 3811; x_wconf 91' lang='lat' dir='ltr'>quid</span> <span class='ocrx_word' id='word_1_267' title='bbox 707 3727 846 3809; x_wconf 86' lang='lat' dir='ltr'>ipse</span> <span class='ocrx_word' id='word_1_268' title='bbox 904 3724 981 3789; x_wconf 88' lang='lat' dir='ltr'>de</span> <span class='ocrx_word' id='word_1_269' title='bbox 1038 3743 1107 3790; x_wconf 84' lang='lat' dir='ltr'>se</span> <span class='ocrx_word' id='word_1_270' title='bbox 1166 3721 1401 3807; x_wconf 89' lang='lat' dir='ltr'>quidue</span> <span class='ocrx_word' id='word_1_271' title='bbox 1457 3722 1732 3806; x_wconf 83' lang='lat' dir='ltr'>apostoli</span> <span class='ocrx_word' id='word_1_272' title='bbox 1789 3723 1888 3789; x_wconf 87' lang='lat' dir='ltr'>sui</span> <span class='ocrx_word' id='word_1_273' title='bbox 1948 3723 2023 3788; x_wconf 90' lang='lat' dir='ltr'>de</span> <span class='ocrx_word' id='word_1_274' title='bbox 2080 3723 2304 3790; x_wconf 87' lang='lat' dir='ltr'>eodem</span> <span class='ocrx_word' id='word_1_275' title='bbox 2351 3726 2788 3808; x_wconf 81' lang='lat' dir='ltr'>praedicarint.</span> 
     </span>
    </p>
   </div>
   <div class='ocr_carea' id='block_1_5' title="bbox 570 3895 2798 3974">
    <p class='ocr_par' dir='ltr' id='par_1_6' title="bbox 570 3895 2798 3974">
     <span class='ocr_line' id='line_1_31' title="bbox 570 3895 2798 3974; baseline 0.001 -18"><span class='ocrx_word' id='word_1_276' title='bbox 570 3902 601 3956; x_wconf 92' lang='lat'>1</span> <span class='ocrx_word' id='word_1_277' title='bbox 640 3915 863 3970; x_wconf 84' lang='lat' dir='ltr'>querere</span> <span class='ocrx_word' id='word_1_278' title='bbox 896 3897 943 3954; x_wconf 82' lang='lat'><em>0</em></span> <span class='ocrx_word' id='word_1_279' title='bbox 1044 3898 1079 3952; x_wconf 82' lang='lat'><strong>3</strong></span> <span class='ocrx_word' id='word_1_280' title='bbox 1109 3897 1253 3952; x_wconf 87' lang='lat' dir='ltr'>uirili</span> <span class='ocrx_word' id='word_1_281' title='bbox 1282 3897 1317 3952; x_wconf 87' lang='lat' dir='ltr'><strong><em>b</em></strong></span> <span class='ocrx_word' id='word_1_282' title='bbox 1425 3896 1459 3951; x_wconf 82' lang='lat'>6</span> <span class='ocrx_word' id='word_1_283' title='bbox 1488 3899 1545 3950; x_wconf 89' lang='lat' dir='ltr'>et</span> <span class='ocrx_word' id='word_1_284' title='bbox 1572 3895 1620 3968; x_wconf 61' lang='lat' dir='ltr'>gi</span> <span class='ocrx_word' id='word_1_285' title='bbox 1657 3896 1704 3951; x_wconf 83' lang='lat'><em>0</em></span> <span class='ocrx_word' id='word_1_286' title='bbox 1843 3897 1878 3950; x_wconf 84' lang='lat'>9</span> <span class='ocrx_word' id='word_1_287' title='bbox 1917 3902 1974 3952; x_wconf 87' lang='lat' dir='ltr'>et</span> <span class='ocrx_word' id='word_1_288' title='bbox 2007 3898 2063 3952; x_wconf 79' lang='lat' dir='ltr'>in</span> <span class='ocrx_word' id='word_1_289' title='bbox 2093 3900 2378 3969; x_wconf 70' lang='lat' dir='ltr'>euangelio</span> <span class='ocrx_word' id='word_1_290' title='bbox 2409 3901 2442 3954; x_wconf 77' lang='lat' dir='ltr'><strong><em>b</em></strong></span> <span class='ocrx_word' id='word_1_291' title='bbox 2552 3902 2619 3956; x_wconf 90' lang='grc'>10</span> <span class='ocrx_word' id='word_1_292' title='bbox 2653 3904 2798 3974; x_wconf 74' lang='lat' dir='ltr'>Gap.</span> 
     </span>
    </p>
   </div>
   <div class='ocr_carea' id='block_1_6' title="bbox 496 3983 2810 4264">
    <p class='ocr_par' dir='ltr' id='par_1_7' title="bbox 496 3983 2810 4264">
     <span class='ocr_line' id='line_1_32' title="bbox 496 3983 2802 4085; baseline 0.001 -15"><span class='ocrx_word' id='word_1_293' title='bbox 496 4016 624 4070; x_wconf 87' lang='lat' dir='ltr'>LIII</span> <span class='ocrx_word' id='word_1_294' title='bbox 664 4013 947 4069; x_wconf 75' lang='lat' dir='ltr'><strong><em>LPSGM</em></strong></span> <span class='ocrx_word' id='word_1_295' title='bbox 1076 4013 1379 4085; x_wconf 74' lang='lat' dir='ltr'>Agnetinus</span> <span class='ocrx_word' id='word_1_296' title='bbox 1417 4015 1471 4068; x_wconf 90' lang='lat' dir='ltr'><em>L</em></span> <span class='ocrx_word' id='word_1_297' title='bbox 1614 4015 1717 4071; x_wconf 85' lang='lat' dir='ltr'>tibi</span> <span class='ocrx_word' id='word_1_298' title='bbox 1753 4032 1799 4071; x_wconf 73' lang='grc' dir='ltr'>ε.</span> <span class='ocrx_word' id='word_1_299' title='bbox 1838 4015 1874 4070; x_wconf 75' lang='lat'>1.</span> <span class='ocrx_word' id='word_1_300' title='bbox 1911 4031 1981 4069; x_wconf 87' lang='lat' dir='ltr'>m.</span> <span class='ocrx_word' id='word_1_301' title='bbox 2021 4019 2056 4068; x_wconf 80' lang='lat'><em>1</em></span> <span class='ocrx_word' id='word_1_302' title='bbox 2085 4015 2139 4068; x_wconf 90' lang='lat' dir='ltr'><em>L</em></span> <span class='ocrx_word' id='word_1_303' title='bbox 2247 4015 2316 4070; x_wconf 86' lang='lat'>12</span> <span class='ocrx_word' id='word_1_304' title='bbox 2355 3983 2688 4084; x_wconf 54' lang='lat' dir='ltr'>conuincgris</span> <span class='ocrx_word' id='word_1_305' title='bbox 2725 4021 2802 4074; x_wconf 74' lang='lat' dir='ltr'><strong><em>M</em></strong></span> 
     </span>
     <span class='ocr_line' id='line_1_33' title="bbox 502 4100 2810 4177; baseline 0.001 -18"><span class='ocrx_word' id='word_1_306' title='bbox 502 4106 569 4159; x_wconf 83' lang='lat'>16</span> <span class='ocrx_word' id='word_1_307' title='bbox 588 4105 696 4158; x_wconf 81' lang='lat' dir='ltr'>ista</span> <span class='ocrx_word' id='word_1_308' title='bbox 716 4103 878 4172; x_wconf 82' lang='lat' dir='ltr'>quae]</span> <span class='ocrx_word' id='word_1_309' title='bbox 894 4102 1038 4172; x_wconf 78' lang='lat' dir='ltr'>itaq:</span> <span class='ocrx_word' id='word_1_310' title='bbox 1060 4100 1113 4155; x_wconf 89' lang='lat' dir='ltr'><strong><em>L</em></strong></span> <span class='ocrx_word' id='word_1_311' title='bbox 1130 4100 1187 4155; x_wconf 88' lang='lat' dir='ltr'>id</span> <span class='ocrx_word' id='word_1_312' title='bbox 1209 4103 1280 4173; x_wconf 79' lang='lat' dir='ltr'>qd</span> <span class='ocrx_word' id='word_1_313' title='bbox 1302 4107 1461 4170; x_wconf 81' lang='lat' dir='ltr'>(corr.</span> <span class='ocrx_word' id='word_1_314' title='bbox 1482 4120 1547 4159; x_wconf 67' lang='grc' dir='ltr'>ως</span> <span class='ocrx_word' id='word_1_315' title='bbox 1565 4105 1647 4159; x_wconf 80' lang='lat' dir='ltr'>ita</span> <span class='ocrx_word' id='word_1_316' title='bbox 1666 4105 1826 4177; x_wconf 80' lang='lat' dir='ltr'>quae)</span> <span class='ocrx_word' id='word_1_317' title='bbox 1848 4104 1922 4158; x_wconf 79' lang='lat' dir='ltr'><strong><em>M</em></strong></span> <span class='ocrx_word' id='word_1_318' title='bbox 2009 4105 2074 4159; x_wconf 85' lang='lat'>17</span> <span class='ocrx_word' id='word_1_319' title='bbox 2093 4106 2362 4160; x_wconf 77' lang='lat' dir='ltr'>manichei</span> <span class='ocrx_word' id='word_1_320' title='bbox 2381 4105 2490 4161; x_wconf 82' lang='lat' dir='ltr'>Lc&#39;</span> <span class='ocrx_word' id='word_1_321' title='bbox 2593 4112 2650 4161; x_wconf 85' lang='lat' dir='ltr'>et</span> <span class='ocrx_word' id='word_1_322' title='bbox 2666 4108 2724 4162; x_wconf 89' lang='lat' dir='ltr'>in</span> <span class='ocrx_word' id='word_1_323' title='bbox 2751 4109 2810 4162; x_wconf 76' lang='lat'><em>0</em></span> 
     </span>
     <span class='ocr_line' id='line_1_34' title="bbox 570 4189 2800 4264; baseline 0.003 -20"><span class='ocrx_word' id='word_1_324' title='bbox 570 4191 640 4246; x_wconf 81' lang='lat'>23</span> <span class='ocrx_word' id='word_1_325' title='bbox 684 4189 821 4258; x_wconf 79' lang='lat' dir='ltr'>Cap.</span> <span class='ocrx_word' id='word_1_326' title='bbox 859 4189 1010 4243; x_wconf 84' lang='lat' dir='ltr'>LIIII</span> <span class='ocrx_word' id='word_1_327' title='bbox 1045 4189 1328 4244; x_wconf 72' lang='lat' dir='ltr'><strong><em>LPSGM</em></strong></span> <span class='ocrx_word' id='word_1_328' title='bbox 1432 4193 1501 4245; x_wconf 81' lang='lat'>25</span> <span class='ocrx_word' id='word_1_329' title='bbox 1528 4209 1636 4246; x_wconf 86' lang='lat' dir='ltr'>non</span> <span class='ocrx_word' id='word_1_330' title='bbox 1665 4199 1796 4262; x_wconf 71' lang='lat' dir='ltr'>post</span> <span class='ocrx_word' id='word_1_331' title='bbox 1824 4209 1988 4264; x_wconf 77' lang='lat' dir='ltr'>quare</span> <span class='ocrx_word' id='word_1_332' title='bbox 2018 4209 2120 4248; x_wconf 86' lang='lat' dir='ltr'>om.</span> <span class='ocrx_word' id='word_1_333' title='bbox 2159 4193 2257 4249; x_wconf 78' lang='lat' dir='ltr'>zib.</span> <span class='ocrx_word' id='word_1_334' title='bbox 2353 4193 2422 4246; x_wconf 83' lang='lat'>26</span> <span class='ocrx_word' id='word_1_335' title='bbox 2451 4197 2656 4264; x_wconf 79' lang='lat' dir='ltr'>poterit</span> <span class='ocrx_word' id='word_1_336' title='bbox 2691 4195 2800 4250; x_wconf 73' lang='lat' dir='ltr'>SG</span> 
     </span>
    </p>
   </div>
   <div class='ocr_carea' id='block_1_7' title="bbox 447 4277 2802 4440">
    <p class='ocr_par' dir='ltr' id='par_1_8' title="bbox 447 4277 2802 4440">
     <span class='ocr_line' id='line_1_35' title="bbox 447 4277 2802 4350; baseline 0.002 -16"><span class='ocrx_word' id='word_1_337' title='bbox 447 4281 468 4304; x_wconf 76' lang='lat'><em>⁶</em></span> <span class='ocrx_word' id='word_1_338' title='bbox 498 4281 569 4334; x_wconf 87' lang='grc'>29</span> <span class='ocrx_word' id='word_1_339' title='bbox 608 4278 887 4348; x_wconf 62' lang='lat' dir='ltr'>apostolus</span> <span class='ocrx_word' id='word_1_340' title='bbox 929 4277 981 4331; x_wconf 77' lang='lat' dir='ltr'><strong><em>G</em></strong></span> <span class='ocrx_word' id='word_1_341' title='bbox 1018 4279 1279 4349; x_wconf 74' lang='lat' dir='ltr'>apostolis</span> <span class='ocrx_word' id='word_1_342' title='bbox 1317 4279 1387 4332; x_wconf 83' lang='lat' dir='ltr'><em>M</em></span> <span class='ocrx_word' id='word_1_343' title='bbox 1395 4281 1407 4314; x_wconf 89' lang='lat'><strong>¹</strong></span> <span class='ocrx_word' id='word_1_344' title='bbox 1552 4281 1668 4334; x_wconf 85' lang='lat' dir='ltr'>eius</span> <span class='ocrx_word' id='word_1_345' title='bbox 1716 4283 1805 4348; x_wconf 67' lang='lat' dir='ltr'>(in</span> <span class='ocrx_word' id='word_1_346' title='bbox 1845 4285 1990 4350; x_wconf 71' lang='lat' dir='ltr'><em>ras.)</em></span> <span class='ocrx_word' id='word_1_347' title='bbox 2029 4280 2076 4336; x_wconf 75' lang='lat' dir='ltr'><strong><em>S</em></strong></span> <span class='ocrx_word' id='word_1_348' title='bbox 2117 4281 2203 4335; x_wconf 77' lang='lat' dir='ltr'>sui</span> <span class='ocrx_word' id='word_1_349' title='bbox 2252 4285 2298 4348; x_wconf 83' lang='lat' dir='ltr'>(s</span> <span class='ocrx_word' id='word_1_350' title='bbox 2345 4282 2478 4338; x_wconf 76' lang='lat' dir='ltr'>add.</span> <span class='ocrx_word' id='word_1_351' title='bbox 2516 4301 2584 4340; x_wconf 79' lang='lat' dir='ltr'>m.</span> <span class='ocrx_word' id='word_1_352' title='bbox 2625 4287 2686 4350; x_wconf 82' lang='lat'>2)</span> <span class='ocrx_word' id='word_1_353' title='bbox 2727 4285 2802 4338; x_wconf 74' lang='lat' dir='ltr'><em>M</em></span> 
     </span>
     <span class='ocr_line' id='line_1_36' title="bbox 498 4365 1790 4440; baseline 0.002 -18"><span class='ocrx_word' id='word_1_354' title='bbox 498 4365 867 4440; x_wconf 76' lang='lat' dir='ltr'>praedicarint</span> <span class='ocrx_word' id='word_1_355' title='bbox 904 4367 978 4434; x_wconf 91' lang='lat' dir='ltr'>(in</span> <span class='ocrx_word' id='word_1_356' title='bbox 1017 4368 1079 4420; x_wconf 78' lang='lat' dir='ltr'>in</span> <span class='ocrx_word' id='word_1_357' title='bbox 1117 4371 1250 4435; x_wconf 76' lang='lat' dir='ltr'>ms.)</span> <span class='ocrx_word' id='word_1_358' title='bbox 1296 4367 1343 4421; x_wconf 82' lang='lat'><em>0</em></span> <span class='ocrx_word' id='word_1_359' title='bbox 1374 4367 1712 4438; x_wconf 79' lang='lat' dir='ltr'>predicarent</span> <span class='ocrx_word' id='word_1_360' title='bbox 1751 4371 1790 4424; x_wconf 75' lang='lat' dir='ltr'><em>b</em></span> 
     </span>
    </p>
   </div>
  </div>
 </body>
</html>
