<?xml version="1.0" encoding="UTF-8"?>
<!DOCTYPE html PUBLIC "-//W3C//DTD XHTML 1.0 Transitional//EN"
    "http://www.w3.org/TR/xhtml1/DTD/xhtml1-transitional.dtd">
<html xmlns="http://www.w3.org/1999/xhtml" xml:lang="en" lang="en">
 <head>
  <title>
</title>
<meta http-equiv="Content-Type" content="text/html;charset=utf-8" />
  <meta name='ocr-system' content='tesseract 3.04.00' />
  <meta name='ocr-capabilities' content='ocr_page ocr_carea ocr_par ocr_line ocrx_word'/>
</head>
<body>
  <div class='ocr_page' id='page_1' title='image "./corpusscriptoru27wissgoog_0204.png"; bbox 0 0 3159 4984; ppageno 0'>
   <div class='ocr_carea' id='block_1_1' title="bbox 445 450 2005 521">
    <p class='ocr_par' dir='ltr' id='par_1_1' title="bbox 445 450 2005 521">
     <span class='ocr_line' id='line_1_1' title="bbox 445 450 2005 521; baseline -0.003 -12"><span class='ocrx_word' id='word_1_1' title='bbox 445 454 568 517; x_wconf 85' lang='lat'>196</span> <span class='ocrx_word' id='word_1_2' title='bbox 1137 452 1188 503; x_wconf 88' lang='lat' dir='ltr'>S.</span> <span class='ocrx_word' id='word_1_3' title='bbox 1246 451 1518 505; x_wconf 80' lang='lat' dir='ltr'>Aureli</span> <span class='ocrx_word' id='word_1_4' title='bbox 1575 450 2005 521; x_wconf 84' lang='lat' dir='ltr'><strong>Augustini</strong></span> 
     </span>
    </p>
   </div>
   <div class='ocr_carea' id='block_1_2' title="bbox 426 644 2917 3395">
    <p class='ocr_par' dir='ltr' id='par_1_2' title="bbox 426 644 2917 3395">
     <span class='ocr_line' id='line_1_2' title="bbox 435 644 2725 720; baseline -0 -12"><span class='ocrx_word' id='word_1_5' title='bbox 435 648 604 714; x_wconf 82' lang='lat' dir='ltr'>uata,</span> <span class='ocrx_word' id='word_1_6' title='bbox 625 648 702 709; x_wconf 87' lang='lat' dir='ltr'>ut</span> <span class='ocrx_word' id='word_1_7' title='bbox 718 645 1054 710; x_wconf 90' lang='lat' dir='ltr'>uobiscum</span> <span class='ocrx_word' id='word_1_8' title='bbox 1075 665 1199 711; x_wconf 92' lang='lat' dir='ltr'>non</span> <span class='ocrx_word' id='word_1_9' title='bbox 1222 664 1412 720; x_wconf 86' lang='lat' dir='ltr'>orem,</span> <span class='ocrx_word' id='word_1_10' title='bbox 1436 665 1556 710; x_wconf 91' lang='lat' dir='ltr'>non</span> <span class='ocrx_word' id='word_1_11' title='bbox 1581 645 2027 710; x_wconf 87' lang='lat' dir='ltr'>conuenticula</span> <span class='ocrx_word' id='word_1_12' title='bbox 2046 644 2378 709; x_wconf 83' lang='lat' dir='ltr'>celebrem.</span> <span class='ocrx_word' id='word_1_13' title='bbox 2392 664 2515 709; x_wconf 91' lang='lat' dir='ltr'>non</span> <span class='ocrx_word' id='word_1_14' title='bbox 2526 644 2725 708; x_wconf 90' lang='lat' dir='ltr'>Mani-</span> 
     </span>
     <span class='ocr_line' id='line_1_3' title="bbox 439 750 2727 835; baseline 0 -20"><span class='ocrx_word' id='word_1_15' title='bbox 439 750 615 815; x_wconf 90' lang='lat' dir='ltr'>chaei</span> <span class='ocrx_word' id='word_1_16' title='bbox 639 770 866 817; x_wconf 90' lang='lat' dir='ltr'>nomen</span> <span class='ocrx_word' id='word_1_17' title='bbox 887 752 1213 835; x_wconf 79' lang='lat' dir='ltr'>accipiam.</span> <span class='ocrx_word' id='word_1_18' title='bbox 1227 752 1416 817; x_wconf 89' lang='lat' dir='ltr'>sinon</span> <span class='ocrx_word' id='word_1_19' title='bbox 1435 752 1593 815; x_wconf 90' lang='lat' dir='ltr'>mihi</span> <span class='ocrx_word' id='word_1_20' title='bbox 1606 751 1681 816; x_wconf 93' lang='lat' dir='ltr'>de</span> <span class='ocrx_word' id='word_1_21' title='bbox 1694 753 1985 818; x_wconf 90' lang='lat' dir='ltr'>omnibus</span> <span class='ocrx_word' id='word_1_22' title='bbox 2005 753 2193 817; x_wconf 86' lang='lat' dir='ltr'>rebus</span> <span class='ocrx_word' id='word_1_23' title='bbox 2216 752 2295 815; x_wconf 88' lang='lat' dir='ltr'>ad</span> <span class='ocrx_word' id='word_1_24' title='bbox 2314 752 2588 817; x_wconf 88' lang='lat' dir='ltr'>salutem</span> <span class='ocrx_word' id='word_1_25' title='bbox 2600 752 2727 816; x_wconf 88' lang='lat' dir='ltr'>ani-</span> 
     </span>
     <span class='ocr_line' id='line_1_4' title="bbox 431 857 2725 942; baseline 0.003 -21"><span class='ocrx_word' id='word_1_26' title='bbox 431 876 571 921; x_wconf 89' lang='lat' dir='ltr'>mae</span> <span class='ocrx_word' id='word_1_27' title='bbox 592 858 1052 939; x_wconf 88' lang='lat' dir='ltr'>pertinentibus</span> <span class='ocrx_word' id='word_1_28' title='bbox 1073 858 1207 923; x_wconf 89' lang='lat' dir='ltr'>sine</span> <span class='ocrx_word' id='word_1_29' title='bbox 1227 859 1362 922; x_wconf 91' lang='lat' dir='ltr'>ulla</span> <span class='ocrx_word' id='word_1_30' title='bbox 1373 858 1643 942; x_wconf 85' lang='lat' dir='ltr'>caligine</span> <span class='ocrx_word' id='word_1_31' title='bbox 1659 858 1965 923; x_wconf 89' lang='lat' dir='ltr'>rationem</span> <span class='ocrx_word' id='word_1_32' title='bbox 1983 858 2383 941; x_wconf 78' lang='lat' dir='ltr'>perspicuam</span> <span class='ocrx_word' id='word_1_33' title='bbox 2406 857 2725 927; x_wconf 82' lang='lat' dir='ltr'>dederitiS.</span> 
     </span>
     <span class='ocr_line' id='line_1_5' title="bbox 519 964 2725 1039; baseline 0 -10"><span class='ocrx_word' id='word_1_34' title='bbox 519 968 578 1029; x_wconf 87' lang='lat'>4.</span> <span class='ocrx_word' id='word_1_35' title='bbox 647 966 718 1030; x_wconf 92' lang='lat' dir='ltr'>In</span> <span class='ocrx_word' id='word_1_36' title='bbox 789 965 1104 1031; x_wconf 87' lang='lat' dir='ltr'>catholica</span> <span class='ocrx_word' id='word_1_37' title='bbox 1169 966 1332 1030; x_wconf 88' lang='lat' dir='ltr'>enim</span> <span class='ocrx_word' id='word_1_38' title='bbox 1401 966 1692 1039; x_wconf 84' lang='lat' dir='ltr'>ecclesia,</span> <span class='ocrx_word' id='word_1_39' title='bbox 1749 970 1825 1029; x_wconf 93' lang='lat' dir='ltr'>ut</span> <span class='ocrx_word' id='word_1_40' title='bbox 1883 967 2173 1031; x_wconf 89' lang='lat' dir='ltr'>omittam</span> <span class='ocrx_word' id='word_1_41' title='bbox 2232 964 2725 1029; x_wconf 83' lang='lat' dir='ltr'>sincerissimam</span> 
     </span>
     <span class='ocr_line' id='line_1_6' title="bbox 436 1066 2917 1157; baseline -0.001 -20"><span class='ocrx_word' id='word_1_42' title='bbox 436 1072 832 1154; x_wconf 76' lang='lat' dir='ltr'>sapientiam,</span> <span class='ocrx_word' id='word_1_43' title='bbox 881 1072 959 1135; x_wconf 91' lang='lat' dir='ltr'>ad</span> <span class='ocrx_word' id='word_1_44' title='bbox 1008 1072 1191 1136; x_wconf 87' lang='lat' dir='ltr'>cuius</span> <span class='ocrx_word' id='word_1_45' title='bbox 1239 1072 1667 1157; x_wconf 87' lang='lat' dir='ltr'>cognitionem</span> <span class='ocrx_word' id='word_1_46' title='bbox 1713 1073 1901 1155; x_wconf 89' lang='lat' dir='ltr'>pauci</span> <span class='ocrx_word' id='word_1_47' title='bbox 1948 1072 2267 1155; x_wconf 88' lang='lat' dir='ltr'>spiritales</span> <span class='ocrx_word' id='word_1_48' title='bbox 2311 1072 2377 1135; x_wconf 89' lang='lat' dir='ltr'>in</span> <span class='ocrx_word' id='word_1_49' title='bbox 2425 1072 2545 1137; x_wconf 91' lang='lat' dir='ltr'>hac</span> <span class='ocrx_word' id='word_1_50' title='bbox 2591 1072 2725 1135; x_wconf 87' lang='lat' dir='ltr'>uita</span> <span class='ocrx_word' id='word_1_51' title='bbox 2790 1092 2817 1134; x_wconf 70' lang='grc' dir='ltr'><strong><em>ε</em></strong></span> <span class='ocrx_word' id='word_1_52' title='bbox 2908 1066 2917 1074; x_wconf 82' lang='grc'><strong>’</strong></span> 
     </span>
     <span class='ocr_line' id='line_1_7' title="bbox 438 1177 2728 1261; baseline 0 -19"><span class='ocrx_word' id='word_1_53' title='bbox 438 1178 836 1261; x_wconf 82' lang='lat' dir='ltr'>perueniunt,</span> <span class='ocrx_word' id='word_1_54' title='bbox 901 1182 976 1243; x_wconf 91' lang='lat' dir='ltr'>ut</span> <span class='ocrx_word' id='word_1_55' title='bbox 1041 1198 1175 1244; x_wconf 87' lang='lat' dir='ltr'>earn</span> <span class='ocrx_word' id='word_1_56' title='bbox 1237 1198 1308 1243; x_wconf 83' lang='lat' dir='ltr'>ex</span> <span class='ocrx_word' id='word_1_57' title='bbox 1363 1178 1625 1243; x_wconf 90' lang='lat' dir='ltr'>minima</span> <span class='ocrx_word' id='word_1_58' title='bbox 1680 1179 1935 1261; x_wconf 91' lang='lat' dir='ltr'>quidem</span> <span class='ocrx_word' id='word_1_59' title='bbox 1991 1183 2189 1261; x_wconf 79' lang='lat' dir='ltr'>parte,</span> <span class='ocrx_word' id='word_1_60' title='bbox 2247 1178 2395 1261; x_wconf 89' lang='lat' dir='ltr'>quia</span> <span class='ocrx_word' id='word_1_61' title='bbox 2439 1177 2728 1243; x_wconf 89' lang='lat' dir='ltr'>homines</span> 
     </span>
     <span class='ocr_line' id='line_1_8' title="bbox 440 1284 2726 1369; baseline 0 -21"><span class='ocrx_word' id='word_1_62' title='bbox 440 1286 610 1359; x_wconf 77' lang='lat' dir='ltr'>sunt,</span> <span class='ocrx_word' id='word_1_63' title='bbox 642 1284 754 1349; x_wconf 91' lang='lat' dir='ltr'>sed</span> <span class='ocrx_word' id='word_1_64' title='bbox 791 1287 1002 1349; x_wconf 86' lang='lat' dir='ltr'>tamen</span> <span class='ocrx_word' id='word_1_65' title='bbox 1044 1285 1179 1348; x_wconf 89' lang='lat' dir='ltr'>sine</span> <span class='ocrx_word' id='word_1_66' title='bbox 1219 1285 1615 1351; x_wconf 77' lang='lat' dir='ltr'>dubitatione</span> <span class='ocrx_word' id='word_1_67' title='bbox 1656 1290 2043 1369; x_wconf 81' lang='lat' dir='ltr'>cognoscant</span> <span class='ocrx_word' id='word_1_68' title='bbox 2068 1324 2157 1333; x_wconf 97' lang='lat'><strong>—</strong></span> <span class='ocrx_word' id='word_1_69' title='bbox 2186 1289 2461 1350; x_wconf 81' lang='lat' dir='ltr'>ceteram</span> <span class='ocrx_word' id='word_1_70' title='bbox 2498 1286 2726 1368; x_wconf 86' lang='lat' dir='ltr'>quippe</span> 
     </span>
     <span class='ocr_line' id='line_1_9' title="bbox 435 1391 2726 1475; baseline 0 -20"><span class='ocrx_word' id='word_1_71' title='bbox 435 1391 684 1455; x_wconf 87' lang='lat' dir='ltr'>turbam</span> <span class='ocrx_word' id='word_1_72' title='bbox 753 1411 876 1457; x_wconf 92' lang='lat' dir='ltr'>non</span> <span class='ocrx_word' id='word_1_73' title='bbox 940 1392 1354 1475; x_wconf 89' lang='lat' dir='ltr'>intellegendi</span> <span class='ocrx_word' id='word_1_74' title='bbox 1417 1392 1755 1468; x_wconf 81' lang='lat' dir='ltr'>uiuacitas,</span> <span class='ocrx_word' id='word_1_75' title='bbox 1823 1393 1935 1457; x_wconf 89' lang='lat' dir='ltr'>sed</span> <span class='ocrx_word' id='word_1_76' title='bbox 2002 1392 2294 1456; x_wconf 90' lang='lat' dir='ltr'>credendi</span> <span class='ocrx_word' id='word_1_77' title='bbox 2350 1392 2726 1474; x_wconf 88' lang='lat' dir='ltr'>simplicitas</span> 
     </span>
     <span class='ocr_line' id='line_1_10' title="bbox 436 1496 2723 1581; baseline 0.001 -21"><span class='ocrx_word' id='word_1_78' title='bbox 436 1496 827 1561; x_wconf 87' lang='lat' dir='ltr'>tutissimam</span> <span class='ocrx_word' id='word_1_79' title='bbox 873 1497 1030 1561; x_wconf 84' lang='lat' dir='ltr'>facit</span> <span class='ocrx_word' id='word_1_80' title='bbox 1074 1534 1163 1543; x_wconf 97' lang='lat'><strong>—</strong></span> <span class='ocrx_word' id='word_1_81' title='bbox 1209 1501 1284 1561; x_wconf 89' lang='lat' dir='ltr'>ut</span> <span class='ocrx_word' id='word_1_82' title='bbox 1329 1518 1476 1581; x_wconf 84' lang='lat' dir='ltr'>ergo</span> <span class='ocrx_word' id='word_1_83' title='bbox 1523 1499 1685 1562; x_wconf 90' lang='lat' dir='ltr'>hanc</span> <span class='ocrx_word' id='word_1_84' title='bbox 1734 1499 2023 1564; x_wconf 87' lang='lat' dir='ltr'>omittam</span> <span class='ocrx_word' id='word_1_85' title='bbox 2084 1498 2480 1581; x_wconf 81' lang='lat' dir='ltr'>sapientiam,</span> <span class='ocrx_word' id='word_1_86' title='bbox 2538 1516 2723 1580; x_wconf 88' lang='lat' dir='ltr'>quam</span> 
     </span>
     <span class='ocr_line' id='line_1_11' title="bbox 431 1603 2813 1689; baseline 0.001 -22"><span class='ocrx_word' id='word_1_87' title='bbox 431 1604 495 1667; x_wconf 92' lang='lat' dir='ltr'>in</span> <span class='ocrx_word' id='word_1_88' title='bbox 545 1603 816 1668; x_wconf 88' lang='lat' dir='ltr'>ecclesia</span> <span class='ocrx_word' id='word_1_89' title='bbox 863 1624 1004 1669; x_wconf 90' lang='lat' dir='ltr'>esse</span> <span class='ocrx_word' id='word_1_90' title='bbox 1055 1604 1368 1669; x_wconf 88' lang='lat' dir='ltr'>catholica</span> <span class='ocrx_word' id='word_1_91' title='bbox 1413 1624 1537 1669; x_wconf 90' lang='lat' dir='ltr'>non</span> <span class='ocrx_word' id='word_1_92' title='bbox 1588 1604 1864 1671; x_wconf 89' lang='lat' dir='ltr'>creditis.</span> <span class='ocrx_word' id='word_1_93' title='bbox 1914 1607 2121 1669; x_wconf 89' lang='lat' dir='ltr'>multa</span> <span class='ocrx_word' id='word_1_94' title='bbox 2166 1608 2319 1670; x_wconf 90' lang='lat' dir='ltr'>sunt</span> <span class='ocrx_word' id='word_1_95' title='bbox 2364 1606 2507 1683; x_wconf 82' lang='lat' dir='ltr'>alia,</span> <span class='ocrx_word' id='word_1_96' title='bbox 2567 1624 2725 1689; x_wconf 88' lang='lat' dir='ltr'>quae</span> <span class='ocrx_word' id='word_1_97' title='bbox 2762 1623 2813 1663; x_wconf 83' lang='grc' dir='ltr'>ιο</span> 
     </span>
     <span class='ocr_line' id='line_1_12' title="bbox 429 1710 2721 1797; baseline 0.003 -25"><span class='ocrx_word' id='word_1_98' title='bbox 429 1710 494 1773; x_wconf 91' lang='lat' dir='ltr'>in</span> <span class='ocrx_word' id='word_1_99' title='bbox 543 1710 680 1775; x_wconf 91' lang='lat' dir='ltr'>eius</span> <span class='ocrx_word' id='word_1_100' title='bbox 729 1711 971 1795; x_wconf 87' lang='lat' dir='ltr'>gremio</span> <span class='ocrx_word' id='word_1_101' title='bbox 1018 1730 1121 1775; x_wconf 89' lang='lat' dir='ltr'>me</span> <span class='ocrx_word' id='word_1_102' title='bbox 1168 1712 1523 1777; x_wconf 82' lang='lat' dir='ltr'>iustissime</span> <span class='ocrx_word' id='word_1_103' title='bbox 1569 1716 1848 1778; x_wconf 86' lang='lat' dir='ltr'>teneant.</span> <span class='ocrx_word' id='word_1_104' title='bbox 1915 1715 2090 1777; x_wconf 89' lang='lat' dir='ltr'>tenet</span> <span class='ocrx_word' id='word_1_105' title='bbox 2146 1714 2478 1779; x_wconf 87' lang='lat' dir='ltr'>consensio</span> <span class='ocrx_word' id='word_1_106' title='bbox 2524 1734 2721 1797; x_wconf 90' lang='lat' dir='ltr'>popu-</span> 
     </span>
     <span class='ocr_line' id='line_1_13' title="bbox 429 1816 2719 1901; baseline 0.001 -21"><span class='ocrx_word' id='word_1_107' title='bbox 429 1816 636 1881; x_wconf 89' lang='lat' dir='ltr'>lorum</span> <span class='ocrx_word' id='word_1_108' title='bbox 687 1820 877 1898; x_wconf 90' lang='lat' dir='ltr'>atque</span> <span class='ocrx_word' id='word_1_109' title='bbox 924 1818 1248 1901; x_wconf 78' lang='lat' dir='ltr'>gentium3</span> <span class='ocrx_word' id='word_1_110' title='bbox 1297 1822 1476 1883; x_wconf 87' lang='lat' dir='ltr'>tenet</span> <span class='ocrx_word' id='word_1_111' title='bbox 1511 1820 1857 1884; x_wconf 87' lang='lat' dir='ltr'>auctoritas</span> <span class='ocrx_word' id='word_1_112' title='bbox 1894 1819 2218 1883; x_wconf 88' lang='lat' dir='ltr'>miraculis</span> <span class='ocrx_word' id='word_1_113' title='bbox 2253 1818 2570 1896; x_wconf 82' lang='lat' dir='ltr'>inchoata,</span> <span class='ocrx_word' id='word_1_114' title='bbox 2610 1838 2719 1901; x_wconf 90' lang='lat' dir='ltr'>spe</span> 
     </span>
     <span class='ocr_line' id='line_1_14' title="bbox 429 1921 2719 2007; baseline 0.002 -22"><span class='ocrx_word' id='word_1_115' title='bbox 429 1922 687 1992; x_wconf 82' lang='lat' dir='ltr'>nutrita,</span> <span class='ocrx_word' id='word_1_116' title='bbox 738 1921 998 1987; x_wconf 86' lang='lat' dir='ltr'>caritate</span> <span class='ocrx_word' id='word_1_117' title='bbox 1047 1927 1254 1999; x_wconf 83' lang='lat' dir='ltr'>aucta,</span> <span class='ocrx_word' id='word_1_118' title='bbox 1314 1928 1639 1989; x_wconf 86' lang='lat' dir='ltr'>uetustate</span> <span class='ocrx_word' id='word_1_119' title='bbox 1694 1925 1975 2000; x_wconf 77' lang='lat' dir='ltr'>firmata3</span> <span class='ocrx_word' id='word_1_120' title='bbox 2040 1927 2217 1989; x_wconf 89' lang='lat' dir='ltr'>tenet</span> <span class='ocrx_word' id='word_1_121' title='bbox 2262 1926 2338 1989; x_wconf 90' lang='lat' dir='ltr'>ab</span> <span class='ocrx_word' id='word_1_122' title='bbox 2383 1925 2526 2007; x_wconf 86' lang='lat' dir='ltr'>ipsa</span> <span class='ocrx_word' id='word_1_123' title='bbox 2572 1925 2719 1989; x_wconf 91' lang='lat' dir='ltr'>sede</span> 
     </span>
     <span class='ocr_line' id='line_1_15' title="bbox 426 2028 2719 2115; baseline 0.002 -22"><span class='ocrx_word' id='word_1_124' title='bbox 426 2028 602 2093; x_wconf 87' lang='lat' dir='ltr'>Petri</span> <span class='ocrx_word' id='word_1_125' title='bbox 647 2030 944 2111; x_wconf 84' lang='lat' dir='ltr'>apostoli,</span> <span class='ocrx_word' id='word_1_126' title='bbox 1003 2029 1110 2095; x_wconf 91' lang='lat' dir='ltr'>cui</span> <span class='ocrx_word' id='word_1_127' title='bbox 1162 2032 1514 2113; x_wconf 88' lang='lat' dir='ltr'>pascendas</span> <span class='ocrx_word' id='word_1_128' title='bbox 1573 2044 1728 2097; x_wconf 77' lang='lat' dir='ltr'>oues</span> <span class='ocrx_word' id='word_1_129' title='bbox 1786 2050 1935 2097; x_wconf 88' lang='lat' dir='ltr'>suas</span> <span class='ocrx_word' id='word_1_130' title='bbox 1994 2036 2143 2115; x_wconf 86' lang='lat' dir='ltr'>post</span> <span class='ocrx_word' id='word_1_131' title='bbox 2196 2031 2719 2097; x_wconf 87' lang='lat' dir='ltr'>resurrectionem</span> 
     </span>
     <span class='ocr_line' id='line_1_16' title="bbox 433 2134 2809 2222; baseline -0.001 -23"><span class='ocrx_word' id='word_1_132' title='bbox 433 2134 727 2201; x_wconf 89' lang='lat' dir='ltr'>dominus</span> <span class='ocrx_word' id='word_1_133' title='bbox 775 2137 1265 2214; x_wconf 82' lang='lat' dir='ltr'>commendauit,</span> <span class='ocrx_word' id='word_1_134' title='bbox 1313 2157 1516 2219; x_wconf 85' lang='lat' dir='ltr'>usque</span> <span class='ocrx_word' id='word_1_135' title='bbox 1555 2138 1635 2202; x_wconf 92' lang='lat' dir='ltr'>ad</span> <span class='ocrx_word' id='word_1_136' title='bbox 1670 2142 2067 2221; x_wconf 86' lang='lat' dir='ltr'>praesentem</span> <span class='ocrx_word' id='word_1_137' title='bbox 2106 2138 2545 2222; x_wconf 86' lang='lat' dir='ltr'>episcopatum</span> <span class='ocrx_word' id='word_1_138' title='bbox 2581 2157 2721 2203; x_wconf 89' lang='lat' dir='ltr'>suc·</span> <span class='ocrx_word' id='word_1_139' title='bbox 2757 2158 2809 2197; x_wconf 84' lang='lat'>15</span> 
     </span>
     <span class='ocr_line' id='line_1_17' title="bbox 432 2243 2720 2329; baseline 0.003 -23"><span class='ocrx_word' id='word_1_140' title='bbox 432 2243 638 2308; x_wconf 90' lang='lat' dir='ltr'>cessio</span> <span class='ocrx_word' id='word_1_141' title='bbox 687 2244 1128 2321; x_wconf 87' lang='lat' dir='ltr'>sacerdotum;</span> <span class='ocrx_word' id='word_1_142' title='bbox 1195 2248 1372 2309; x_wconf 90' lang='lat' dir='ltr'>tenet</span> <span class='ocrx_word' id='word_1_143' title='bbox 1425 2249 1747 2329; x_wconf 87' lang='lat' dir='ltr'>postremo</span> <span class='ocrx_word' id='word_1_144' title='bbox 1806 2247 2016 2329; x_wconf 89' lang='lat' dir='ltr'>ipsum</span> <span class='ocrx_word' id='word_1_145' title='bbox 2073 2245 2423 2310; x_wconf 88' lang='lat' dir='ltr'>catholicae</span> <span class='ocrx_word' id='word_1_146' title='bbox 2470 2264 2720 2313; x_wconf 83' lang='lat' dir='ltr'>nomen.</span> 
     </span>
     <span class='ocr_line' id='line_1_18' title="bbox 431 2348 2722 2431; baseline 0 -17"><span class='ocrx_word' id='word_1_147' title='bbox 431 2348 602 2431; x_wconf 87' lang='lat' dir='ltr'>quod</span> <span class='ocrx_word' id='word_1_148' title='bbox 677 2369 802 2415; x_wconf 93' lang='lat' dir='ltr'>non</span> <span class='ocrx_word' id='word_1_149' title='bbox 875 2352 1010 2416; x_wconf 90' lang='lat' dir='ltr'>sine</span> <span class='ocrx_word' id='word_1_150' title='bbox 1088 2370 1278 2417; x_wconf 88' lang='lat' dir='ltr'>causa</span> <span class='ocrx_word' id='word_1_151' title='bbox 1349 2352 1515 2416; x_wconf 87' lang='lat' dir='ltr'>inter</span> <span class='ocrx_word' id='word_1_152' title='bbox 1577 2356 1707 2417; x_wconf 86' lang='lat' dir='ltr'>tam</span> <span class='ocrx_word' id='word_1_153' title='bbox 1776 2352 2015 2417; x_wconf 86' lang='lat' dir='ltr'>multas</span> <span class='ocrx_word' id='word_1_154' title='bbox 2080 2352 2375 2417; x_wconf 87' lang='lat' dir='ltr'>haereses</span> <span class='ocrx_word' id='word_1_155' title='bbox 2440 2352 2532 2416; x_wconf 88' lang='lat' dir='ltr'>sic</span> <span class='ocrx_word' id='word_1_156' title='bbox 2595 2350 2722 2416; x_wconf 89' lang='lat' dir='ltr'>ista</span> 
     </span>
     <span class='ocr_line' id='line_1_19' title="bbox 435 2456 2721 2525; baseline 0.002 -5"><span class='ocrx_word' id='word_1_157' title='bbox 435 2456 706 2521; x_wconf 90' lang='lat' dir='ltr'>ecclesia</span> <span class='ocrx_word' id='word_1_158' title='bbox 750 2457 886 2523; x_wconf 87' lang='lat' dir='ltr'>sola</span> <span class='ocrx_word' id='word_1_159' title='bbox 935 2458 1230 2525; x_wconf 87' lang='lat' dir='ltr'>obtinuit.</span> <span class='ocrx_word' id='word_1_160' title='bbox 1289 2462 1364 2523; x_wconf 90' lang='lat' dir='ltr'>ut</span> <span class='ocrx_word' id='word_1_161' title='bbox 1419 2478 1565 2524; x_wconf 89' lang='lat' dir='ltr'>cum</span> <span class='ocrx_word' id='word_1_162' title='bbox 1623 2478 1842 2525; x_wconf 90' lang='lat' dir='ltr'>omnes</span> <span class='ocrx_word' id='word_1_163' title='bbox 1897 2459 2200 2524; x_wconf 89' lang='lat' dir='ltr'>haeretici</span> <span class='ocrx_word' id='word_1_164' title='bbox 2256 2478 2323 2524; x_wconf 89' lang='lat' dir='ltr'>se</span> <span class='ocrx_word' id='word_1_165' title='bbox 2372 2459 2721 2525; x_wconf 87' lang='lat' dir='ltr'>catholicos</span> 
     </span>
     <span class='ocr_line' id='line_1_20' title="bbox 430 2561 2721 2651; baseline 0.002 -25"><span class='ocrx_word' id='word_1_166' title='bbox 430 2561 554 2627; x_wconf 89' lang='lat' dir='ltr'>dici</span> <span class='ocrx_word' id='word_1_167' title='bbox 599 2563 826 2639; x_wconf 75' lang='lat' dir='ltr'>uelint,</span> <span class='ocrx_word' id='word_1_168' title='bbox 875 2566 1200 2646; x_wconf 87' lang='lat' dir='ltr'>quaerenti</span> <span class='ocrx_word' id='word_1_169' title='bbox 1247 2566 1460 2631; x_wconf 88' lang='lat' dir='ltr'>tamen</span> <span class='ocrx_word' id='word_1_170' title='bbox 1509 2566 1700 2630; x_wconf 88' lang='lat' dir='ltr'>alicui</span> <span class='ocrx_word' id='word_1_171' title='bbox 1745 2566 2097 2651; x_wconf 83' lang='lat' dir='ltr'>peregrino,</span> <span class='ocrx_word' id='word_1_172' title='bbox 2156 2565 2267 2631; x_wconf 91' lang='lat' dir='ltr'>ubi</span> <span class='ocrx_word' id='word_1_173' title='bbox 2322 2566 2401 2631; x_wconf 90' lang='lat' dir='ltr'>ad</span> <span class='ocrx_word' id='word_1_174' title='bbox 2458 2566 2721 2631; x_wconf 90' lang='lat' dir='ltr'>catholi-</span> 
     </span>
     <span class='ocr_line' id='line_1_21' title="bbox 431 2670 2810 2749; baseline 0.002 -15"><span class='ocrx_word' id='word_1_175' title='bbox 431 2688 570 2734; x_wconf 89' lang='lat' dir='ltr'>cam</span> <span class='ocrx_word' id='word_1_176' title='bbox 619 2671 1051 2749; x_wconf 82' lang='lat' dir='ltr'>conueniatur,</span> <span class='ocrx_word' id='word_1_177' title='bbox 1096 2672 1314 2736; x_wconf 90' lang='lat' dir='ltr'>nullus</span> <span class='ocrx_word' id='word_1_178' title='bbox 1359 2670 1821 2738; x_wconf 87' lang='lat' dir='ltr'>haereticorum</span> <span class='ocrx_word' id='word_1_179' title='bbox 1870 2674 1979 2737; x_wconf 90' lang='lat' dir='ltr'>uel</span> <span class='ocrx_word' id='word_1_180' title='bbox 2022 2672 2351 2738; x_wconf 86' lang='lat' dir='ltr'>basilicam</span> <span class='ocrx_word' id='word_1_181' title='bbox 2392 2692 2577 2738; x_wconf 91' lang='lat' dir='ltr'>suam</span> <span class='ocrx_word' id='word_1_182' title='bbox 2614 2674 2721 2738; x_wconf 91' lang='lat' dir='ltr'>uel</span> <span class='ocrx_word' id='word_1_183' title='bbox 2754 2688 2810 2729; x_wconf 75' lang='lat'>²⁰</span> 
     </span>
     <span class='ocr_line' id='line_1_22' title="bbox 429 2776 2719 2862; baseline 0.002 -23"><span class='ocrx_word' id='word_1_184' title='bbox 429 2776 688 2841; x_wconf 90' lang='lat' dir='ltr'>domum</span> <span class='ocrx_word' id='word_1_185' title='bbox 767 2778 1000 2842; x_wconf 86' lang='lat' dir='ltr'>audeat</span> <span class='ocrx_word' id='word_1_186' title='bbox 1072 2778 1424 2843; x_wconf 86' lang='lat' dir='ltr'>ostendere.</span> <span class='ocrx_word' id='word_1_187' title='bbox 1501 2778 1627 2842; x_wconf 87' lang='lat' dir='ltr'>ista</span> <span class='ocrx_word' id='word_1_188' title='bbox 1692 2796 1839 2862; x_wconf 89' lang='lat' dir='ltr'>ergo</span> <span class='ocrx_word' id='word_1_189' title='bbox 1912 2782 2015 2844; x_wconf 90' lang='lat' dir='ltr'>tot</span> <span class='ocrx_word' id='word_1_190' title='bbox 2077 2782 2144 2843; x_wconf 94' lang='lat' dir='ltr'>et</span> <span class='ocrx_word' id='word_1_191' title='bbox 2204 2782 2383 2843; x_wconf 85' lang='lat' dir='ltr'>tanta</span> <span class='ocrx_word' id='word_1_192' title='bbox 2446 2779 2719 2844; x_wconf 90' lang='lat' dir='ltr'>nominis</span> 
     </span>
     <span class='ocr_line' id='line_1_23' title="bbox 430 2882 2717 2951; baseline 0.001 -5"><span class='ocrx_word' id='word_1_193' title='bbox 430 2882 754 2948; x_wconf 87' lang='lat' dir='ltr'>christiani</span> <span class='ocrx_word' id='word_1_194' title='bbox 803 2884 1132 2951; x_wconf 86' lang='lat' dir='ltr'>carissima</span> <span class='ocrx_word' id='word_1_195' title='bbox 1175 2886 1438 2951; x_wconf 89' lang='lat' dir='ltr'>uincula</span> <span class='ocrx_word' id='word_1_196' title='bbox 1481 2890 1653 2951; x_wconf 90' lang='lat' dir='ltr'>recte</span> <span class='ocrx_word' id='word_1_197' title='bbox 1708 2884 2027 2951; x_wconf 89' lang='lat' dir='ltr'>hominem</span> <span class='ocrx_word' id='word_1_198' title='bbox 2084 2888 2305 2950; x_wconf 89' lang='lat' dir='ltr'>tenent</span> <span class='ocrx_word' id='word_1_199' title='bbox 2360 2886 2717 2951; x_wconf 88' lang='lat' dir='ltr'>credentem</span> 
     </span>
     <span class='ocr_line' id='line_1_24' title="bbox 427 2989 2717 3077; baseline 0.002 -24"><span class='ocrx_word' id='word_1_200' title='bbox 427 2989 492 3053; x_wconf 92' lang='lat' dir='ltr'>in</span> <span class='ocrx_word' id='word_1_201' title='bbox 560 2990 872 3056; x_wconf 85' lang='lat' dir='ltr'>catholica</span> <span class='ocrx_word' id='word_1_202' title='bbox 936 2992 1226 3071; x_wconf 80' lang='lat' dir='ltr'>ecclesia,</span> <span class='ocrx_word' id='word_1_203' title='bbox 1293 2992 1544 3057; x_wconf 91' lang='lat' dir='ltr'>etiamsi</span> <span class='ocrx_word' id='word_1_204' title='bbox 1607 2995 1869 3076; x_wconf 87' lang='lat' dir='ltr'>propter</span> <span class='ocrx_word' id='word_1_205' title='bbox 1931 2996 2180 3057; x_wconf 88' lang='lat' dir='ltr'>nostrae</span> <span class='ocrx_word' id='word_1_206' title='bbox 2244 2992 2717 3077; x_wconf 86' lang='lat' dir='ltr'>intellegentiae</span> 
     </span>
     <span class='ocr_line' id='line_1_25' title="bbox 428 3096 2717 3183; baseline 0.001 -23"><span class='ocrx_word' id='word_1_207' title='bbox 428 3096 796 3162; x_wconf 88' lang='lat' dir='ltr'>tarditatem</span> <span class='ocrx_word' id='word_1_208' title='bbox 841 3098 949 3162; x_wconf 90' lang='lat' dir='ltr'>uel</span> <span class='ocrx_word' id='word_1_209' title='bbox 992 3098 1166 3163; x_wconf 91' lang='lat' dir='ltr'>uitae</span> <span class='ocrx_word' id='word_1_210' title='bbox 1213 3098 1508 3163; x_wconf 87' lang='lat' dir='ltr'>meritum</span> <span class='ocrx_word' id='word_1_211' title='bbox 1566 3098 1804 3163; x_wconf 88' lang='lat' dir='ltr'>ueritas</span> <span class='ocrx_word' id='word_1_212' title='bbox 1860 3098 2139 3163; x_wconf 88' lang='lat' dir='ltr'>nondum</span> <span class='ocrx_word' id='word_1_213' title='bbox 2196 3117 2264 3163; x_wconf 89' lang='lat' dir='ltr'>se</span> <span class='ocrx_word' id='word_1_214' title='bbox 2320 3099 2717 3183; x_wconf 88' lang='lat' dir='ltr'>apertissime</span> 
     </span>
     <span class='ocr_line' id='line_1_26' title="bbox 429 3202 2803 3287; baseline 0.002 -21"><span class='ocrx_word' id='word_1_215' title='bbox 429 3202 744 3267; x_wconf 87' lang='lat' dir='ltr'>ostendat.</span> <span class='ocrx_word' id='word_1_216' title='bbox 793 3202 961 3286; x_wconf 86' lang='lat' dir='ltr'>apud</span> <span class='ocrx_word' id='word_1_217' title='bbox 1009 3223 1128 3269; x_wconf 90' lang='lat' dir='ltr'>uos</span> <span class='ocrx_word' id='word_1_218' title='bbox 1177 3207 1410 3283; x_wconf 81' lang='lat' dir='ltr'>autem,</span> <span class='ocrx_word' id='word_1_219' title='bbox 1457 3204 1570 3269; x_wconf 87' lang='lat' dir='ltr'>ubi</span> <span class='ocrx_word' id='word_1_220' title='bbox 1616 3204 1775 3269; x_wconf 89' lang='lat' dir='ltr'>nihil</span> <span class='ocrx_word' id='word_1_221' title='bbox 1820 3204 2046 3270; x_wconf 86' lang='lat' dir='ltr'>horum</span> <span class='ocrx_word' id='word_1_222' title='bbox 2094 3208 2212 3281; x_wconf 84' lang='lat' dir='ltr'>est,</span> <span class='ocrx_word' id='word_1_223' title='bbox 2260 3206 2430 3287; x_wconf 90' lang='lat' dir='ltr'>quod</span> <span class='ocrx_word' id='word_1_224' title='bbox 2474 3226 2579 3271; x_wconf 90' lang='lat' dir='ltr'>me</span> <span class='ocrx_word' id='word_1_225' title='bbox 2622 3206 2716 3271; x_wconf 90' lang='lat' dir='ltr'>in·</span> <span class='ocrx_word' id='word_1_226' title='bbox 2750 3222 2803 3263; x_wconf 70' lang='lat'>2⁵</span> 
     </span>
     <span class='ocr_line' id='line_1_27' title="bbox 427 3307 2739 3395; baseline 0.003 -24"><span class='ocrx_word' id='word_1_227' title='bbox 427 3307 594 3372; x_wconf 89' lang='lat' dir='ltr'>uitet</span> <span class='ocrx_word' id='word_1_228' title='bbox 621 3328 694 3373; x_wconf 87' lang='lat' dir='ltr'>ac</span> <span class='ocrx_word' id='word_1_229' title='bbox 721 3312 958 3385; x_wconf 88' lang='lat' dir='ltr'>teneat,</span> <span class='ocrx_word' id='word_1_230' title='bbox 989 3310 1126 3376; x_wconf 88' lang='lat' dir='ltr'>sola</span> <span class='ocrx_word' id='word_1_231' title='bbox 1155 3313 1454 3393; x_wconf 87' lang='lat' dir='ltr'>personat</span> <span class='ocrx_word' id='word_1_232' title='bbox 1479 3310 1858 3393; x_wconf 86' lang='lat' dir='ltr'>pollicitatio</span> <span class='ocrx_word' id='word_1_233' title='bbox 1896 3312 2223 3377; x_wconf 87' lang='lat' dir='ltr'>ueritatis:</span> <span class='ocrx_word' id='word_1_234' title='bbox 2263 3332 2421 3394; x_wconf 89' lang='lat' dir='ltr'>quae</span> <span class='ocrx_word' id='word_1_235' title='bbox 2459 3312 2739 3395; x_wconf 91' lang='lat' dir='ltr'>quidem·</span> 
     </span>
    </p>
   </div>
   <div class='ocr_carea' id='block_1_3' title="bbox 423 3543 2723 4237">
    <p class='ocr_par' dir='ltr' id='par_1_3' title="bbox 423 3543 2723 4237">
     <span class='ocr_line' id='line_1_28' title="bbox 498 3543 2713 3619; baseline 0.003 -23"><span class='ocrx_word' id='word_1_236' title='bbox 498 3544 524 3596; x_wconf 93' lang='lat'>1</span> <span class='ocrx_word' id='word_1_237' title='bbox 577 3543 846 3598; x_wconf 84' lang='lat' dir='ltr'>manichei</span> <span class='ocrx_word' id='word_1_238' title='bbox 883 3544 999 3597; x_wconf 91' lang='lat' dir='ltr'>PH</span> <span class='ocrx_word' id='word_1_239' title='bbox 1100 3547 1133 3599; x_wconf 84' lang='lat'>5</span> <span class='ocrx_word' id='word_1_240' title='bbox 1179 3545 1338 3615; x_wconf 78' lang='lat' dir='ltr'>pauci</span> <span class='ocrx_word' id='word_1_241' title='bbox 1385 3548 1432 3611; x_wconf 88' lang='lat' dir='ltr'>(s</span> <span class='ocrx_word' id='word_1_242' title='bbox 1478 3550 1572 3612; x_wconf 83' lang='lat' dir='ltr'>er.)</span> <span class='ocrx_word' id='word_1_243' title='bbox 1624 3546 1690 3599; x_wconf 92' lang='lat' dir='ltr'><strong><em>H</em></strong></span> <span class='ocrx_word' id='word_1_244' title='bbox 1740 3563 1909 3616; x_wconf 84' lang='lat' dir='ltr'>pauca</span> <span class='ocrx_word' id='word_1_245' title='bbox 1954 3547 2023 3601; x_wconf 76' lang='grc' dir='ltr'>Τι</span> <span class='ocrx_word' id='word_1_246' title='bbox 2135 3548 2168 3601; x_wconf 88' lang='grc'><strong>6</strong></span> <span class='ocrx_word' id='word_1_247' title='bbox 2206 3564 2327 3603; x_wconf 86' lang='lat' dir='ltr'>eum</span> <span class='ocrx_word' id='word_1_248' title='bbox 2364 3546 2419 3601; x_wconf 90' lang='lat' dir='ltr'><strong><em>L</em></strong></span> <span class='ocrx_word' id='word_1_249' title='bbox 2562 3553 2713 3619; x_wconf 77' lang='lat' dir='ltr'>parte</span> 
     </span>
     <span class='ocr_line' id='line_1_29' title="bbox 425 3630 2723 3708; baseline 0.003 -23"><span class='ocrx_word' id='word_1_250' title='bbox 425 3630 640 3702; x_wconf 83' lang='lat' dir='ltr'>quidem</span> <span class='ocrx_word' id='word_1_251' title='bbox 687 3632 740 3685; x_wconf 88' lang='lat' dir='ltr'><em>V</em></span> <span class='ocrx_word' id='word_1_252' title='bbox 880 3634 1006 3704; x_wconf 78' lang='lat' dir='ltr'>quia</span> <span class='ocrx_word' id='word_1_253' title='bbox 1045 3637 1107 3701; x_wconf 79' lang='lat' dir='ltr'>(s.</span> <span class='ocrx_word' id='word_1_254' title='bbox 1148 3635 1184 3689; x_wconf 81' lang='lat' dir='ltr'>l.</span> <span class='ocrx_word' id='word_1_255' title='bbox 1213 3635 1302 3688; x_wconf 89' lang='lat' dir='ltr'>uel</span> <span class='ocrx_word' id='word_1_256' title='bbox 1332 3636 1458 3705; x_wconf 84' lang='lat' dir='ltr'>qua)</span> <span class='ocrx_word' id='word_1_257' title='bbox 1486 3635 1541 3689; x_wconf 89' lang='lat' dir='ltr'><strong><em>R</em></strong></span> <span class='ocrx_word' id='word_1_258' title='bbox 1650 3636 1683 3689; x_wconf 87' lang='grc'>9</span> <span class='ocrx_word' id='word_1_259' title='bbox 1710 3636 1861 3707; x_wconf 78' lang='lat' dir='ltr'>facit]</span> <span class='ocrx_word' id='word_1_260' title='bbox 1891 3640 2046 3692; x_wconf 87' lang='lat' dir='ltr'>tenet</span> <span class='ocrx_word' id='word_1_261' title='bbox 2081 3637 2134 3690; x_wconf 90' lang='lat' dir='ltr'><em>V</em></span> <span class='ocrx_word' id='word_1_262' title='bbox 2300 3654 2428 3708; x_wconf 82' lang='lat' dir='ltr'>ergo</span> <span class='ocrx_word' id='word_1_263' title='bbox 2459 3640 2528 3705; x_wconf 85' lang='lat'>(8.</span> <span class='ocrx_word' id='word_1_264' title='bbox 2560 3640 2623 3705; x_wconf 81' lang='lat' dir='ltr'>l.)</span> <span class='ocrx_word' id='word_1_265' title='bbox 2654 3637 2723 3692; x_wconf 88' lang='lat' dir='ltr'><strong><em>H</em></strong></span> 
     </span>
     <span class='ocr_line' id='line_1_30' title="bbox 423 3720 2714 3797; baseline 0.003 -24"><span class='ocrx_word' id='word_1_266' title='bbox 423 3720 674 3775; x_wconf 79' lang='lat' dir='ltr'>omittam</span> <span class='ocrx_word' id='word_1_267' title='bbox 725 3722 862 3776; x_wconf 83' lang='lat' dir='ltr'>hanc</span> <span class='ocrx_word' id='word_1_268' title='bbox 907 3722 958 3776; x_wconf 99' lang='lat' dir='ltr'><em>T</em></span> <span class='ocrx_word' id='word_1_269' title='bbox 1063 3724 1126 3777; x_wconf 91' lang='lat'>11</span> <span class='ocrx_word' id='word_1_270' title='bbox 1187 3724 1463 3779; x_wconf 82' lang='lat' dir='ltr'>consentio</span> <span class='ocrx_word' id='word_1_271' title='bbox 1527 3724 1581 3777; x_wconf 90' lang='lat' dir='ltr'><strong><em>V</em></strong></span> <span class='ocrx_word' id='word_1_272' title='bbox 1632 3724 1893 3779; x_wconf 88' lang='lat' dir='ltr'>confessio</span> <span class='ocrx_word' id='word_1_273' title='bbox 1950 3726 2014 3797; x_wconf 78' lang='lat' dir='ltr'>(s.</span> <span class='ocrx_word' id='word_1_274' title='bbox 2072 3726 2106 3781; x_wconf 84' lang='lat' dir='ltr'>l.</span> <span class='ocrx_word' id='word_1_275' title='bbox 2164 3726 2255 3782; x_wconf 90' lang='lat' dir='ltr'>uel</span> <span class='ocrx_word' id='word_1_276' title='bbox 2310 3727 2610 3795; x_wconf 72' lang='lat' dir='ltr'>consentio)</span> <span class='ocrx_word' id='word_1_277' title='bbox 2660 3726 2714 3781; x_wconf 78' lang='lat' dir='ltr'><strong><em>R</em></strong></span> 
     </span>
     <span class='ocr_line' id='line_1_31' title="bbox 432 3809 2718 3884; baseline 0.003 -22"><span class='ocrx_word' id='word_1_278' title='bbox 432 3809 498 3863; x_wconf 88' lang='lat'>13</span> <span class='ocrx_word' id='word_1_279' title='bbox 537 3814 697 3864; x_wconf 82' lang='lat' dir='ltr'>aucta</span> <span class='ocrx_word' id='word_1_280' title='bbox 733 3814 1010 3865; x_wconf 80' lang='lat' dir='ltr'>uetustate</span> <span class='ocrx_word' id='word_1_281' title='bbox 1047 3826 1150 3866; x_wconf 82' lang='lat' dir='ltr'>om.</span> <span class='ocrx_word' id='word_1_282' title='bbox 1189 3811 1244 3865; x_wconf 91' lang='lat' dir='ltr'><strong><em>P</em></strong></span> <span class='ocrx_word' id='word_1_283' title='bbox 1399 3816 1557 3867; x_wconf 82' lang='lat' dir='ltr'>aucta</span> <span class='ocrx_word' id='word_1_284' title='bbox 1604 3828 1649 3867; x_wconf 78' lang='lat' dir='ltr'>s.</span> <span class='ocrx_word' id='word_1_285' title='bbox 1688 3814 1723 3869; x_wconf 79' lang='lat' dir='ltr'>l.</span> <span class='ocrx_word' id='word_1_286' title='bbox 1769 3814 1821 3867; x_wconf 92' lang='lat' dir='ltr'><em>T</em></span> <span class='ocrx_word' id='word_1_287' title='bbox 2014 3814 2225 3870; x_wconf 82' lang='lat' dir='ltr'>firmata</span> <span class='ocrx_word' id='word_1_288' title='bbox 2264 3819 2371 3884; x_wconf 78' lang='lat' dir='ltr'>(pr.</span> <span class='ocrx_word' id='word_1_289' title='bbox 2412 3833 2444 3869; x_wconf 82' lang='lat' dir='ltr'>a</span> <span class='ocrx_word' id='word_1_290' title='bbox 2478 3832 2521 3869; x_wconf 78' lang='grc' dir='ltr'>ε.</span> <span class='ocrx_word' id='word_1_291' title='bbox 2562 3816 2625 3879; x_wconf 82' lang='lat' dir='ltr'>l.)</span> <span class='ocrx_word' id='word_1_292' title='bbox 2669 3816 2718 3869; x_wconf 83' lang='lat' dir='ltr'><em>T</em></span> 
     </span>
     <span class='ocr_line' id='line_1_32' title="bbox 428 3897 2720 3975; baseline 0.003 -24"><span class='ocrx_word' id='word_1_293' title='bbox 428 3897 497 3951; x_wconf 85' lang='lat'>15</span> <span class='ocrx_word' id='word_1_294' title='bbox 537 3898 906 3969; x_wconf 70' lang='lat' dir='ltr'>episcopatum</span> <span class='ocrx_word' id='word_1_295' title='bbox 947 3902 1058 3967; x_wconf 85' lang='lat' dir='ltr'>(um</span> <span class='ocrx_word' id='word_1_296' title='bbox 1093 3916 1138 3954; x_wconf 84' lang='lat'>8.</span> <span class='ocrx_word' id='word_1_297' title='bbox 1178 3901 1236 3967; x_wconf 80' lang='grc' dir='ltr'>Ζ.)</span> <span class='ocrx_word' id='word_1_298' title='bbox 1291 3900 1343 3954; x_wconf 91' lang='lat' dir='ltr'><em>T</em></span> <span class='ocrx_word' id='word_1_299' title='bbox 1483 3903 1550 3955; x_wconf 88' lang='grc'>16</span> <span class='ocrx_word' id='word_1_300' title='bbox 1590 3902 1882 3973; x_wconf 85' lang='lat' dir='ltr'>postremo]</span> <span class='ocrx_word' id='word_1_301' title='bbox 1921 3905 2217 3974; x_wconf 85' lang='lat' dir='ltr'>proximum</span> <span class='ocrx_word' id='word_1_302' title='bbox 2254 3904 2321 3958; x_wconf 89' lang='lat' dir='ltr'><strong><em>H</em></strong></span> <span class='ocrx_word' id='word_1_303' title='bbox 2352 3908 2627 3975; x_wconf 72' lang='lat' dir='ltr'>postrema</span> <span class='ocrx_word' id='word_1_304' title='bbox 2670 3905 2720 3957; x_wconf 81' lang='lat' dir='ltr'><em>T</em></span> 
     </span>
     <span class='ocr_line' id='line_1_33' title="bbox 424 3985 2714 4063; baseline 0.004 -25"><span class='ocrx_word' id='word_1_305' title='bbox 424 3985 489 4038; x_wconf 81' lang='lat'>17</span> <span class='ocrx_word' id='word_1_306' title='bbox 525 3986 740 4041; x_wconf 84' lang='lat' dir='ltr'>hereses</span> <span class='ocrx_word' id='word_1_307' title='bbox 769 3987 944 4041; x_wconf 89' lang='lat' dir='ltr'>PHT</span> <span class='ocrx_word' id='word_1_308' title='bbox 1015 3988 1082 4043; x_wconf 87' lang='lat'>18</span> <span class='ocrx_word' id='word_1_309' title='bbox 1109 3988 1348 4058; x_wconf 83' lang='lat' dir='ltr'>optinuit</span> <span class='ocrx_word' id='word_1_310' title='bbox 1364 3989 1490 4043; x_wconf 87' lang='lat' dir='ltr'>HV</span> <span class='ocrx_word' id='word_1_311' title='bbox 1559 3992 1626 4045; x_wconf 86' lang='lat'>19</span> <span class='ocrx_word' id='word_1_312' title='bbox 1646 3992 1926 4061; x_wconf 80' lang='lat' dir='ltr'>peregrino</span> <span class='ocrx_word' id='word_1_313' title='bbox 1947 3992 2107 4045; x_wconf 85' lang='lat' dir='ltr'>alicui</span> <span class='ocrx_word' id='word_1_314' title='bbox 2128 3992 2433 4047; x_wconf 85' lang='lat' dir='ltr'>HTCSVb</span> <span class='ocrx_word' id='word_1_315' title='bbox 2506 3992 2714 4063; x_wconf 77' lang='lat' dir='ltr'>20per-</span> 
     </span>
     <span class='ocr_line' id='line_1_34' title="bbox 427 4075 2720 4137; baseline 0.004 -10"><span class='ocrx_word' id='word_1_316' title='bbox 427 4075 752 4130; x_wconf 83' lang='lat' dir='ltr'>ueniaturP</span> <span class='ocrx_word' id='word_1_317' title='bbox 909 4076 1755 4135; x_wconf 86' lang='lat' dir='ltr'>heretichorumPhereticorum</span> <span class='ocrx_word' id='word_1_318' title='bbox 1776 4081 1898 4135; x_wconf 90' lang='lat' dir='ltr'>HT</span> <span class='ocrx_word' id='word_1_319' title='bbox 1966 4080 2033 4134; x_wconf 83' lang='lat'>21</span> <span class='ocrx_word' id='word_1_320' title='bbox 2065 4081 2229 4135; x_wconf 89' lang='lat' dir='ltr'>audet</span> <span class='ocrx_word' id='word_1_321' title='bbox 2248 4082 2365 4136; x_wconf 85' lang='grc' dir='ltr'>ΗΡ</span> <span class='ocrx_word' id='word_1_322' title='bbox 2500 4083 2642 4137; x_wconf 83' lang='lat' dir='ltr'>tanti</span> <span class='ocrx_word' id='word_1_323' title='bbox 2669 4083 2720 4136; x_wconf 90' lang='lat' dir='ltr'><em>T</em></span> 
     </span>
     <span class='ocr_line' id='line_1_35' title="bbox 425 4162 2715 4237; baseline 0.005 -23"><span class='ocrx_word' id='word_1_324' title='bbox 425 4162 704 4218; x_wconf 84' lang='lat' dir='ltr'>christiani</span> <span class='ocrx_word' id='word_1_325' title='bbox 758 4166 878 4219; x_wconf 73' lang='lat' dir='ltr'>nois</span> <span class='ocrx_word' id='word_1_326' title='bbox 933 4165 966 4220; x_wconf 81' lang='lat' dir='ltr'>b</span> <span class='ocrx_word' id='word_1_327' title='bbox 1083 4166 1153 4219; x_wconf 84' lang='lat'>22</span> <span class='ocrx_word' id='word_1_328' title='bbox 1210 4166 1502 4221; x_wconf 81' lang='lat' dir='ltr'>clarissima</span> <span class='ocrx_word' id='word_1_329' title='bbox 1560 4169 1600 4235; x_wconf 91' lang='lat'>(1</span> <span class='ocrx_word' id='word_1_330' title='bbox 1636 4186 1680 4223; x_wconf 80' lang='lat' dir='ltr'>s.</span> <span class='ocrx_word' id='word_1_331' title='bbox 1720 4169 1756 4223; x_wconf 81' lang='lat'>1.</span> <span class='ocrx_word' id='word_1_332' title='bbox 1796 4186 1833 4223; x_wconf 86' lang='lat' dir='ltr'>a</span> <span class='ocrx_word' id='word_1_333' title='bbox 1868 4188 1938 4223; x_wconf 86' lang='lat' dir='ltr'>m.</span> <span class='ocrx_word' id='word_1_334' title='bbox 1977 4170 2031 4237; x_wconf 89' lang='grc'>2)</span> <span class='ocrx_word' id='word_1_335' title='bbox 2071 4171 2141 4225; x_wconf 84' lang='grc' dir='ltr'><em>Η</em></span> <span class='ocrx_word' id='word_1_336' title='bbox 2180 4170 2475 4225; x_wconf 81' lang='lat' dir='ltr'>clarissima</span> <span class='ocrx_word' id='word_1_337' title='bbox 2521 4170 2715 4225; x_wconf 80' lang='lat' dir='ltr'><strong><em>VSCL</em></strong></span> 
     </span>
    </p>
   </div>
   <div class='ocr_carea' id='block_1_4' title="bbox 417 4244 2715 4437">
    <p class='ocr_par' dir='ltr' id='par_1_4' title="bbox 417 4244 2715 4437">
     <span class='ocr_line' id='line_1_36' title="bbox 417 4244 2715 4355; baseline 0.005 -24"><span class='ocrx_word' id='word_1_338' title='bbox 417 4280 616 4332; x_wconf 83' lang='lat' dir='ltr'>tenent</span> <span class='ocrx_word' id='word_1_339' title='bbox 642 4278 746 4347; x_wconf 89' lang='lat' dir='ltr'>(em</span> <span class='ocrx_word' id='word_1_340' title='bbox 777 4282 871 4345; x_wconf 88' lang='lat' dir='ltr'>er.)</span> <span class='ocrx_word' id='word_1_341' title='bbox 903 4278 972 4333; x_wconf 89' lang='lat' dir='ltr'><strong><em>H</em></strong></span> <span class='ocrx_word' id='word_1_342' title='bbox 1073 4280 1145 4334; x_wconf 84' lang='lat'>24</span> <span class='ocrx_word' id='word_1_343' title='bbox 1181 4282 1547 4351; x_wconf 56' lang='lat' dir='ltr'>apertissimsse</span> <span class='ocrx_word' id='word_1_344' title='bbox 1588 4286 1641 4351; x_wconf 84' lang='lat' dir='ltr'>(a</span> <span class='ocrx_word' id='word_1_345' title='bbox 1680 4288 1773 4349; x_wconf 91' lang='lat' dir='ltr'>er.)</span> <span class='ocrx_word' id='word_1_346' title='bbox 1815 4284 1881 4337; x_wconf 99' lang='lat' dir='ltr'><strong><em>H</em></strong></span> <span class='ocrx_word' id='word_1_347' title='bbox 1982 4285 2052 4339; x_wconf 84' lang='lat'>25</span> <span class='ocrx_word' id='word_1_348' title='bbox 2090 4288 2223 4355; x_wconf 87' lang='lat' dir='ltr'>aput</span> <span class='ocrx_word' id='word_1_349' title='bbox 2259 4284 2315 4340; x_wconf 90' lang='lat' dir='ltr'><strong><em>P</em></strong></span> <span class='ocrx_word' id='word_1_350' title='bbox 2418 4244 2607 4341; x_wconf 58' lang='lat' dir='ltr'>26¹3&#39;c‘</span> <span class='ocrx_word' id='word_1_351' title='bbox 2658 4286 2715 4343; x_wconf 78' lang='lat' dir='ltr'><em>R</em></span> 
     </span>
     <span class='ocr_line' id='line_1_37' title="bbox 423 4366 1167 4437; baseline 0.005 -18"><span class='ocrx_word' id='word_1_352' title='bbox 423 4366 673 4420; x_wconf 83' lang='lat' dir='ltr'>ueritatis</span> <span class='ocrx_word' id='word_1_353' title='bbox 708 4366 1036 4437; x_wconf 79' lang='lat' dir='ltr'>pollicitatio</span> <span class='ocrx_word' id='word_1_354' title='bbox 1085 4368 1167 4423; x_wconf 78' lang='lat' dir='ltr'>Vb</span> 
     </span>
    </p>
   </div>
  </div>
 </body>
</html>
