3159 4984
416 474 545 535 458
1120 470 1171 519 S.
1230 464 1507 518 Aureli
1568 466 2006 533 Augustini

414 646 891 747 mysteriorum.
943 665 1017 725 ut
1059 660 1233 725 idem
1278 660 1472 724 homo
1522 660 1680 724 alias
1738 659 1926 723 aliam
1985 662 2178 740 atque
2237 658 2426 721 aliam
2481 678 2593 741 pro
2651 677 2719 720 re

416 770 629 851 aliqua
675 768 1094 852 significanda
1138 786 1473 850 personam
1510 770 1710 851 gerat,
1747 770 1903 830 tunc
1940 766 2200 851 Moyses
2237 766 2458 849 populi
2497 764 2721 829 Iudae-

416 894 595 941 orum
646 876 763 940 sub
812 875 955 959 lege
1003 873 1199 957 positi
1245 892 1581 956 personam
1629 873 1892 957 gerebat
1937 890 2210 953 eumque
2244 871 2312 934 in
2347 870 2723 954 prophetica

413 982 964 1066 praenuntiatione
1033 981 1371 1064 figurabat.
1452 980 1625 1045 sicut
1688 998 1838 1062 ergo
1903 979 2164 1062 Moyses
2228 979 2470 1060 petram
2537 978 2722 1060 uirga

413 1088 775 1171 percutiens
825 1088 902 1152 de
954 1087 1057 1151 dei
1102 1087 1347 1151 uirtute
1396 1086 1738 1162 dubitauit,
1785 1086 1878 1149 ita
1921 1085 2032 1149 ille
2078 1085 2380 1168 populus,
2437 1084 2547 1165 qui
2595 1084 2717 1148 sub
2793 1106 2823 1143 ε.

413 1197 557 1279 lege
604 1215 717 1278 per
760 1195 1029 1278 Moysen
1095 1193 1244 1257 data
1297 1193 1653 1269 tenebatur,
1713 1191 2042 1259 Christum
2105 1190 2280 1274 ligno
2346 1189 2556 1254 crucis
2613 1189 2720 1252 ad-

413 1304 615 1387 figens
664 1321 811 1367 eum
857 1300 1170 1365 uirtutem
1221 1300 1325 1365 dei
1370 1319 1513 1365 esse
1559 1319 1688 1363 non
1726 1298 2012 1363 credidit.
2062 1298 2176 1363 sed
2212 1297 2385 1363 sicut
2417 1314 2726 1379 percussa

412 1414 593 1492 petra
627 1407 916 1472 manauit
958 1426 1187 1489 aquam
1228 1406 1620 1483 sitientibus,
1651 1405 1744 1470 sic
1779 1406 1970 1489 plaga
2005 1404 2360 1469 dominicae
2397 1402 2717 1486 passionis

415 1515 640 1581 effecta
688 1517 791 1580 est
833 1514 974 1578 uita
1022 1514 1449 1578 credentibus.
1516 1512 1826 1577 habemus
1889 1512 2056 1577 enim
2114 1511 2190 1574 de
2245 1510 2366 1573 hac
2423 1528 2490 1573 re
2546 1527 2724 1591 prae-

414 1623 837 1689 clarissimam
888 1624 953 1685 et
996 1602 1441 1685 fidelissimam
1489 1638 1718 1683 uocem
1765 1618 2060 1701 apostoli.
2109 1636 2258 1681 cum
2303 1615 2450 1679 inde
2497 1616 2718 1697 loque·
2767 1638 2820 1677 ιο

413 1734 607 1806 retur,
674 1728 993 1794 dicentis:
1073 1732 1289 1810 petra
1354 1730 1602 1791 autem
1670 1730 1830 1790 erat
1893 1725 2267 1791 Christus
2342 1724 2508 1787 hanc
2571 1742 2722 1806 ergo

414 1837 729 1901 carnalem
779 1834 855 1899 de
899 1833 1138 1898 Christi
1186 1832 1521 1899 diuinitate
1571 1832 2076 1915 desperationem
2127 1831 2193 1894 in
2237 1830 2444 1913 ipsius
2485 1829 2722 1894 Christi

414 1941 755 2007 altitudine
824 1941 982 2005 deus
1046 1940 1210 2003 mori
1274 1939 1487 2016 iubet,
1563 1958 1708 2003 cum
1773 1941 2044 2003 mortem
2113 1936 2314 2001 carnis
2345 1962 2350 1965 ·
2380 1936 2591 2019 Moysi
2656 1936 2722 1999 in

412 2053 631 2115 monte
678 2049 950 2131 imperat
998 2048 1156 2113 fieri.
1226 2048 1398 2111 sicut
1446 2046 1613 2111 enim
1659 2049 1841 2129 petra
1888 2044 2204 2121 Christu8‚
2259 2045 2354 2108 ita
2408 2047 2474 2107 et
2529 2061 2714 2107 mons

417 2155 751 2220 Christus:
817 2157 999 2237 petra
1042 2153 1306 2219 humilis
1352 2154 1683 2231 fortitudo,
1737 2172 1922 2217 mons
1979 2151 2264 2217 eminens
2311 2149 2711 2234 magnitudo,
2764 2172 2822 2212 ιο

414 2262 567 2344 quia
612 2260 785 2325 sicut
829 2260 1165 2344 apostolus
1224 2259 1349 2323 ait:
1396 2263 1614 2343 petra
1661 2258 2241 2341 erat—Christus,
2287 2257 2382 2320 ita
2425 2257 2562 2339 ipse
2613 2255 2720 2319 do-

412 2367 669 2432 minus:
748 2385 890 2431 non
967 2368 1228 2451 potest
1304 2366 1587 2430 ciuitas
1664 2364 2030 2430 abscondi
2105 2382 2331 2448 super
2394 2364 2721 2427 montem

417 2474 871 2549 constituta,
913 2492 981 2537 se
1031 2471 1280 2536 scilicet
1323 2474 1630 2547 montem,
1697 2471 1920 2535 fideles
1986 2475 2203 2535 autem
2269 2488 2419 2535 suos
2483 2470 2548 2533 in
2615 2468 2718 2532 sui

414 2581 688 2646 nominis
736 2580 944 2665 gloria
991 2578 1290 2644 fundatos
1350 2578 1650 2643 adserens
1706 2579 2057 2642 ciuitatem.
2122 2576 2458 2660 prudentia
2513 2574 2720 2640 carnis

417 2687 603 2763 uiuit,
648 2706 794 2751 cum
842 2690 1171 2769 tamquam
1220 2687 1401 2768 petra
1443 2678 1749 2768 percussa
1786 2683 2024 2749 Christi
2057 2684 2391 2747 humilitas
2426 2683 2492 2746 in
2532 2701 2720 2748 cruce
2759 2704 2826 2742 20

418 2794 887 2869 contemnitur;
941 2792 1236 2857 Christus
1288 2792 1457 2855 enim
1505 2792 1842 2856 crucifixus
1883 2790 2136 2855 Iudaeis
2183 2790 2554 2855 scandalum
2602 2793 2723 2853 est.

418 2900 714 2984 gentibus
773 2903 989 2964 autem
1056 2898 1353 2965 stultitia.
1424 2901 1488 2963 et
1550 2898 1888 2982 prudentia
1952 2898 2155 2963 carnis
2220 2897 2508 2971 moritur,
2577 2914 2726 2960 cum

416 3011 741 3087 tamquam
778 3006 1021 3071 montis
1062 3005 1409 3069 eminentia
1448 3004 1744 3069 Christus
1785 3005 2072 3069 excelsus
2111 3004 2514 3087 agnoscitur3
2562 3003 2724 3086 ipsis

419 3115 587 3179 enim
643 3113 893 3179 uocatis
944 3112 1201 3179 Iudaeis
1261 3116 1326 3176 et
1382 3111 1644 3177 Graecis
1703 3111 1997 3177 Christus
2056 3110 2157 3175 dei
2221 3110 2430 3175 uirtus
2495 3116 2562 3175 et
2624 3109 2730 3173 dei

420 3221 734 3304 sapientia
780 3222 902 3284 est.
972 3218 1262 3283 ascendit
1321 3219 1536 3300 itaque
1597 3219 1855 3303 Moyses
1921 3219 1982 3282 in
2042 3220 2348 3294 montem,
2411 3220 2489 3280 ut
2543 3234 2726 3279 carue
2769 3234 2830 3273 ιε»

419 3330 673 3392 mortua
717 3327 872 3391 uiuo
926 3322 1166 3409 spiritu
1193 3326 1618 3408 reciperetur:
1669 3344 1793 3407 quo
1831 3325 2111 3389 Faustus
2157 3343 2280 3388 non
2329 3322 2724 3396 ascenderat,

420 3437 495 3497 ut
542 3433 826 3497 carnales
882 3432 1233 3496 calumnias
1280 3436 1493 3497 mente
1538 3435 1794 3497 mortua
1838 3432 2223 3513 loqueretur.
2273 3449 2478 3495 nonne
2514 3428 2724 3512 ipsam

610 3654 671 3705 11
712 3652 735 3700 1
776 3650 897 3705 Cor.
942 3652 1023 3713 10,
1062 3652 1097 3703 4
1210 3650 1275 3701 17
1312 3648 1506 3703 Matth.
1549 3652 1601 3713 ὃ,
1644 3650 1710 3701 14
1817 3648 1889 3701 24
1927 3648 1992 3701 cf.
2031 3648 2057 3700 I
2097 3646 2216 3703 Cor.
2265 3650 2307 3711 1,
2346 3647 2416 3699 23
2453 3664 2532 3717 sq.

498 3794 521 3845 1
565 3792 701 3846 alios
742 3793 773 3845 b
966 3793 1131 3861 phare
1172 3793 1309 3860 (amp.
1348 3808 1418 3845 m.
1458 3792 1515 3857 2)
1554 3790 1606 3842 L
1726 3791 1758 3841 2
1797 3788 2076 3843 iudeorum
2121 3788 2166 3841 (J
2281 3789 2312 3840 3
2353 3804 2614 3857 eumquae
2653 3786 2732 3839 L²

422 3884 457 3937 4
491 3882 695 3951 uirgas!
734 3882 784 3935 L
932 3881 965 3933 8
1004 3897 1145 3949 aqua
1187 3879 1396 3933 GMPb
1437 3886 1579 3949 aqua
1616 3882 1706 3947 (fv
1748 3878 1881 3931 add.
1921 3894 1990 3931 m.
2030 3878 2092 3943 2)
2131 3875 2186 3928 L
2379 3876 2412 3931 9
2449 3876 2732 3945 preclaris·

421 3971 613 4025 simam
658 3970 704 4022 G
880 3969 952 4027 10
1002 3968 1356 4037 apostolicam
1404 3984 1523 4021 cum
1574 3968 1718 4033 (cum
1755 3969 1817 4020 in
1851 3970 1988 4031 raa.)
2030 3964 2078 4019 S
2109 3964 2464 4077 apostolicum
2509 3964 2560 4021 G·
2597 3980 2727 4035 apo·

425 4072 675 4145 stolieum
697 4085 752 4137 P
787 4082 1273 4153 apostoli‚cumM²
1413 4084 1481 4136 12
1518 4082 1784 4137 carnalem
1826 4065 2260 4152 desperationem
2297 4057 2364 4132 de
2401 4080 2492 4148 xpi
2531 4078 2730 4132 diuini-

423 4204 541 4255 tate
562 4200 603 4253 S
716 4199 1005 4256 diuinitate
1038 4202 1112 4267 (m
1142 4198 1235 4267 er.)
1256 4198 1385 4253 LM
1454 4198 1521 4253 13
1558 4164 1699 4254 moysi
1735 4199 1782 4254 S
1813 4199 1951 4253 mosi
1987 4198 2037 4252 G
2148 4198 2213 4249 ‘21
2258 4194 2656 4265 contempnitur
2691 4192 2740 4247 0

422 4290 493 4342 22
529 4288 773 4343 stulticia
818 4288 864 4340 (1
901 4288 1143 4342 stultitia
1190 4288 1291 4342 (tia
1335 4288 1399 4341 in
1441 4291 1577 4356 ras.)
1618 4288 1672 4340 L
1823 4289 1892 4341 24
1937 4287 2112 4356 grecis
2161 4285 2318 4341 LSG
2461 4286 2530 4339 25
2577 4298 2735 4337 carne

424 4379 499 4449 (m
533 4378 669 4444 ras-1.)
708 4378 761 4430 L
870 4379 939 4430 26
979 4394 1083 4446 quo
1126 4377 1181 4443 (d
1221 4378 1354 4445 ras.)
1395 4378 1457 4429 M
1498 4376 1644 4447 quod
1683 4377 1760 4430 L2
1869 4377 1937 4431 27
1977 4376 2310 4445 calumpnias
2353 4374 2398 4422 (Ὺ
