3159 4984
332 503 366 566 6
1018 501 1070 554 S.
1131 500 1407 554 Aureli
1463 501 1891 570 Augustini

325 713 420 759 res
488 715 634 760 cum
699 715 784 770 re,
836 713 1026 759 causa
1083 714 1228 759 cum
1296 714 1505 768 causa,
1572 695 1731 759 ratio
1798 715 1943 760 cum
1989 695 2229 760 ratione
2296 695 2611 780 confligat.

322 821 510 884 quare
580 801 872 866 desinant
918 801 1123 866 dicere
1170 801 1352 878 illud,
1401 801 1569 884 quod
1616 801 1681 865 in
1729 820 1834 866 ore
1880 801 2117 866 habent
2171 801 2353 884 quasi
2401 822 2612 868 neces-

317 909 580 984 sarium.
630 927 776 972 cum
844 927 951 972 eos
1027 908 1294 990 quisque
1363 907 1729 984 deseruerit,
1805 908 1914 990 qui
1989 906 2229 972 diutius
2300 908 2611 973 audisset:

319 1015 570 1079 lumen
608 1034 739 1098 per
811 1014 1032 1078 illum
1107 1015 1516 1079 transitum
1589 1014 1793 1078 fecit.
1852 1013 2033 1078 uides
2094 1015 2262 1078 enim
2318 1017 2409 1092 tu,
2470 1033 2614 1079 mea

319 1123 588 1186 maxima
621 1141 768 1186 cura
797 1157 886 1168 —-
918 1139 1061 1185 nam
1093 1121 1169 1184 de
1197 1121 1328 1186 illis
1358 1141 1480 1186 non
1510 1121 1700 1185 nimis
1724 1124 1943 1186 aestuo
1973 1159 2061 1169 —-
2084 1140 2271 1203 quam
2290 1122 2411 1187 hoc
2431 1122 2613 1186 inane
2694 1123 2719 1162 ⁵

319 1233 384 1294 et
436 1229 812 1292 facillimum
869 1227 948 1291 ad
1001 1227 1582 1309 reprehendendum
1640 1228 1845 1292 cuiuis
1902 1246 2042 1292 esse
2108 1229 2333 1311 possit.
2399 1228 2613 1310 itaque

323 1336 442 1400 hoc
475 1334 946 1400 discutiendum
988 1333 1240 1398 dimitto
1269 1333 1639 1416 prudentiae
1666 1336 1833 1399 tuae.
1866 1354 1989 1399 non
2037 1335 2203 1398 enim
2249 1353 2489 1411 uereor,
2536 1354 2613 1399 ne

323 1461 420 1506 me
488 1441 807 1505 arbitreris
873 1440 1300 1504 inhabitatum
1364 1440 1625 1516 lumine,
1694 1459 1840 1504 cum
1903 1441 2073 1504 uitae
2137 1441 2331 1505 huius
2394 1441 2615 1505 mundi

317 1567 486 1612 eram
551 1546 913 1629 inplicatus,
979 1547 1377 1611 tenebrosam
1453 1565 1632 1628 spem
1708 1551 1930 1630 gerens
2009 1547 2083 1611 de
2141 1547 2612 1630 pulchritudine

315 1654 545 1729 uxoriS,
587 1653 662 1718 de
708 1672 940 1737 pompa
986 1653 1372 1730 diuitiarum,
1423 1653 1498 1718 de
1544 1653 1847 1718 inanitate
1909 1654 2221 1720 honorum
2260 1655 2609 1736 ceterisque
2667 1667 2717 1707 1⁰

317 1761 515 1826 noxiis
565 1763 629 1825 et
675 1760 1042 1844 perniciosis
1111 1761 1576 1842 uoluptatibus.
1643 1760 1799 1825 haec
1847 1761 2011 1825 enim
2064 1761 2291 1838 omnia,
2333 1761 2503 1844 quod
2547 1764 2611 1825 te

315 1887 438 1932 non
474 1868 652 1944 latet,
684 1885 830 1931 cum
879 1866 1164 1932 studiose
1211 1867 1358 1932 illos
1406 1867 1709 1945 audirem,
1769 1887 1996 1950 cupere
2054 1871 2117 1931 et
2176 1887 2422 1950 sperare
2487 1888 2611 1933 non

322 1975 726 2040 desistebam.
793 1992 995 2056 neque
1061 1973 1182 2039 hoc
1234 1993 1452 2039 eorum
1519 1973 1839 2038 doctrinae
1882 1974 2130 2050 tribu03
2197 1973 2400 2038 fateor
2448 1973 2612 2038 enim

319 2085 384 2147 et
427 2081 573 2147 illos
621 2081 842 2147 sedulo
890 2101 1162 2158 monere,
1203 2085 1278 2145 ut
1322 2082 1447 2146 ista
1494 2083 1861 2146 caueantur.
1894 2080 2006 2145 sed
2053 2080 2242 2144 modo
2274 2098 2378 2144 me
2408 2079 2613 2143 dicere

319 2190 638 2254 desertum
665 2189 926 2266 lumine,
977 2208 1122 2254 cum
1170 2190 1245 2253 ab
1284 2189 1384 2252 his
1424 2189 1717 2253 omnibus
1756 2187 1997 2251 umbris
2042 2205 2249 2251 rerum
2289 2205 2391 2250 me
2439 2205 2613 2250 auer-
2670 2203 2719 2242 15

315 2297 504 2360 terim
571 2296 832 2378 soloque
899 2295 1074 2360 uictu
1143 2295 1221 2359 ad
1267 2294 1701 2359 ualetudinem
1746 2293 2023 2377 corporis
2071 2292 2421 2358 necessario
2472 2311 2614 2357 con-

317 2407 535 2467 tentus
585 2421 725 2467 esse
788 2401 1194 2478 decreuerim,
1253 2401 1665 2466 inlustratum
1730 2403 1945 2466 autem
2011 2403 2199 2482 atque
2264 2399 2616 2483 fulgentem

319 2510 537 2582 fuisse.
611 2528 754 2573 cum
820 2507 931 2572 illa
998 2507 1324 2591 diligerem
1393 2511 1458 2572 et
1502 2508 1605 2572 his
1650 2507 1981 2573 inuolatus
2028 2510 2292 2584 tenerer,
2340 2505 2614 2571 hominis

316 2619 432 2692 est,
499 2617 574 2678 ut
639 2614 979 2678 mitissime
1048 2613 1273 2690 dicam,
1339 2613 1551 2678 minus
1620 2617 1805 2678 acute
1854 2613 2305 2678 considerantis
2368 2632 2488 2684 res,
2539 2613 2615 2677 de

322 2722 554 2804 quibus
599 2721 777 2803 loqui
823 2722 1100 2785 multum
1145 2723 1333 2786 amat.
1367 2720 1480 2785 sed
1510 2721 1843 2785 ueniamus
1876 2720 1955 2784 ad
1988 2739 2265 2786 causam.
2298 2720 2355 2785 si
2384 2721 2612 2802 placet.
2668 2739 2720 2778 20

403 2831 465 2892 4.
496 2828 663 2892 Nam
690 2828 850 2892 bene
880 2827 1076 2895 nosti.
1109 2827 1276 2909 quod
1304 2826 1832 2910 reprehendentes
1861 2827 2215 2892 Manichaei
2234 2826 2611 2891 catholicam

321 2935 509 3000 fidem
557 2938 622 3000 et
666 2934 934 2998 maxime
980 2937 1170 3000 uetus
1199 2937 1655 2999 testamentum
1688 2933 2112 3017 discerpentes
2144 2939 2209 2998 et
2237 2933 2607 2998 dilaniantes

315 3043 719 3106 commouent
779 3040 1120 3123 inperitos.
1197 3039 1306 3121 qui
1367 3040 1648 3122 profecto
1726 3040 2040 3119 nesciunt,
2108 3043 2417 3122 quatenus
2482 3037 2610 3104 sint

316 3146 678 3230 accipienda
743 3147 856 3211 illa
920 3149 984 3211 et
1048 3145 1578 3227 quemadmodum
1654 3144 1881 3212 hausta
1955 3146 2202 3210 utiliter
2272 3145 2335 3209 in
2411 3164 2606 3210 uenas

315 3255 496 3335 quasi
539 3253 932 3338 uagientium
981 3251 1185 3316 adhuc
1223 3251 1572 3316 animarum
1608 3252 2047 3334 medullasque
2099 3251 2501 3317 descendant.
2542 3253 2607 3315 et
2660 3257 2710 3299 ²⁵

314 3359 464 3442 quia
508 3362 660 3424 sunt
721 3359 812 3423 ibi
876 3357 1204 3440 quaedam.
1253 3377 1410 3441 quae
1459 3359 1900 3424 suboffendant
1938 3359 2179 3424 animos
2235 3359 2486 3443 ignaros
2545 3360 2608 3422 et

312 3465 720 3550 neglegentes
793 3465 894 3529 sui
966 3502 1044 3512 —
1112 3483 1271 3547 quae
1334 3465 1607 3529 maxima
1668 3467 1856 3530 turba
1922 3468 2022 3530 est
2078 3501 2166 3512 -—
2223 3465 2608 3548 populariter

313 3571 594 3636 accusari
639 3573 932 3654 possunt:
1001 3570 1251 3636 defendi
1296 3575 1510 3635 autem
1554 3572 1941 3655 populariter
1984 3574 2239 3655 propter
2282 3571 2604 3655 mysteria,

312 3697 472 3760 quae
533 3678 634 3743 his
700 3677 1116 3754 continentur,
1182 3697 1305 3744 non
1371 3697 1406 3742 a
1469 3679 1691 3742 multis
1756 3679 2099 3744 admodum
2162 3680 2449 3762 possunt.
2499 3678 2609 3758 qui

310 3805 461 3850 uero
525 3783 711 3868 pauci
782 3783 906 3848 hoc
977 3783 1180 3848 facere
1236 3789 1567 3862 nonerunt,
1643 3804 1767 3850 non
1844 3790 2059 3849 amant
2132 3783 2466 3867 propatula
2542 3787 2607 3847 et
2656 3794 2709 3834 ³⁰

383 4021 417 4073 2
456 4019 565 4089 ore]
604 4035 666 4073 eo
705 4035 763 4074 re
798 4015 886 4070 011
1031 4015 1063 4070 3
1102 4015 1305 4070 deserit
1329 4014 1454 4070 SM
1469 4015 1682 4069 VPmb
1722 4014 1981 4070 desererit
2000 4033 2044 4086 p
2188 4019 2222 4070 4
2259 4023 2320 4071 tu
2357 4018 2500 4088 mea]
2538 4022 2603 4072 tu

313 4152 377 4189 ea
403 4134 490 4188 011
615 4135 648 4187 9
696 4132 1000 4204 implicatos
1025 4131 1113 4186 011
1225 4130 1333 4184 10
1317 4093 1522 4185 inanito
1542 4131 1620 4184 Ρ2
1726 4131 1791 4184 11
1822 4131 2147 4201 perneciosis
2168 4131 2215 4186 S
2323 4132 2387 4185 12
2417 4131 2602 4186 audire

313 4240 560 4294 cuperem
589 4223 621 4276 b
767 4221 835 4275 16
871 4220 1230 4275 ualitudinem
1277 4219 1398 4274 SM
1417 4220 1517 4288 Pp
1541 4235 1595 4272 m
1617 4218 1648 4271 b
1813 4221 1879 4274 18
1936 4221 2078 4290 cum]
2116 4227 2222 4291 qua
2274 4219 2355 4274 011
2426 4223 2535 4276 ista
2562 4221 2609 4275 S

311 4313 388 4365 M
399 4329 453 4366 m
471 4313 525 4366 P
534 4329 578 4381 p
607 4311 704 4365 Vb
849 4311 918 4364 22
957 4309 1323 4365 discernentes
1359 4308 1446 4362 011
1579 4307 1649 4362 23
1689 4310 1943 4378 quatinus
1985 4313 2035 4376 (e
2071 4310 2135 4362 in
2160 4309 2179 4362 i
2209 4325 2345 4364 corr.
2374 4328 2445 4367 m.
2475 4312 2528 4378 2)
2552 4309 2607 4364 P

311 4403 382 4456 24
409 4405 567 4456 austa
601 4400 680 4454 011
734 4401 788 4453 111
827 4401 1016 4470 uenas]
1043 4399 1287 4453 inuenies
1317 4395 1364 4448 V
1462 4397 1530 4450 29
1565 4395 1626 4450 in
1664 4397 1747 4450 his
1777 4397 1823 4453 S
