3159 4984
434 438 562 502 742
1112 435 1165 488 S.
1224 435 1500 489 Aureli
1558 435 1992 505 Augustini

432 630 718 695 eiusdem
786 628 1113 695 societatis
1180 647 1321 694 esse
1388 629 1737 713 adpareret,
1803 629 2072 695 ecclesia
2136 629 2234 694 illi
2290 629 2545 696 omnino
2601 650 2728 696 non

432 737 766 801 crederet?
834 736 944 801 sed
992 755 1138 800 cum
1186 737 1600 821 cognouisset
1647 756 1791 801 eum
1839 738 1959 803 hoc
2007 737 2508 814 adnuntiantem,
2555 737 2730 820 quod

429 842 623 907 etiam
670 841 769 906 illi
816 842 1293 920 adnuntiabant,
1345 845 1409 908 et
1453 843 1519 907 in
1567 862 1786 909 eorum
1842 843 2288 909 communione
2343 847 2532 927 atque
2590 843 2728 908 uni·

426 953 558 1014 tate
636 948 965 1014 uiuentem
1032 949 1482 1014 accedentibus
1548 949 1744 1014 etiam
1807 969 1921 1033 per
1985 970 2131 1015 eum
2197 950 2436 1016 talibus
2501 950 2726 1036 signis,

426 1057 639 1138 qualia
668 1059 733 1121 et
770 1054 867 1119 illi
897 1056 1339 1140 operabantur,
1368 1056 1461 1120 ita
1489 1075 1636 1121 eum
1679 1056 1933 1122 domino
1973 1056 2453 1122 commendante
2491 1057 2729 1122 meruit-
2791 1078 2824 1114 s

426 1162 891 1240 auctoritatem,
938 1167 1014 1229 ut
1058 1165 1253 1229 uerba
1298 1164 1475 1230 illius
1524 1164 1712 1230 hodie
1761 1165 1856 1229 sic
1913 1165 2252 1229 audiantur
2304 1169 2371 1229 in
2427 1164 2722 1240 ecclesia,

422 1272 748 1352 tamquam
796 1270 860 1335 in
908 1271 1021 1335 illo
1073 1271 1389 1350 Christus,
1436 1271 1608 1336 sicut
1651 1271 1988 1338 uerissime
2035 1271 2172 1355 ipse
2230 1271 2406 1350 dixit,
2462 1271 2723 1336 locutus

422 1376 733 1441 audiatur.
802 1382 869 1443 et
922 1381 1109 1462 putat
1153 1368 1567 1444 Manichacus
1627 1379 1798 1444 credi
1853 1379 1976 1444 sibi
2033 1380 2260 1444 debere
2317 1379 2393 1442 ab
2451 1377 2724 1442 ecclesia

425 1481 663 1548 Christi
707 1484 995 1566 loquenti
1043 1488 1262 1550 contra
1308 1485 1657 1569 scripturas
1703 1488 1882 1550 tanta
1929 1489 1996 1550 et
2039 1489 2172 1550 tam
2230 1485 2518 1552 ordinata
2575 1503 2722 1548 auc-

424 1589 680 1654 toritate
726 1591 1028 1668 firmatas,
1078 1611 1190 1675 per
1236 1611 1395 1674 quas
1441 1591 1497 1656 ei
1546 1592 1883 1676 praecipue
1931 1591 2446 1658 commendatum
2485 1593 2605 1666 est,
2644 1595 2723 1654 ut
2759 1610 2818 1648 10

422 1694 713 1778 quisquis
776 1696 877 1760 illi
944 1697 1421 1762 adnuntiauerit
1482 1701 1921 1781 praeterquam
1989 1697 2157 1780 quod
2223 1697 2498 1781 accepit,
2573 1716 2718 1760 ana-

414 1801 633 1867 thema
679 1802 782 1868 sit.

509 1911 569 1973 5.
618 1909 743 1974 Sed
789 1911 1121 1986 rationem,
1168 1911 1395 1993 inquit,
1442 1912 1713 1996 profero,
1753 1932 1878 1994 qua
1915 1912 2344 1977 demonstrem
2381 1911 2715 1993 scripturis

414 2015 546 2079 illis
594 2035 719 2080 non
767 2035 909 2082 esse
958 2017 1364 2084 credendum.
1434 2022 1602 2084 certe
1650 2039 1773 2084 non
1821 2017 2334 2102 argumentaris?
2389 2020 2454 2082 et
2497 2021 2713 2082 tamen

414 2121 479 2185 in
526 2122 669 2203 ipsa
714 2141 969 2205 quoque
1020 2123 1571 2208 argumentatione
1619 2124 1956 2206 superaris.
2023 2124 2104 2188 ad
2157 2124 2278 2190 hoc
2335 2124 2502 2188 enim
2548 2122 2712 2186 redi·
2751 2144 2808 2182 ιε

416 2227 593 2310 gitur
640 2228 844 2295 omnis
894 2232 1359 2314 argumentatio
1406 2233 1540 2307 tua,
1590 2235 1664 2295 ut
1709 2231 1787 2294 ad
1836 2234 2187 2295 extremum
2233 2230 2447 2294 credat
2503 2229 2712 2293 anima

412 2333 558 2400 ideo
615 2354 683 2400 se
738 2337 805 2400 in
858 2336 981 2402 hoc
1036 2338 1274 2404 mundo
1334 2357 1475 2404 esse
1532 2337 1853 2416 miseram,
1911 2342 2061 2420 quia
2115 2337 2373 2402 miseria
2427 2356 2544 2401 sua
2591 2337 2707 2402 deo

418 2459 533 2504 suo
574 2441 894 2522 subuenit,
934 2463 1011 2508 ne
1050 2443 1159 2508 ille
1196 2463 1391 2528 regno
1437 2445 1812 2528 priuaretur,
1869 2444 2134 2527 eiusque
2179 2445 2466 2508 naturam
2517 2447 2708 2526 atque

416 2547 841 2614 substantiam
888 2569 1093 2634 usque
1140 2551 1298 2616 adeo
1347 2571 1488 2616 esse
1534 2550 1930 2628 mutabilem,
1955 2549 2470 2632 corruptibilem,
2511 2549 2708 2613 uiola·

294 2659 299 2665 ’
415 2654 631 2733 bilem,
701 2655 1260 2740 coinquinabilem,
1322 2660 1399 2722 ut
1459 2677 1607 2740 pars
1673 2658 1810 2723 eius
1877 2657 2188 2740 quaedam
2244 2675 2356 2721 nec
2413 2656 2706 2720 mundari
2743 2676 2801 2714 ιο

411 2761 626 2825 ualeat
672 2765 738 2825 et
783 2763 860 2826 ab
908 2763 1069 2845 ipso,
1123 2764 1233 2847 qui
1283 2783 1422 2828 eam
1470 2764 1678 2829 sciens
1725 2764 2126 2828 innocentem
2183 2763 2260 2828 de
2317 2762 2452 2828 suis
2499 2762 2702 2827 uisce-

410 2865 587 2931 ribus
635 2866 920 2951 nihilque
968 2870 1137 2951 apud
1186 2889 1255 2934 se
1300 2874 1672 2953 peccantem
1719 2872 1936 2934 tantae
1993 2869 2514 2936 contaminationi
2567 2887 2702 2952 per·

408 2973 690 3052 miscuit,
722 2977 975 3039 aeterno
1014 2976 1191 3060 globi
1228 2976 1541 3060 subplicio
1579 2976 1898 3059 puniatur.
1937 2975 2059 3042 iste
2097 2976 2241 3040 finis
2279 2978 2380 3038 est
2418 2975 2700 3039 omnium

410 3081 1031 3163 argumentationum
1068 3083 1553 3165 fabularumque
1589 3085 1986 3148 uestrarum:
2027 3101 2294 3167 quarum
2329 3083 2578 3146 utinam
2615 3082 2702 3146 sit

404 3185 573 3264 finis,
622 3187 737 3252 sed
781 3187 846 3251 in
896 3187 1081 3252 corde
1129 3192 1194 3253 et
1230 3189 1293 3252 in
1334 3208 1439 3255 ore
1476 3191 1717 3266 uestro,
1756 3195 1832 3253 ut
1868 3190 2204 3273 aliquando
2241 3193 2376 3253 tam
2413 3208 2700 3254 execran·
2735 3211 2788 3248 κε

406 3293 518 3357 das
582 3292 1011 3376 blasphemias
1079 3295 1329 3360 credere
1394 3315 1467 3360 ac
1534 3296 1742 3362 dicere
1809 3295 2137 3362 desinatis.
2205 3296 2316 3361 sed
2382 3315 2452 3360 ex
2517 3296 2696 3378 ipsiS,

578 3483 611 3536 8
650 3482 718 3537 cf.
754 3483 813 3538 11
850 3481 971 3538 Cor.
1010 3485 1095 3548 13,
1136 3486 1167 3539 3
1284 3487 1348 3540 12
1386 3487 1452 3541 cf.
1492 3486 1613 3542 Gal.
1652 3487 1702 3552 1,
1741 3486 1774 3540 8
1812 3503 1892 3556 sq.

471 3606 499 3659 1
558 3607 797 3661 eiusdem
858 3611 904 3674 (s
958 3625 1000 3664 8.
1060 3609 1095 3664 l.
1154 3627 1192 3663 a
1246 3628 1316 3664 m.
1374 3614 1433 3677 2)
1492 3610 1545 3664 L
1726 3610 2000 3665 sotietatis
2045 3610 2094 3664 0
2317 3625 2544 3680 apparet
2582 3609 2694 3662 L¹b

399 3695 495 3749 illo
533 3695 609 3748 L¹
774 3699 809 3751 2
848 3698 1233 3768 cognouissent
1266 3698 1353 3752 L(
1364 3697 1517 3764 MG,
1558 3703 1614 3766 (n
1651 3701 1716 3754 in
1747 3703 1884 3767 rae.)
1925 3698 1972 3754 S
2121 3703 2155 3753 4
2193 3697 2574 3753 accedentibus
2619 3697 2692 3752 G·

402 3785 433 3836 7
471 3785 528 3839 in
577 3785 737 3851 (add.
784 3803 853 3840 m.
904 3789 969 3854 2)
1019 3785 1146 3840 LM
1189 3803 1290 3842 om.
1340 3787 1371 3840 b
1636 3789 1686 3842 ei
1733 3788 1850 3860 ipse
1887 3789 1959 3842 M
2170 3788 2203 3840 8
2241 3787 2552 3842 manicheus
2588 3785 2700 3840 LO

390 3873 471 3978 ¹}ss
506 3874 555 3927 ei
593 3875 684 3941 (in
716 3891 831 3929 ras.
870 3892 909 3929 a
942 3893 1014 3930 m.
1052 3879 1117 3943 2)
1147 3875 1202 3929 L
1276 3877 1341 3930 13
1370 3877 1563 3946 inquid
1592 3875 1654 3931 δ’*
1685 3893 1788 3933 om.
1824 3876 1871 3930 C
1967 3893 2104 3946 qua*
2133 3877 2184 3947 (e
2215 3877 2306 3944 er.)
2337 3875 2389 3929 L
2467 3877 2533 3930 14
2559 3877 2692 3944 non]

394 4007 502 4055 non
548 3990 641 4043 M²
677 4007 795 4046 non.
832 4007 903 4046 er.
940 3991 994 4045 L
1157 3993 1549 4062 argumentaris
1599 3997 1693 4062 (gu
1743 3992 1873 4046 add.
1919 4009 1989 4047 m.
2035 3996 2162 4048 rec.)
2205 3992 2252 4045 C
2431 3993 2498 4045 15
2545 3992 2690 4046 enim

393 4095 495 4134 om.
552 4078 654 4134 SG
866 4081 1137 4151 redigitur
1190 4081 1246 4152 (d
1301 4097 1367 4134 ex
1422 4099 1459 4151 g
1510 4083 1612 4148 fec.
1667 4097 1736 4133 m.
1791 4083 1840 4150 1)
1903 4081 1951 4134 C
2133 4081 2200 4134 18
2255 4097 2351 4134 suo
2409 4079 2688 4150 subuenit]

392 4167 751 4223 subsubuenit
786 4167 833 4224 S
1007 4169 1103 4224 illa
1140 4169 1283 4224 LM¹
1464 4173 1660 4223 natura
1706 4171 1795 4240 (ev
1834 4169 1966 4227 add.
2011 4186 2081 4224 m.
2129 4171 2188 4236 2)
2230 4168 2282 4222 L
2453 4169 2523 4224 20
2552 4185 2684 4240 que-

390 4257 514 4312 dam
552 4259 647 4329 (,α
682 4275 753 4312 m.
789 4261 915 4325 rec.)
960 4259 1008 4312 Ο
1147 4259 1217 4312 23
1254 4258 1518 4328 subplicio
1558 4257 1616 4321 (b
1656 4273 1722 4312 ex
1757 4261 1812 4328 p)
1856 4259 1901 4312 C
1934 4257 2163 4328 suplicio
2201 4257 2276 4310 M
2414 4257 2483 4311 24
2523 4275 2686 4328 argu-

388 4351 637 4401 mentoru
680 4348 727 4401 G
832 4349 900 4400 25
936 4347 1060 4400 finis
1097 4349 1145 4414 (τ
1182 4353 1312 4404 mut.
1348 4349 1409 4401 in
1448 4348 1492 4415 s)
1539 4347 1586 4400 C
1690 4348 1757 4402 26
1795 4347 2088 4417 blaspheas
2125 4347 2206 4400 11¹
