3159 4984
538 449 666 519 756
1212 452 1298 507 ·S.
1356 452 1632 508 Aureli
1687 451 2116 522 Augustini
2177 491 2182 496 -

1152 645 1370 700 LIBER
1407 644 1600 701 UNUS
1639 645 1729 699 ΕΤ
1767 643 2218 700 TRICESIMUS.

627 758 685 821 1.
751 755 1079 825 FAUSTUS
1140 755 1333 818 dixit:
1401 753 1665 819 Omnia
1719 731 1990 818 inunda
2046 754 2375 832 mundis,
2443 754 2836 818 inmundis

546 864 795 926 autem
854 863 928 924 et
982 860 1503 944 coinquinatis
1558 860 1756 925 nihil
1809 861 2194 936 mundum3
2250 860 2378 926 sed
2432 861 2838 942 inquinata

540 971 718 1040 sunt
764 987 1019 1033 eorum
1066 971 1140 1033 et
1186 985 1395 1033 mens
1444 971 1520 1032 et
1566 967 2061 1033 conscientia.
2127 969 2252 1034 hoc
2296 987 2548 1052 quoque
2597 969 2837 1050 ipsum..

542 1077 760 1139 utrum
805 1075 993 1140 uobis
1042 1074 1331 1158 expediat
1376 1093 1413 1138 a
1446 1075 1649 1140 Paulo
1698 1075 1941 1140 dictum
1988 1075 2258 1154 credere,
2305 1073 2838 1140 considerandum
2907 1099 2936 1136 s

540 1184 675 1256 est;
724 1182 1035 1247 hactenus
1084 1181 1251 1246 enim
1298 1200 1421 1246 non
1468 1184 1721 1246 tantum
1771 1181 2120 1246 daemoniis
2159 1182 2510 1264 exagitatos
2547 1179 2844 1246 constitit

536 1288 815 1372 Moysen·
858 1290 923 1352 et
964 1287 1329 1371 propbetas,
1382 1305 1526 1351 cum
1572 1290 1787 1352 tantas
1826 1287 1902 1352 de
1941 1287 2226 1352 ciborum
2265 1287 2636 1352 differentiis
2673 1287 2840 1350 tule-

537 1393 666 1458 rint
708 1394 912 1478 leges,
963 1391 1075 1458 sed
1126 1392 1319 1458 etiam
1366 1393 1539 1476 quod
1586 1391 1875 1456 inmundi
1911 1393 2036 1476 ipsi
2071 1391 2307 1457 fuerint
2343 1396 2410 1457 et
2445 1393 2840 1476 coinquinati

535 1504 750 1566 mente
823 1503 1013 1584 atque
1082 1499 1471 1565 conscientia
1536 1517 1672 1576 sua,
1739 1502 1814 1563 ut
1869 1519 2147 1584 congrue
2200 1498 2265 1563 in
2319 1499 2495 1583 ipsos
2551 1503 2619 1564 et
2670 1500 2838 1565 illud

540 1607 765 1672 cadere
810 1605 1039 1688 possit,
1088 1605 1256 1688 quod
1304 1605 1620 1687 sequitur:
1679 1604 1892 1670 deum
1949 1623 2028 1670 se
2086 1605 2282 1671 scire
2337 1607 2828 1689 profitentur.
2881 1631 2931 1667 ιο

539 1712 901 1796 operibus
968 1714 1221 1777 autem
1286 1715 1585 1796 negant.
1656 1712 1760 1776 cui
1825 1717 2040 1777 autem
2104 1713 2226 1777 hoc
2287 1711 2495 1797 magis
2551 1714 2839 1796 conpetit

543 1839 731 1902 quarn
779 1817 1105 1902 prophetis
1155 1821 1345 1900 atque
1382 1817 1616 1902 Moysi,
1672 1819 1780 1900 qui
1826 1819 2016 1903 longe
2063 1819 2248 1883 aliter
2289 1817 2526 1884 uixisse
2569 1821 2836 1902 proban-

540 1930 648 1991 tur
693 1942 883 2008 quam
932 1925 1032 1990 dei
1080 1924 1516 2009 cognitoribus
1566 1925 1973 2010 congruebat.
2023 1944 2140 2010 ego
2177 1927 2390 1990 tamen
2429 1945 2596 1990 nunc
2631 1945 2839 2008 usque

543 2037 793 2117 praeter
841 2031 1149 2096 adulteria
1197 2035 1263 2095 et
1296 2031 1553 2096 fraudes
1593 2035 1659 2096 et
1693 2033 2036 2098 homicidia
2071 2033 2231 2097 nihil
2267 2031 2442 2096 aliud
2475 2051 2620 2098 esse
2655 2036 2840 2116 put-a-

542 2157 781 2216 ueram‚
821 2138 989 2203 unde
1036 2137 1457 2203 conscientias
1500 2139 1784 2222 pollutas
1830 2138 2131 2204 habuisse
2175 2139 2546 2204 uiderentur
2577 2139 2838 2223 Moyses
2875 2167 2927 2205 ιε

540 2248 607 2309 et
667 2245 1047 2328 prophetam
1114 2262 1282 2309 nunc
1350 2247 1565 2310 autem
1631 2246 1752 2309 hoc
1811 2244 2280 2310 demonstrante
2338 2246 2616 2329 capitulo
2675 2247 2836 2311 scire

537 2351 667 2414 iam
714 2351 901 2415 datur
947 2350 1139 2416 etiam
1188 2351 1333 2415 hinc
1380 2369 1489 2416 eos
1535 2351 1903 2435 inquinatae
1949 2351 2184 2417 mentis
2241 2351 2463 2430 fuisse,
2521 2353 2673 2434 quia
2725 2353 2836 2416 ali-

543 2457 694 2540 quid
749 2458 1119 2541 putauerint
1154 2457 1575 2540 inquinatum.
1626 2476 1928 2541 quorsum
1978 2477 2126 2542 ergo
2162 2458 2400 2524 talibus
2437 2458 2631 2522 etiam
2667 2478 2838 2524 nunc

542 2585 659 2631 uos
718 2564 1031 2629 uisionem
1091 2563 1342 2628 diuinae
1398 2563 1755 2630 maiestatis
1813 2566 2176 2649 contingere
2231 2565 2520 2649 potuisse
2577 2566 2832 2630 arbitra»

542 2673 717 2751 mini,
769 2691 914 2737 cum
962 2672 1051 2736 sit
1095 2671 1404 2754 scriptum
1452 2671 1576 2736 nisi
1624 2690 1754 2749 eos,
1804 2671 1911 2755 qui
1934 2672 2136 2738 ‘corde
2172 2672 2315 2755 puri
2349 2671 2604 2748 fuerint,
2645 2672 2835 2737 deum
2865 2701 2918 2739 a»

550 2777 768 2844 uidere
816 2797 940 2844 non
985 2777 1229 2862 posse?
1294 2780 1361 2841 at
1406 2796 1558 2842 uero
1605 2777 1673 2842 hi
1721 2778 1910 2843 etiam
1951 2777 2004 2844 si
2045 2779 2206 2844 casti
2251 2779 2329 2844 ab
2373 2778 2640 2845 inlicitis
2685 2779 2834 2844 faci-

538 2885 797 2951 noribus
856 2884 1267 2962 exstitissent,
1316 2884 1455 2950 sola
1500 2887 1714 2950 tamen
1760 2885 1917 2949 haec
1964 2885 2323 2950 abstinendi
2367 2903 2404 2949 a
2447 2886 2832 2968 quibusdam

541 2993 703 3058 escis
753 2991 1144 3078 superstitio,
1195 2991 1250 3056 si
1297 2992 1577 3055 mentem
1626 2991 2033 3068 contaminat,
2083 2991 2438 3056 diuinitatis
2483 2993 2576 3058 eis
2622 2995 2834 3077 potuit

539 3117 804 3184 negasse
854 3099 1289 3181 conspectum.
1342 3095 1620 3161 'euanuit
1665 3116 1816 3181 ergo
1859 3097 1988 3162 iam
2055 3101 2244 3181 atque
2311 3098 2586 3164 extincta
2639 3099 2830 3164 simul

542 3207 642 3268 est
686 3204 1019 3270 Danihelis
1078 3223 1329 3287 quoque
1382 3203 1497 3268 illa.
1550 3222 1625 3269 ac
1679 3205 1873 3269 trium
1929 3223 2265 3289 puerorum
2324 3205 2657 3290 gloriatio:
2723 3208 2834 3288 qui
2865 3235 2916 3276 τε»

728 3413 761 3464 2
792 3410 901 3466 Tit.
932 3415 980 3476 1,
1012 3413 1081 3466 15
1194 3411 1269 3466 10.
1289 3411 1399 3468 Tit.
1428 3414 1479 3476 1,
1513 3413 1576 3466 16
1686 3411 1758 3465 20
1786 3411 1852 3465 cf.
1879 3410 2078 3468 Matth.
2107 3411 2158 3477 5,
2187 3411 2222 3466 8
2319 3413 2390 3466 25
2418 3411 2486 3466 cf.
2513 3412 2654 3468 Dan.
2685 3416 2735 3476 1,
2763 3414 2832 3466 12

614 3562 647 3615 2
696 3577 821 3630 cap.
870 3561 963 3616 LX
1014 3561 1289 3617 LPSMG
1468 3562 1501 3615 3
1550 3561 1914 3632 coinquinatis
1965 3565 2048 3630 (co
2095 3577 2139 3616 s.
2187 3561 2245 3626 1.)
2297 3561 2350 3616 G
2491 3561 2632 3618 nihil
2679 3565 2763 3616 est
2797 3561 2830 3615 b

541 3653 575 3706 6
620 3650 898 3706 hActenus
947 3651 1003 3718 (h
1048 3667 1092 3706 s.
1145 3651 1203 3718 1.)
1257 3649 1309 3706 G
1538 3649 1838 3704 daemoniis
1886 3649 1926 3717 (i
1979 3666 2032 3704 a.
2071 3667 2096 3704 s
2134 3664 2176 3704 s.
2231 3651 2289 3718 1.)
2341 3649 2388 3706 S
2563 3650 2828 3720 constitit]

542 3739 815 3795 consti-tit
852 3739 968 3804 (itit
1000 3741 1065 3794 in
1098 3743 1235 3808 ras.)
1274 3741 1355 3794 L²
1400 3738 1673 3794 constabit
1717 3737 1817 3794 Sa
1865 3742 2132 3794 consta-et
2182 3739 2232 3794 0
2269 3740 2540 3795 constabit
2575 3741 2632 3811 (b
2669 3741 2828 3809 corr.)

540 3845 607 3884 ex
633 3831 690 3896 u)
720 3828 797 3882 M
863 3829 893 3882 7
922 3829 1167 3883 tulerunt
1198 3827 1327 3883 Gsb
1364 3828 1594 3883 tulerint
1632 3829 1673 3887 (i
1701 3843 1838 3882 corr.
1867 3843 1934 3882 ex
1961 3830 2018 3895 u)
2051 3827 2104 3882 L
2175 3827 2208 3882 8
2245 3827 2466 3884 fuerunt
2501 3829 2580 3884 Sb
2618 3829 2828 3884 suen-nt

544 3919 656 3983 (a...
678 3935 716 3972 a
749 3935 821 3972 m.
858 3923 890 3972 1
924 3920 980 3986 u)
1024 3918 1077 3972 G
1114 3918 1316 3972 fuerint
1352 3917 1393 3986 (i
1430 3932 1496 3972 ex
1531 3935 1567 3971 u
1606 3916 1766 3986 corr.)
1803 3915 1856 3970 L
2073 3916 2473 3987 coincoquinati
2525 3923 2609 3979 (co
2649 3918 2752 3972 alt.
2781 3933 2827 3972 ε.

544 4007 602 4076 1.)
660 4005 709 4061 S
756 4006 1077 4077 coinquitati
1140 4005 1193 4061 G
1246 4005 1586 4076 coinquinati
1642 4005 1725 4076 (co
1781 4019 1827 4060 s.
1883 4005 1943 4072 Ζ.)
1995 4005 2052 4060 Ρ
2229 4006 2299 4061 10
2351 4005 2728 4076 profitenootur
2784 4004 2834 4062 0

546 4095 612 4148 12
647 4093 947 4166 produntur
981 4094 1050 4148 M
1198 4095 1264 4148 14
1298 4093 1570 4148 homicida
1608 4093 1710 4148 ΒΘ
1831 4095 1898 4148 15
1934 4109 2148 4164 moyses
2185 4093 2232 4163 (s
2267 4095 2366 4162 fin.
2404 4093 2536 4149 add.
2571 4111 2641 4148 m.
2679 4095 2740 4164 2)
2773 4093 2830 4148 L

543 4183 613 4238 16
659 4182 1061 4238 demonstrante
1112 4185 1185 4248 (m
1233 4185 1327 4250 er.)
1376 4181 1557 4237 LMG
1729 4182 2038 4253 capitulolss
2095 4182 2140 4236 0
2317 4183 2386 4238 18
2422 4186 2754 4254 putauerunt
2785 4183 2834 4239 S

544 4289 755 4326 cursum
793 4271 927 4326 LG‘
966 4287 1223 4342 quursum
1251 4270 1404 4326 P‘M
1435 4288 1690 4341 quorsum
1719 4270 1879 4326 1²²6*
2023 4288 2150 4342 ergo
2181 4271 2229 4340 (r
2253 4287 2298 4328 ε.
2329 4271 2388 4338 1.)
2426 4271 2475 4327 G
2579 4271 2648 4326 21
2678 4269 2749 4325 ad
2771 4269 2826 4325 L

542 4361 613 4416 23
651 4377 812 4430 super
848 4359 1051 4414 stitiosi
1090 4359 1135 4414 Ο
1240 4359 1311 4413 24
1348 4375 1575 4430 negasse
1615 4360 1690 4415 L¹
1799 4361 1867 4414 25
1906 4358 2144 4416 daniheli
2189 4360 2236 4415 0
2374 4377 2436 4415 ac
2473 4377 2576 4416 om.
2615 4361 2648 4416 b
