3159 4984
522 461 654 524 378
1224 462 1275 514 S.
1332 463 1605 516 Aureli
1662 465 2092 534 Augustini

520 656 833 739 sapientia
867 658 1225 725 liberatoris
1262 662 1464 725 nostri
1500 662 1670 727 Iesu.
1718 661 1884 727 unde
1923 663 1977 727 si
2015 662 2171 728 mihi
2209 663 2415 728 adhuc
2479 684 2518 727 n
2554 664 2816 745 paterna

518 762 823 846 religione
890 766 1161 830 moranti
1223 767 1620 849 praedicator
1682 767 2025 835 adueniens
2092 767 2417 833 Christum
2481 768 2679 833 uellet
2741 786 2815 831 ex

517 869 846 952 prophetis
912 870 1257 949 insinuare,
1325 873 1495 939 hunc
1562 895 1682 960 ego
1745 876 2035 959 protinus
2089 876 2448 941 dementem
2503 876 2814 958 putarem.

520 977 633 1058 qui
681 978 907 1061 gentili
954 980 1113 1043 mihi
1162 983 1227 1045 et
1272 981 1459 1066 longe
1507 984 1770 1049 alterius
1817 984 2143 1069 religionis
2197 984 2440 1049 homini
2487 983 2564 1047 de
2611 980 2816 1065 magis

519 1082 736 1149 dubiis
785 1084 979 1150 dubia
1026 1090 1362 1151 conaretur
1406 1091 1708 1155 astruere.
1756 1091 1910 1173 quid
1958 1110 2108 1175 ergo
2155 1110 2315 1174 opus
2363 1092 2516 1165 erat,
2573 1086 2698 1153 nisi
2741 1088 2818 1151 ut

522 1194 671 1255 ante
717 1192 1046 1275 prophetis
1095 1193 1254 1257 mihi
1312 1195 1698 1261 credendum
1753 1216 1896 1263 esse
1945 1198 2358 1281 persuaderet
2401 1199 2466 1261 et
2507 1198 2663 1261 tunc
2706 1213 2819 1277 per

524 1297 867 1380 prophetas
910 1297 1162 1364 Christo
1186 1303 1215 1363 ⁴?
1264 1301 1432 1382 quod
1478 1301 1692 1384 ipsum
1743 1306 1816 1367 ut
1859 1304 2060 1381 fieret,
2106 1323 2267 1388 opus
2311 1304 2466 1368 item
2505 1304 2641 1367 erat
2674 1300 2816 1365 aliis

528 1404 880 1486 prophetie,
905 1406 1015 1488 qui
1040 1426 1155 1490 pro
1187 1407 1331 1473 istis
1359 1408 1641 1474 facerent
1666 1410 1874 1475 fidem.
1905 1414 2289 1495 quapropter
2315 1410 2371 1475 si
2399 1413 2473 1474 tu
2491 1408 2816 1475 Christum

521 1528 635 1592 per
665 1510 1011 1595 prophetas
1050 1513 1487 1595 accipiendum
1524 1520 1734 1598 put-aa,
1763 1518 2105 1601 prophetas
2133 1536 2246 1600 per
2273 1536 2463 1599 quem
2493 1516 2766 1599 accipies
2785 1519 2816 1579 ἓ

529 1634 607 1679 an
668 1616 957 1682 dicturus
1027 1620 1148 1684 eris
1214 1641 1362 1704 „per
1426 1622 1752 1688 Christum
1817 1624 2175 1701 uicissim,“
2247 1624 2310 1688 id
2377 1626 2478 1689 est
2529 1626 2606 1687 ut
2657 1622 2817 1686 alter

526 1724 799 1789 alterum
834 1727 1255 1805 commendet,
1290 1729 1582 1794 Christus
1612 1732 1954 1813 prophetas
1985 1736 2050 1796 et
2074 1731 2419 1815 prophetae
2449 1729 2817 1795 Christum?

523 1831 636 1894 sed
683 1850 971 1915 paganus
1024 1834 1360 1918 utriusque
1409 1856 1624 1903 eorum
1686 1839 2053 1905 condicione
2107 1839 2270 1903 liber
2320 1856 2436 1903 nec
2490 1835 2816 1920 prophetis

521 1936 603 2000 de
654 1936 905 2002 Christo
958 1939 1319 2006 dicentibus
1368 1944 1654 2009 crederet
1707 1965 1822 2009 nec
1871 1944 2122 2011 Christo
2181 1944 2258 2009 de
2311 1942 2661 2027 prophetis,
2726 1940 2818 2006 ita

524 2046 737 2109 totum
785 2046 945 2110 nulli
997 2048 1105 2111 alii
1158 2068 1339 2141 quarn
1391 2069 1544 2115 suae
1591 2052 1738 2116 fidei
1777 2052 1985 2119 debet.
2025 2053 2411 2134 quicumque
2447 2051 2523 2115 fit
2559 2068 2630 2114 ex
2668 2067 2817 2132 gen-

521 2152 698 2222 tibus
756 2160 1161 2226 christianus·
1227 2157 1417 2238 atque
1463 2160 1539 2221 ut
1603 2162 1889 2243 exemplo
1953 2160 2066 2224 fiat
2127 2159 2214 2236 id,
2283 2158 2452 2242 quod
2509 2156 2803 2220 dicimus

524 2268 823 2346 apertius.
864 2288 1174 2352 ponamus
1223 2270 1495 2350 aliquem
1546 2288 1716 2333 nunc
1763 2289 1800 2331 a
1845 2268 2028 2333 nobis
2077 2266 2453 2331 catechizari
2488 2263 2812 2350 gentilem.

526 2375 630 2438 cui
678 2375 1043 2440 adsidentes
1093 2376 1420 2441 dicamus:
1486 2376 1706 2453 „crede
1757 2375 2031 2449 Christ0‚
2091 2374 2238 2455 quia
2283 2373 2438 2437 deus
2489 2374 2645 2448 est‚“
2707 2370 2816 2433 ille

526 2500 679 2546 uero
754 2484 957 2559 „unde
1024 2484 1145 2549 hoc
1208 2484 1366 2548 mihi
1430 2483 1748 2567 probatis“
1813 2482 2001 2559 dicat,
2059 2484 2125 2545 et
2183 2499 2298 2545 nos
2361 2477 2816 2562 respondentes

526 2588 815 2653 dicamus
876 2610 967 2655 ,ες
1030 2591 1395 2673 prophetis’.
1459 2609 1712 2654 rursum
1779 2590 1892 2654 illo
1951 2592 2290 2672 quaerente
2354 2587 2624 2669 „quibus
2679 2602 2816 2667 pro-

525 2695 834 2779 phetis“?
901 2716 1017 2762 nos
1083 2698 1575 2780 respondeamus
1641 2696 1968 2761 Hebraeis.
2047 2699 2237 2777 atque
2302 2694 2414 2757 ille
2481 2690 2811 2757 subridens

526 2802 733 2867 dicat:
795 2804 905 2868 sed
954 2804 1053 2867 his
1103 2822 1221 2886 ego
1268 2804 1527 2867 minime
1578 2802 1782 2867 credo.
1851 2822 1966 2867 nos
2024 2804 2238 2866 autem
2283 2798 2816 2882 respondeamus:

526 2910 730 2991 quid?
798 2910 967 2993 quod
1017 2930 1125 2974 eos
1176 2909 1466 2974 Christus
1524 2909 1872 2974 confirmat.
1937 2908 2109 2972 idem
2165 2925 2316 2971 uero
2363 2906 2570 2971 multo
2615 2906 2818 2989 magis

526 3017 736 3080 ridens
788 3016 997 3082 dicat:
1067 3016 1269 3098 quid?
1338 3017 1503 3098 quod
1563 3035 1682 3099 ego
1738 3034 1854 3078 nec
1909 3014 2034 3097 ipsi
2091 3014 2297 3077 credo,
2365 3012 2518 3095 quid
2563 3013 2678 3077 fiet
2720 3012 2817 3075 his

528 3126 617 3187 ita
666 3125 1057 3189 transactis?
1107 3143 1312 3188 nonne
1360 3123 1763 3189 haerebimus
1811 3125 1876 3184 et
1921 3121 2030 3185 ille
2077 3120 2222 3185 risis
2271 3120 2450 3185 nobis
2496 3126 2818 3200 tamquam

527 3230 1015 3313 inprudentibus
1064 3232 1371 3296 remeabit
1426 3232 1503 3295 ad
1563 3234 1729 3295 sua?
1793 3230 1886 3293 ita
1939 3228 2117 3305 nihil,
2173 3231 2250 3292 ut
2305 3227 2449 3305 dixi,
2512 3226 2814 3292 ecclesiae

528 3337 905 3401 christianae
980 3339 1412 3402 Hebraeorum
1488 3338 1856 3402 testimonia
1929 3336 2296 3411 conferunt,
2381 3353 2544 3417 quae
2615 3333 2817 3417 magis

531 3446 783 3509 constet
830 3464 901 3508 ex
949 3445 1247 3527 gentibus
1296 3464 1483 3526 quam
1532 3463 1604 3507 ex
1653 3443 1926 3507 Iudaeis.
1978 3462 2128 3507 sane
2177 3442 2231 3507 si
2281 3444 2432 3507 sunt
2477 3442 2709 3523 aliqua,
2747 3444 2818 3503 ut

528 3549 699 3612 fama
748 3556 865 3613 est.
918 3549 1197 3633 Sibyllae
1257 3549 1331 3613 de
1382 3550 1632 3614 Christo
1687 3549 2020 3632 praesagia
2074 3551 2186 3612 aut
2230 3548 2572 3625 Hermaia,
2631 3566 2814 3629 quem

599 3760 634 3811 3
674 3760 800 3829 ego]
840 3775 967 3827 ergo
1000 3758 1099 3811 SG
1205 3760 1239 3809 4
1280 3763 1335 3811 et
1372 3776 1472 3811 om.
1504 3759 1534 3809 b
1647 3760 1678 3811 9
1718 3758 1948 3827 accipies
1990 3760 2038 3827 (e
2079 3774 2144 3811 ex
2185 3774 2215 3810 a
2244 3774 2402 3823 corr.)
2443 3758 2489 3811 C
2524 3758 2755 3827 accipias
2785 3756 2816 3807 b

537 3848 599 3902 10
638 3847 877 3901 uicissim
920 3864 1020 3901 om.
1062 3846 1188 3903 SG:
1230 3854 1359 3899 ante
1397 3848 1630 3899 uicissim
1673 3847 1802 3901 add.
1847 3851 1908 3899 ut
1946 3847 1977 3899 b
2091 3849 2154 3899 14
2185 3847 2270 3899 sui
2299 3846 2396 3900 SG
2511 3848 2577 3899 15
2606 3844 2815 3899 christi-

530 3934 647 3988 anis
676 3934 739 3989 S¹
855 3935 919 3988 16
938 3941 1069 4003 post
1095 3952 1354 4005 ponamus
1387 3935 1515 3989 add.
1546 3938 1612 3988 ut
1640 3934 1860 3991 SGMb.
1891 3940 1954 3988 ut
1981 3952 2118 3988 era-s,
2147 3936 2208 3987 in
2237 3935 2290 3987 L
2435 3934 2726 3988 catecizare
2745 3932 2816 3985 L¹

528 4025 810 4079 catecizari
834 4036 881 4083 (e
920 4038 985 4077 ex
1024 4024 1085 4077 ch
1127 4026 1282 4093 corr.)
1306 4024 1478 4081 S(i.P
1504 4024 1784 4078 catezizari
1818 4024 1932 4077 CM
2042 4025 2105 4077 17
2137 4030 2220 4077 est
2246 4040 2348 4078 om.
2380 4024 2410 4075 b
2525 4024 2590 4077 18
2626 4020 2817 4093 proba-

528 4114 672 4168 batis
712 4113 783 4165 L¹
894 4114 963 4166 20
1000 4112 1214 4182 hebreis
1251 4113 1295 4165 C
1401 4115 1463 4166 21
1508 4130 1610 4183 ego
1639 4129 1742 4167 om.
1775 4113 1805 4165 b
1916 4112 1985 4165 23
2015 4112 2192 4165 ridens
2225 4114 2312 4178 (in
2339 4130 2510 4182 marg.
2541 4112 2750 4177 adscr.)
2779 4110 2822 4164 S

530 4203 599 4255 24
636 4202 941 4255 herebimus
990 4200 1037 4253 J,
1185 4202 1252 4253 25
1297 4203 1559 4255 remeauit
1611 4202 1662 4255 G
1708 4202 1972 4256 remeabit
2019 4201 2074 4268 (b
2121 4218 2257 4255 corr.
2305 4219 2373 4255 m.
2423 4204 2463 4254 2
2508 4218 2574 4255 en
2619 4204 2676 4267 u)
2724 4200 2822 4253 LS

530 4292 817 4346 aecclesiae
864 4290 909 4343 C
1050 4292 1117 4344 26
1145 4290 1460 4345 hebreorum
1506 4291 1552 4344 0
1695 4293 1759 4343 27
1819 4295 2032 4345 constat
2070 4292 2100 4344 b
2275 4293 2345 4344 26
2402 4289 2629 4359 sybillae
2667 4288 2816 4341 LSG

529 4379 722 4449 sybille
765 4382 832 4433 J!

2857 1640 2908 1679 10

2853 2174 2905 2213 15
