3159 4984
896 473 996 527 ΙΙΙ.
1037 472 1287 529 Contra
1325 474 1767 527 Fortunatum
1806 472 2201 542 disput-atio.
2568 474 2691 537 107

394 670 666 753 dirigere
714 670 944 736 uoluit.
993 669 1115 734 nisi
1164 675 1338 733 esset
1385 669 1601 751 aliqua
1647 668 2076 741 contrarietas,
2136 686 2297 750 quae
2352 667 2419 730 in
2476 666 2696 731 simili-

390 776 614 841 tudine
655 777 954 859 luporum
993 794 1134 839 eam
1173 774 1534 858 deponeret,
1573 775 1686 839 ubi
1726 777 1791 839 et
1827 774 2175 857 discipulos
2216 793 2367 838 suos
2415 772 2694 847 miserat,

387 886 464 946 ut
531 900 694 964 quae
759 883 922 947 forte
980 882 1044 945 in
1105 881 1314 947 medio
1371 882 1667 963 luporum
1724 880 1969 943 animae
2023 882 2289 963 possent
2344 878 2568 960 decipi,
2618 878 2697 941 ad

383 988 706 1071 propriam
755 986 1183 1052 substantiam
1219 990 1687 1051 reuocarentur.
1737 985 1883 1050 hinc
1930 1004 2079 1069 ergo
2126 988 2305 1067 paret
2350 983 2694 1065 antiquitas

320 1118 346 1154 ε»
389 1100 753 1177 temporum
791 1098 1172 1169 nostrorum,
1213 1112 1404 1175 quam
1452 1094 1821 1176 repetimus,
1871 1096 1938 1155 et
1982 1110 2289 1156 annorum
2334 1094 2693 1154 nostrorum

387 1203 536 1264 ante
565 1198 790 1263 mundi
821 1199 1344 1265 constitutionem
1379 1200 1502 1265 hoc
1537 1217 1712 1264 more
1749 1198 1982 1263 missas
2020 1216 2163 1263 esse
2200 1198 2442 1261 animas
2482 1200 2699 1260 contra

387 1306 772 1371 contrariam
818 1308 1128 1371 naturam.
1179 1308 1256 1369 ut
1302 1304 1568 1370 eandem
1616 1323 1735 1369 sua
1778 1304 2071 1387 passione
2120 1303 2508 1369 subicientes
2563 1302 2695 1367 uic-

382 1413 554 1477 toria
618 1412 736 1477 deo
801 1411 1186 1476 redderetur.
1253 1430 1400 1476 nam
1467 1411 1623 1476 dixit
1684 1410 1853 1475 idem
1920 1410 2270 1493 apostolus,
2337 1409 2507 1492 quod
2571 1428 2695 1473 non

383 1519 602 1584 solum
668 1522 844 1583 esset
906 1518 1174 1582 luctatio
1244 1520 1464 1583 contra
1527 1536 1778 1581 carnem
1846 1520 1911 1580 et
1975 1516 2377 1599 sanguinem,
2454 1514 2565 1579 sed
2632 1518 2697 1579 et

299 1650 348 1687 10
385 1628 614 1691 contra
657 1625 976 1709 principes
1026 1628 1090 1689 et
1133 1628 1488 1708 potestates
1538 1627 1606 1689 et
1650 1624 1963 1708 spiritalia
2016 1622 2335 1704 nequitiae
2385 1626 2449 1685 et
2496 1621 2694 1686 domi·

383 1733 712 1797 nationem
760 1732 1181 1796 tenebrarum.
1231 1731 1288 1796 si
1335 1750 1484 1815 ergo
1531 1730 1869 1813 utrobique
1916 1730 2085 1794 mala
2131 1732 2585 1793 conuersantur
2630 1731 2696 1793 et

380 1839 708 1921 nequitiae
757 1838 1087 1903 habentur.
1127 1839 1254 1902 iam
1301 1856 1426 1903 non
1475 1839 1685 1902 solum
1734 1840 1835 1901 est
1878 1838 2121 1901 malum
2165 1835 2231 1899 in
2279 1836 2513 1900 nostris
2562 1854 2692 1899 cor-

378 1944 668 2027 poribus,
710 1944 824 2009 sed
870 1944 935 2007 in
981 1946 1120 2008 toto
1167 1942 1428 2017 mundo,
1468 1941 1580 2006 ubi
1618 1940 1918 2005 uidentur
1951 1942 2189 2005 uersari
2228 1942 2492 2005 animae.
2534 1959 2693 2021 quae

378 2051 506 2115 sub
555 2050 732 2114 caelo
777 2049 904 2114 isto
949 2052 1286 2113 uersantur
1331 2052 1398 2113 et
1441 2049 1781 2132 inplicatae
1828 2053 1997 2115 sunt.

294 2184 340 2222 ιε
479 2158 588 2221 23.
638 2155 812 2226 AUG.
853 2154 1044 2220 dixit:
1093 2156 1312 2239 Agnos
1352 2174 1504 2221 suos
1553 2155 1850 2221 dominus
1899 2159 2114 2225 noster
2157 2155 2221 2219 in
2267 2154 2551 2219 medium
2595 2154 2693 2218 lu-

379 2282 618 2347 porum
665 2262 863 2336 misit,
908 2262 977 2326 id
1025 2265 1126 2327 est
1169 2262 1460 2327 homines
1505 2262 1714 2328 iustos
1760 2263 1825 2326 in
1862 2262 2146 2327 medium
2183 2261 2513 2326 hominum
2549 2278 2692 2344 pec-

381 2373 674 2435 catorum
723 2369 802 2433 ad
848 2367 1380 2451 praedicationem
1419 2369 1733 2453 euangelii
1768 2373 2052 2451 tempore
2088 2367 2363 2433 hominis
2402 2366 2685 2449 suscepti

381 2477 460 2541 ab
531 2475 984 2539 inaestimabili
1051 2474 1268 2538 diuina
1324 2474 1653 2556 sapientia,
1710 2478 1786 2539 ut
1840 2494 1877 2539 a
1928 2478 2190 2558 peccato
2246 2473 2324 2537 ad
2371 2474 2684 2539 iustitiam

381 2603 501 2649 nos
553 2585 833 2647 uocaret.
901 2582 1072 2663 quod
1129 2584 1344 2645 autem
1401 2581 1491 2645 ait
1545 2583 1875 2665 apostolus
1932 2582 2114 2646 nobis
2172 2581 2685 2645 colluctationem

293 2716 344 2755 ιο
381 2710 510 2755 non
561 2707 704 2754 esse
751 2688 1058 2754 aduersus
1107 2707 1356 2753 carnem
1407 2692 1470 2753 et
1525 2689 1921 2773 sanguinem,
1980 2689 2091 2753 sed
2158 2688 2464 2751 aduersus
2518 2686 2685 2770 prin·

381 2798 560 2881 cipes
631 2800 696 2861 et
747 2798 1100 2879 potestates
1158 2796 1224 2859 et
1279 2798 1506 2872 cetera,
1566 2814 1727 2877 quae
1786 2798 1936 2859 sunt
1992 2797 2501 2860 commemorata.
2566 2793 2686 2858 hoc

381 2902 743 2987 significat:
811 2901 1137 2965 diabolum
1194 2905 1258 2966 et
1313 2902 1574 2986 angelos
1624 2902 1762 2967 eius
1810 2902 1979 2967 sicut
2024 2902 2215 2965 etiam
2262 2919 2377 2965 nos
2424 2902 2684 2984 peccato

381 3008 696 3073 cecidisse
745 3011 811 3071 et
853 3008 1069 3090 lapsos
1119 3026 1259 3072 esse
1309 3007 1582 3072 dicimus
1632 3011 1698 3071 et
1744 3007 2095 3071 obtinuisse
2152 3010 2417 3075 terrena.
2472 3005 2540 3070 id
2587 3011 2687 3071 est

380 3114 678 3179 homines
723 3115 1111 3196 peccatoreS,
1151 3112 1263 3194 qui
1309 3111 1613 3193 quamdiu
1660 3116 2025 3196 peccatores
2074 3130 2319 3189 sumus,
2367 3110 2487 3175 sub
2532 3110 2685 3194 iugo

291 3249 342 3288 ιν,
383 3240 608 3285 eorum
658 3238 922 3295 sumus;
971 3218 1530 3301 quemadmodum,
1580 3238 1727 3283 cum
1775 3218 1928 3283 iusti
1978 3219 2233 3293 erimus,
2282 3217 2519 3283 erimus
2566 3218 2685 3282 sub

559 3410 594 3465 8
637 3410 704 3464 cf.
739 3410 940 3481 Ephes.
978 3410 1028 3471 6,
1069 3410 1137 3463 12

821 3550 950 3583 nolnlss

452 3599 482 3651 1
533 3594 675 3649 uelit
718 3596 774 3648 A
817 3594 960 3674 uelit
1001 3594 1058 3648 B
1211 3575 1627 3651 similitudinem
1676 3598 1719 3653 S
1824 3596 1859 3649 2
1896 3597 2143 3666 luporum
2164 3612 2177 3625 ·
2226 3600 2289 3650 ut
2336 3595 2543 3649 animas
2582 3612 2687 3666 que

377 3688 519 3740 forte
583 3700 698 3752 sqq.
755 3683 811 3735 A
993 3683 1393 3755 eandeponeret
1437 3684 1494 3739 B
1559 3684 2011 3755 eandemponeret
2057 3684 2156 3739 SP
2300 3685 2332 3739 3
2379 3686 2436 3738 in
2496 3701 2597 3739 om.
2654 3684 2685 3739 b

375 3800 592 3871 possint
626 3798 728 3853 SP
757 3769 970 3870 possint
1003 3799 1060 3853 B
1201 3801 1237 3853 4
1291 3806 1611 3853 reuocarent
1662 3800 1773 3853 BA
1828 3802 2151 3854 uocarentur
2203 3801 2249 3855 S
2394 3766 2574 3871 ⁸paret
2609 3798 2690 3853 3³

378 3890 610 3960 apparet
646 3888 778 3943 SPb
923 3888 1312 3958 antiquitatem
1340 3888 1395 3941 A
1431 3888 1694 3959 iniquitas
1724 3888 1768 3943 S
1911 3890 1943 3943 5
1974 3890 2255 3958 annorum]
2286 3889 2531 3943 animoru
2559 3886 2687 3941 ASb

377 4003 410 4057 7
467 4002 863 4058 subicientibns
919 4004 967 4058 S
1139 4004 1173 4057 8
1229 3961 1507 4058 raderetur
1550 4004 1606 4056 A
1784 4004 1818 4058 9
1872 4002 2102 4059 luctatio
2158 4020 2261 4058 om.
2298 4003 2353 4056 A
2590 4002 2686 4057 sed

377 4092 452 4161 et]
491 4090 592 4147 sed
627 4093 674 4149 S
799 4092 866 4146 12
905 4096 990 4147 est
1025 4094 1199 4147 solum
1236 4092 1283 4148 S
1409 4092 1474 4145 13
1511 4090 1769 4147 uidentur
1803 4108 1906 4147 om.
1944 4090 1983 4145 S
2121 4093 2186 4146 15
2224 4095 2408 4145 noster
2444 4106 2547 4145 om.
2588 4091 2685 4145 AS

379 4180 560 4235 medio
603 4182 674 4247 (et
716 4181 808 4249 16)
849 4180 983 4235 ASb
1097 4181 1162 4237 17
1201 4180 1444 4252 suscepti
1480 4180 1716 4235 hominis
1753 4181 1808 4234 A
1920 4182 1985 4235 19
2022 4184 2203 4235 autem
2253 4179 2693 4234 colluctationem

379 4295 539 4373 asts
663 4296 732 4349 23
770 4294 998 4350 dicimus
1035 4313 1138 4353 om.
1178 4296 1210 4349 b
1368 4264 1659 4363 obtizuisse
1688 4295 1745 4349 B
1861 4294 1931 4349 24
1968 4295 2212 4349 homines
2250 4311 2353 4350 om.
2386 4296 2429 4348 S
2582 4295 2701 4367 qui]

379 4378 518 4481 quac
561 4410 614 4463 B
653 4426 756 4464 om.
797 4412 840 4465 S
983 4412 1083 4466 alt.
1123 4412 1324 4467 erimus
1361 4426 1464 4466 om.
1504 4412 1550 4465 S
