3159 4984
910 461 999 513 Vl.
1058 458 1347 514 Contra
1404 458 1778 511 Faustum
1835 456 1965 510 lib.
2023 456 2254 511 XVIIII.
2567 460 2702 521 523

398 660 670 724 tuum.“
726 655 955 719 inferre
1003 654 1311 731 uoluisse,
1362 652 1533 737 quod
1583 653 1836 718 omnino
1883 671 2007 717 non
2055 656 2299 728 norant,
2359 656 2434 715 ut
2483 651 2704 736 dilige-

397 765 541 826 rent
584 762 879 827 inimicos
920 780 1092 826 suos.
1141 764 1486 841 utrumque
1535 764 1748 824 autem
1797 760 2118 843 quomodo
2167 759 2550 823 seruandum
2599 759 2711 834 sitY

398 869 669 952 longum
717 871 818 933 est
866 868 1211 951 disputare.
1262 866 1375 931 sed
1422 867 1501 929 ad
1538 866 1701 931 istos
1738 866 2014 941 interim,
2055 866 2289 947 quibus
2329 865 2707 949 generaliter

402 976 719 1060 displicet,
772 977 828 1041 si
875 976 1021 1059 quis
1071 974 1277 1040 oderit
1322 974 1653 1038 inimicum
1703 993 1916 1051 suum,
1969 980 2068 1039 est
2105 974 2288 1039 nobis
2326 994 2554 1051 sermm
2594 975 2704 1057 qui

333 1108 357 1145 5
402 1102 619 1148 eorum
666 1082 940 1147 frontem
988 1084 1251 1165 premat,
1304 1100 1447 1145 eum
1498 1100 1608 1145 eos
1664 1081 2148 1165 interrogamUS‚
2205 1086 2420 1143 utrum
2480 1080 2707 1164 diligat

402 1190 559 1254 deus
609 1208 825 1254 eorum
874 1190 1130 1271 gentem
1177 1188 1608 1253 tenebrarum.
1650 1190 1762 1250 aut
1799 1187 1854 1251 si
1890 1190 2225 1269 propterea
2261 1206 2428 1251 nunc
2464 1187 2707 1252 inimici

402 1296 709 1380 diligendi
766 1299 937 1373 sunt,
999 1296 1171 1377 quod
1227 1295 1504 1359 habeant
1560 1299 1806 1377 partem
1863 1294 2032 1371 boni,
2092 1313 2204 1358 cur
2267 1314 2390 1359 non
2449 1295 2527 1359 ob
2586 1294 2708 1360 hoo

402 1422 511 1467 eos
561 1406 626 1466 et
672 1402 885 1467 odisse
935 1401 1263 1476 debemm,
1305 1401 1477 1483 quod
1525 1400 1801 1465 habeant
1845 1404 2090 1484 partem
2135 1401 2308 1465 mali.
2361 1420 2434 1464 ea
2471 1402 2704 1485 quippe

400 1509 623 1593 regula
670 1511 736 1573 et
781 1508 903 1573 hoc
952 1508 1228 1573 soluitur
1276 1508 1669 1589 doceturque
1715 1528 1838 1571 non
1889 1527 2029 1572 esse
2078 1507 2483 1575 contrarium.
2535 1509 2707 1591 quod

314 1638 369 1677 ιο
401 1618 467 1680 in
516 1616 780 1697 antiqua
829 1616 1145 1698 scriptura
1192 1615 1433 1679 dietum
1494 1617 1594 1678 est
1657 1614 1945 1691 „oderis
2001 1614 2392 1679 inimicum
2449 1618 2698 1679 tuum“

404 1726 469 1786 et
525 1723 588 1786 in
650 1722 985 1805 euangelio
1052 1721 1397 1805 „diligite
1453 1722 1808 1787 inimicos
1865 1726 2226 1799 uestr08‚“
2293 1722 2466 1803 quod
2513 1741 2706 1787 unus-

402 1829 676 1911 quisque
726 1829 985 1911 iniquus
1032 1829 1245 1905 homo,
1286 1829 1349 1892 in
1390 1832 1698 1909 quantum
1737 1828 1998 1908 iniquus
2037 1832 2154 1896 est,
2195 1827 2338 1893 odio
2377 1828 2713 1893 habendus

402 1940 521 2015 est,
586 1936 649 1999 in
717 1938 1029 2017 quantum
1089 1938 1303 1999 autem
1358 1935 1549 1999 homo
1611 1940 1727 2001 est.
1787 1935 2149 2018 diligendus
2217 1938 2334 2001 est.
2392 1937 2467 1999 ut
2520 1934 2704 2001 illud.

402 2042 576 2123 quod
616 2042 677 2105 in
719 2061 791 2106 eo
840 2044 1010 2106 recte
1059 2042 1331 2119 odimus,
1382 2060 1748 2125 arguamus,
1794 2040 1862 2104 id
1910 2045 2009 2105 est
2045 2040 2298 2107 uitium.
2338 2060 2464 2121 quo
2502 2042 2709 2125 possit

312 2174 363 2212 ιε,
400 2147 585 2220 illud,
636 2149 808 2231 quod
854 2149 917 2213 in
969 2168 1041 2213 eo
1089 2152 1260 2213 recte
1310 2148 1659 2233 diligimus,
1718 2148 1784 2212 id
1833 2150 1931 2212 est
1977 2149 2254 2211 humana
2298 2149 2440 2231 ipsa
2483 2151 2708 2214 natura

404 2255 737 2319 emendato
804 2255 965 2319 uitio
1029 2255 1321 2319 liberari:
1390 2255 1567 2333 haec,
1633 2256 1916 2336 inquam.
1982 2256 2204 2338 regula
2271 2258 2389 2321 est.
2459 2274 2587 2339 qua
2643 2260 2708 2320 et

407 2362 726 2427 oderimus
775 2363 1107 2427 inimicum
1154 2366 1411 2445 propter
1454 2363 1540 2430 id.
1593 2362 1760 2444 quod
1807 2362 1870 2425 in
1921 2381 1992 2426 eo
2042 2362 2280 2425 malum
2331 2366 2449 2429 est.
2495 2362 2563 2426 id
2609 2368 2710 2427 est

406 2468 834 2551 iniquitatem,
906 2472 971 2533 et
1035 2468 1381 2553 diligamus
1442 2469 1776 2533 inimicum
1829 2472 2088 2551 propter
2141 2468 2228 2534 id.
2289 2469 2458 2550 quod
2513 2469 2576 2533 in
2639 2490 2721 2535 eo

406 2575 643 2639 bonum
710 2579 838 2654 est,
904 2575 973 2639 id
1040 2579 1140 2640 est
1205 2576 1507 2641 socialem
1572 2575 2073 2657 rationalemque
2142 2580 2522 2644 creaturam.
2591 2576 2716 2641 nisi

310 2706 366 2745 20
412 2682 583 2763 quod
628 2694 745 2747 nos
793 2701 917 2747 non
968 2700 1115 2745 eum
1170 2702 1282 2765 per
1336 2685 1630 2746 naturam
1685 2682 1793 2746 uel
1850 2702 2029 2747 suam
2089 2683 2193 2745 uel
2251 2681 2542 2759 alienam,
2601 2682 2714 2746 sed

403 2808 517 2870 per
560 2788 881 2872 propriam
928 2788 1331 2853 uoluntatem
1380 2788 1624 2851 malum
1665 2808 1806 2853 esse
1847 2788 2310 2853 conuincimuS.
2362 2787 2458 2851 illi
2498 2792 2714 2852 autem
2825 2774 2832 2781 ⁸

404 2914 515 2978 per
560 2899 852 2959 naturam
900 2893 1110 2979 gentis
1158 2896 1563 2959 tenebrarum
1611 2898 1844 2976 putant
1890 2914 2030 2958 esse
2079 2894 2400 2958 hominem
2448 2895 2714 2971 malum,
2803 2935 2810 2967 ἱ

407 3020 597 3083 quam
648 3000 1002 3066 secundum
1048 3000 1224 3083 ipsos
1284 3001 1443 3065 deus
1499 3004 1678 3065 totus
1739 3002 1976 3076 timuit,
2039 3004 2378 3084 antequam
2426 3002 2487 3065 in
2534 3005 2716 3083 parte

405 3108 788 3183 uinceretur,
857 3109 921 3171 et
987 3107 1049 3171 in
1116 3111 1295 3189 parte
1364 3107 1441 3171 ab
1502 3126 1575 3171 ea
1633 3108 1726 3172 sic
1783 3108 2000 3173 uictus
2059 3112 2178 3174 est.
2233 3110 2310 3171 ut
2365 3128 2480 3171 nee
2537 3112 2716 3173 totus

316 3241 369 3279 25
409 3212 806 3280 liberaretur.
884 3214 1105 3280 audito
1172 3214 1373 3299 igitur
1440 3217 1504 3278 et
1566 3234 1688 3278 non
1755 3215 2121 3291 intellect0‚
2201 3215 2369 3297 quod
2435 3216 2714 3297 antiquis

409 3320 653 3385 dictum
703 3326 875 3385 erat:
946 3321 1196 3388 oderis
1256 3321 1652 3386 inimicum
1710 3326 1942 3391 tuum,
2002 3321 2368 3387 ferebantur
2423 3322 2714 3387 homines

408 3428 470 3490 in
518 3427 797 3492 hominis
847 3427 1086 3504 odium,
1137 3448 1281 3492 curn
1334 3429 1636 3493 deberent
1682 3448 1805 3493 non
1854 3428 2066 3493 odisse
2115 3428 2238 3492 nisi
2284 3428 2536 3493 uitium.
2594 3429 2716 3493 hos

411 3532 674 3618 corrigit
732 3533 1030 3599 dominus
1090 3534 1396 3601 dicendo:
1464 3535 1775 3619 diligite
1830 3535 2184 3600 inimicos
2250 3540 2584 3613 uestr08‚
2641 3540 2716 3599 ut

410 3639 517 3720 qui
567 3640 693 3703 iam
736 3640 1014 3704 dixerat:
1066 3660 1205 3705 non
1256 3642 1431 3705 ueni
1479 3641 1724 3726 legem
1773 3643 2096 3720 soluere,
2145 3642 2276 3706 sed
2325 3642 2714 3724 adinplere

592 3858 658 3911 10
694 3857 891 3911 Matth.
932 3860 980 3919 5,
1018 3858 1089 3910 43
1128 3874 1244 3927 sqq.

482 4024 515 4079 5
552 4028 777 4095 praemat
812 4024 865 4078 L
902 4026 1145 4095 praemat
1182 4022 1352 4077 ΜΗΘ
1490 4024 1522 4077 9
1563 4025 1764 4095 doc&q‚
1803 4025 1868 4080 8¹
2009 4028 2075 4082 13
2115 4032 2200 4082 est
2225 4034 2358 4096 post
2393 4027 2486 4082 dil.
2526 4044 2626 4082 om.
2673 4028 2726 4081 G

412 4114 481 4167 14
524 4113 725 4167 uirium
777 4117 887 4183 (pr.
938 4113 959 4165 i
1002 4128 1045 4165 8.
1098 4113 1157 4179 Ζ.)
1196 4110 1245 4166 S
1284 4112 1483 4165 aicium
1529 4113 1575 4167 C
1717 4115 1862 4185 quod
1898 4115 2266 4171 L¹S¹M¹GG¹
2417 4118 2484 4171 15
2520 4120 2715 4171 natura

406 4203 528 4273 ipsa
548 4202 718 4257 SMG'·
863 4204 932 4257 16
962 4202 1103 4256 uicio
1126 4201 1179 4254 L
1316 4202 1445 4272 quia
1474 4203 1596 4257 S'G
1747 4206 1810 4258 19
1839 4204 2089 4259 sotialem
2111 4205 2158 4261 S
2262 4206 2333 4259 20
2359 4222 2456 4275 per
2480 4222 2584 4260 om.
2615 4205 2714 4260 SG

408 4294 477 4345 25
513 4292 797 4347 intellectu
833 4290 979 4345 L¹S¹
1089 4292 1158 4343 26
1196 4288 1442 4345 ferebant
1480 4292 1579 4347 SG
1692 4296 1758 4347 27
1807 4294 1984 4349 odisse
2032 4295 2280 4364 homines
2329 4294 2375 4347 C'
2515 4295 2713 4348 uicium

406 4390 457 4437 (τ
497 4398 632 4436 corr.
669 4383 734 4436 in
772 4388 818 4441 c)
861 4382 911 4435 L
