3159 4984
568 457 733 520 766*
1263 454 1314 507 S.
1372 452 1650 507 Aureli
1710 453 2143 522 Augustini

562 645 820 709 uidetur
864 645 982 709 filii
1028 664 1170 709 esse
1219 663 1407 726 quam
1454 645 1677 728 patris,
1727 644 1782 708 si
1829 643 2016 708 modo
2065 644 2262 726 patris
2309 649 2428 720 est,
2466 648 2561 720 ut,
2603 665 2748 711 cum
2787 665 2859 710 ex

560 751 673 817 illo
720 751 1135 834 reprobentur
1178 758 1307 814 tam
1345 751 1569 828 multa,
1610 750 1800 815 huius
1849 750 2050 815 solius
2096 751 2257 814 nihil
2302 771 2426 816 non
2477 750 2708 816 debeat
2751 752 2856 816 ad·

558 856 830 940 probari,
887 857 1259 940 praesertim
1318 856 1483 939 quod
1542 875 1661 922 uec
1719 875 1756 920 a
1800 857 2056 923 >Christo
2105 858 2411 941 scriptum
2461 861 2735 935 constat,
2783 862 2862 924 ut

560 963 857 1041 diximus,
904 983 1021 1028 nec
1068 965 1145 1028 ab
1194 964 1332 1028 eius
1381 964 1716 1047 apostolis.

650 1073 710 1136 7.
763 1068 1178 1153 Quapropter,
1228 1073 1304 1133 ut
1347 1089 1466 1134 uos
1514 1089 1588 1133 ex
1624 1073 1839 1135 uetere
1875 1073 2264 1150 testamento
2305 1070 2476 1134 solas
2514 1070 2858 1136 admittitis
2921 1091 2952 1132 ε

557 1179 925 1262 prophetias
991 1180 1056 1241 et
1117 1177 1249 1252 illa,
1319 1195 1479 1260 quae
1544 1177 1838 1260 superius
1904 1176 2199 1254 diximus,
2249 1176 2466 1240 ciuilia
2529 1180 2720 1260 atque
2775 1178 2860 1243 ad

560 1284 965 1368 disciplinam
991 1284 1164 1348 uitae
1202 1283 1559 1348 communis
1597 1283 1978 1366 pertinentia
2013 1287 2370 1367 praecepta,
2402 1284 2858 1368 supersedistis

554 1411 707 1456 uero
774 1391 1124 1475 peritomen
1193 1392 1258 1455 et
1323 1391 1633 1455 sacrificia
1699 1394 1764 1455 et
1826 1390 2162 1455 sabbatum
2221 1393 2286 1455 et
2341 1391 2856 1458 obseruationem

556 1497 693 1562 eius
742 1502 809 1561 et
854 1516 1092 1582 azyma,
1144 1497 1295 1580 quid
1341 1498 1417 1562 ab
1465 1517 1531 1562 re
1580 1499 1700 1574 est,
1751 1497 1807 1562 si
1851 1501 1920 1561 et
1961 1517 2078 1563 nos
2127 1497 2203 1562 de
2249 1500 2632 1562 testamento
2682 1516 2855 1564 nouo

555 1605 691 1670 sola
737 1604 1117 1687 accipientes
1167 1624 1259 1682 ea,
1310 1624 1467 1687 quae
1504 1605 1568 1668 in
1609 1605 1910 1670 honorem
1949 1609 2014 1669 et
2050 1604 2303 1668 laudem
2343 1603 2459 1667 filii
2494 1603 2855 1668 maiestatis
2892 1623 2948 1662 ιο

553 1713 662 1778 uel
709 1713 786 1777 ab
835 1713 975 1796 ipso
1023 1712 1196 1777 dicta.
1242 1711 1646 1796 conperimus
1693 1711 1801 1775 uel
1848 1711 1924 1775 ab
1975 1712 2111 1775 eius
2159 1711 2489 1794 apostolis,
2548 1709 2661 1774 sed
2713 1709 2850 1773 iam

550 1819 853 1902 perfectis
900 1838 973 1883 ac
1018 1819 1318 1884 fidelibus
1367 1818 1920 1883 dissimulauimus
1971 1822 2199 1894 cetera,
2239 1835 2400 1899 quae
2448 1819 2560 1880 aut
2606 1815 2851 1899 simpli-

553 1924 711 1990 citer
738 1927 895 1989 tunc
934 1929 999 1990 et
1032 1925 1401 2009 ignoranter
1436 1943 1473 1988 a
1509 1925 1777 1989 rudibus
1817 1923 1988 1989 dicta
2024 1926 2135 1988 aut
2171 1922 2427 2006 oblique
2465 1927 2530 1986 et
2566 1921 2850 2005 maligne

553 2031 629 2094 ab
678 2031 953 2096 inimicis
1004 2030 1252 2096 obiecta
1297 2034 1409 2095 aut
1452 2030 1862 2113 inprudenter
1918 2031 1994 2094 ab
2053 2029 2468 2118 scriptoribus
2515 2028 2848 2092 adfirmata

552 2142 703 2202 sunt
762 2141 827 2202 et
880 2137 1153 2222 posteris
1209 2138 1494 2206 tradita?
1560 2137 1702 2202 dico
1769 2139 1983 2202 autem
2047 2137 2170 2200 hoc
2224 2137 2435 2219 ipsum
2493 2139 2714 2198 natum
2773 2153 2845 2198 ex
2881 2152 2940 2192 ιε

548 2243 785 2307 femina
839 2244 1131 2327 turpiter,
1202 2244 1646 2309 circumcisum
1725 2244 1980 2309 Iudaice
2049 2243 2438 2308 sacrificasse
2497 2240 2842 2325 gentiliter,

552 2349 945 2434 baptizatum
994 2349 1341 2428 humiliter,
1391 2349 1899 2415 circumductum
1946 2369 1983 2413 a
2030 2349 2280 2414 diabolo
2326 2367 2439 2431 per
2485 2347 2736 2411 deserta
2783 2351 2846 2409 et

550 2457 625 2521 ab
676 2475 750 2521 eo
796 2459 1181 2540 temptatum
1231 2476 1419 2538 quam
1474 2453 1850 2521 miserrime.
1918 2455 2018 2521 his
2075 2456 2275 2541 igitur
2331 2453 2610 2537 exceptis
2667 2455 2732 2518 et
2787 2451 2840 2515 si

548 2562 701 2645 quid
750 2563 805 2627 ei
858 2562 935 2626 ab
984 2562 1403 2648 scriptoribus
1453 2583 1523 2628 ex
1570 2565 1957 2627 testamento
2014 2565 2233 2626 uetere
2287 2561 2448 2626 salsa
2495 2560 2614 2625 sub
2663 2557 2841 2622 testi-

544 2669 841 2734 ficatione
886 2669 1191 2734 iniectum
1242 2673 1360 2745 est,
1410 2669 1730 2734 credimus
1781 2671 2010 2744 cetera,
2067 2672 2394 2752 praeterea
2448 2668 2656 2732 crucis
2705 2667 2840 2730 eius
2875 2699 2932 2736 ιο

548 2775 885 2859 mysticam
932 2774 1248 2854 fixionem,
1298 2796 1424 2859 qua
1467 2779 1722 2840 nostrae
1769 2776 2014 2840 animae
2050 2775 2367 2860 passionis
2405 2777 2839 2840 monstrantur

544 2883 827 2959 uulnera,
866 2887 1005 2946 tum
1042 2885 1379 2966 praecepta
1416 2882 1722 2948 salutaria
1760 2882 1918 2960 eius,
1957 2886 2097 2946 tum
2135 2882 2466 2971 parabolas
2505 2885 2837 2947 cunctum-

544 3009 665 3072 que
716 3007 1069 3054 sermonem
1120 2989 1436 3063 deificum,
1487 2989 1596 3071 qui
1643 2989 1914 3056 ωεκίωθ
1953 2989 2216 3053 duarum
2256 2989 2616 3073 praeferens
2655 2992 2834 3053 natu-

542 3115 753 3159 rarum
820 3095 1269 3160 discretionem
1324 3096 1528 3179 ipsius
1589 3115 1728 3161 esse
1785 3116 1908 3160 non
1966 3097 2155 3160 uenit
2199 3097 2263 3160 in
2321 3096 2607 3160 dubium.
2675 3095 2835 3160 nihil

529 3220 693 3285 ergo
746 3205 847 3266 est
889 3203 1037 3276 iam,
1087 3221 1199 3267 cur
1252 3211 1353 3266 me
1412 3202 1626 3267 omnia
1683 3204 1936 3268 credere
1993 3202 2320 3268 existimes
2373 3202 2623 3278 debere,
2673 3220 2834 3284 quae
2864 3231 2926 3271 τε.

540 3307 868 3371 continent
922 3309 1273 3392 euangelia,
1334 3327 1479 3374 cum
1535 3311 1627 3373 tu,
1687 3312 1762 3373 ut
1819 3328 2011 3392 supra
2065 3312 2392 3374 ostensum
2462 3312 2580 3384 est,
2639 3313 2830 3372 testa-

536 3412 737 3477 menti
811 3415 1047 3478 ueteris
1127 3434 1495 3498 supremum
1569 3415 1884 3497 liquorem
1948 3415 2053 3479 uix
2120 3415 2428 3493 summis,
2493 3419 2570 3480 ut
2631 3416 2830 3482 aiunt.

534 3518 731 3584 labris
780 3518 1090 3603 adtingas.

608 3659 641 3711 2
689 3657 972 3729 approbari
1020 3659 1080 3714 8¹
1136 3661 1421 3731 approbari
1481 3665 1590 3730 (pr.
1649 3680 1681 3732 p
1737 3679 1779 3716 8.
1830 3663 1888 3726 l.)
1938 3662 1993 3716 P
2171 3663 2202 3716 3
2259 3663 2518 3734 scriptum
2575 3679 2680 3718 om.
2727 3661 2828 3716 ΒΘ

536 3747 568 3798 5
606 3748 789 3800 uetere
828 3748 913 3800 Μ·
1062 3749 1373 3804 ammittitis
1416 3749 1660 3805 GLSMl
1703 3750 1980 3805 ammittas
2021 3751 2091 3818 (?)
2123 3751 2180 3804 P
2319 3752 2354 3803 6
2392 3747 2578 3810 cibilia
2605 3749 2828 3804 L¹P¹M

535 3834 790 3890 docibilia
828 3835 927 3892 SG
1081 3837 1115 3892 8
1152 3837 1557 3893 obseruationes
1603 3838 1652 3893 Ο
1801 3841 1833 3893 9
1873 3839 2045 3893 azima
2083 3839 2290 3895 LGSG
2411 3840 2478 3894 12
2518 3838 2824 3894 dissimula·

534 3924 711 3980 nimus
760 3926 815 3995 (b
864 3927 928 3980 in
972 3944 1007 3980 u
1052 3945 1121 3981 m.
1163 3931 1203 3982 2
1249 3933 1407 3993 corr.)
1457 3927 1567 3983 SM
1617 3927 2078 3983 dissimulabimus
2131 3928 2183 3982 G
2367 3929 2434 3984 13
2482 3928 2736 4000 obliquae
2774 3930 2825 3983 L

536 4015 602 4069 14
654 4019 735 4080 (et
782 4017 869 4079 19)
916 4015 1007 4086 ab]
1054 4033 1087 4070 a.
1124 4017 1155 4070 b
1266 4017 1336 4071 20
1372 4022 1618 4087 preterea
1654 4017 1762 4072 LO
1793 4021 2080 4087 propterea
2118 4019 2150 4072 b
2297 4020 2360 4072 21
2412 4018 2684 4072 misticum
2725 4017 2832 4074 628

528 4103 759 4174 mystica
815 4105 847 4158 b
1044 4105 1292 4160 fixionem
1335 4106 1374 4174 (i
1413 4111 1543 4160 ante
1579 4124 1609 4159 o
1645 4121 1690 4160 s.
1731 4107 1788 4164 l.)
1826 4105 1872 4160 S
1903 4107 2097 4160 fixione
2136 4107 2168 4159 b
2367 4123 2475 4177 qua.
2515 4111 2605 4172 (ev
2631 4123 2754 4176 sup.
2793 4123 2827 4162 a

530 4193 624 4260 er.)
664 4191 709 4245 0
850 4195 1128 4264 passiones
1170 4195 1209 4259 (i
1245 4197 1309 4249 in
1347 4211 1374 4248 e
1412 4211 1547 4249 corr.
1586 4211 1654 4248 m.
1695 4199 1754 4262 2)
1794 4194 1847 4247 L
1975 4197 2044 4249 22
2081 4193 2423 4250 uulneratum
2467 4195 2547 4249 Ob
2693 4201 2826 4250 tune

534 4283 685 4346 (ante
718 4285 857 4351 par.)
892 4281 1047 4337 LSG
1173 4283 1241 4337 23
1280 4283 1575 4354 duarumlll
1615 4283 1661 4337 Ο
1775 4283 1842 4337 25
1881 4301 2020 4354 quur
2053 4283 2156 4337 Lo
2272 4283 2341 4338 27
2381 4289 2725 4355 suppremum
2765 4289 2825 4356 (p

532 4383 654 4435 exp.
696 4385 760 4420 m.
802 4370 861 4426 2)
902 4367 951 4419 L
1094 4369 1311 4439 liquori}
1354 4363 1400 4424 C
1538 4371 1705 4430 sumis
1746 4373 1776 4424 b
