3159 4984
477 447 624 512 674
1188 447 1239 498 S.
1297 442 1575 496 Aureli
1635 442 2067 512 Augustini

475 641 583 704 uel
630 659 754 706 non
807 657 948 704 esse
997 641 1214 703 contra
1261 637 1361 702 dei
1407 640 1817 721 praeceptum
1866 638 2108 701 certum
2148 640 2248 702 est
2284 636 2392 700 uel
2426 639 2645 700 utrum
2684 636 2794 713 sit,

479 749 727 811 certum
782 766 906 813 non
964 749 1084 825 est,
1137 746 1227 810 ita
1280 748 1355 808 ut
1412 745 1681 810 fortasse
1742 763 1920 808 reum
1986 762 2204 823 regem
2249 743 2443 808 faciat
2486 743 2799 826 iniquitas

479 853 857 936 imperandi,
884 855 1290 918 innocentem
1324 855 1538 916 autem
1567 852 1841 916 militem
1872 851 2170 916 ostendat
2188 851 2341 916 ordo
2362 851 2684 916 seruiendi
2704 887 2799 898 —-

478 965 714 1043 quanto
771 961 980 1044 magis
1035 960 1098 1024 in
1158 958 1707 1023 administratione
1752 959 2071 1023 bellorum
2114 958 2637 1025 innocentissime
2686 959 2799 1022 de·

477 1071 790 1146 uersatur,
841 1067 950 1149 qui
997 1065 1114 1130 deo
1161 1066 1422 1130 iubente
1468 1065 1823 1149 belligerat,
1864 1084 2053 1146 quem
2088 1066 2255 1130 male
2294 1066 2535 1148 aliquid
2570 1065 2796 1129 iubere
2872 1080 2903 1118 5

479 1194 604 1240 non
652 1194 843 1257 posse
891 1192 1099 1252 nem0,
1149 1173 1257 1254 qui
1307 1172 1364 1236 ei
1415 1171 1636 1248 seruit,
1682 1171 1953 1254 ignorat.

573 1281 677 1344 76.
748 1279 816 1344 Si
863 1283 1079 1343 autem
1126 1281 1460 1362 propterea
1504 1279 1735 1360 putant
1779 1296 1903 1343 non
1948 1278 2237 1360 potuisse
2296 1278 2485 1342 deum
2545 1278 2801 1343 bellurn

481 1387 828 1472 gerendum
883 1387 1122 1462 iubere,
1183 1385 1332 1468 quia
1388 1383 1685 1451 dominus
1741 1386 1965 1467 postea
2022 1384 2206 1449 Iesus
2258 1384 2570 1464 Christus,
2632 1406 2799 1470 ego,

479 1494 709 1577 inquit,
762 1493 928 1559 dico
976 1493 1198 1558 uobis
1248 1510 1389 1556 non
1436 1491 1805 1556 resistere
1854 1491 2255 1556 aduersum
2300 1493 2603 1568 malum:
2660 1493 2805 1558 sed

483 1603 548 1668 si
616 1601 786 1684 quis
851 1604 925 1665 te
991 1598 1470 1682 percusserit
1531 1598 1605 1662 in
1670 1598 2053 1662 maxillam
2114 1602 2318 1663 tuam
2383 1599 2801 1669 dexteram,
2844 1611 2907 1650 ¹⁰

479 1708 754 1793 praebe
801 1707 927 1772 illi
986 1710 1058 1771 et
1114 1705 1528 1784 sinistram,
1595 1705 1975 1788 intellegant
2036 1706 2201 1771 hanc
2244 1706 2805 1789 praeparationem

483 1835 605 1881 non
675 1834 816 1880 esse
880 1814 945 1877 in
1013 1831 1292 1895 corpore,
1361 1811 1475 1876 sed
1538 1811 1605 1876 in
1673 1812 1895 1888 corde3
1963 1811 2052 1876 ibi
2118 1815 2218 1877 est
2274 1813 2441 1877 enim
2498 1817 2805 1878 sanctum

483 1922 694 1986 cubile
760 1919 1046 1999 uirtutis,
1115 1937 1273 2002 quae
1338 1919 1403 1982 in
1467 1918 1602 1984 illis
1668 1936 1919 2000 quoque
1977 1918 2254 2000 antiquis
2308 1919 2499 1984 iustis
2554 1920 2807 1984 nostris

483 2027 773 2112 patribus
828 2024 1149 2091 habitauit
1195 2076 1211 2091 .
1263 2024 1375 2089 sed
1434 2043 1572 2088 eam
1618 2043 1830 2088 rerum
1878 2023 2416 2107 dispensationem
2463 2044 2537 2090 ac
2582 2024 2807 2089 distri-

484 2135 817 2200 butionem
863 2137 1225 2214 temporum
1273 2132 1423 2197 ordo
1470 2133 1799 2215 poscebat,
1854 2133 1929 2194 ut
1981 2131 2159 2213 prius
2218 2131 2548 2214 adpareret
2596 2133 2807 2196 etiam
2848 2143 2907 2182 1⁵

481 2245 623 2325 ipsa
685 2243 852 2305 bona
913 2243 1180 2311 terrena,
1247 2238 1480 2320 quibus
1539 2241 1603 2303 et
1658 2238 1936 2302 humana
1991 2257 2187 2322 regna
2242 2241 2307 2302 et
2362 2259 2435 2302 ex
2491 2239 2807 2305 hostibus

484 2347 790 2413 uictoriae
849 2345 1254 2428 deputantur,
1311 2349 1570 2429 propter
1625 2365 1785 2428 quae
1837 2345 2109 2410 maxime
2178 2345 2407 2410 ciuitas
2470 2345 2809 2428 inpiorum

479 2454 710 2519 diffusa
771 2472 884 2536 per
946 2453 1259 2517 mundum
1326 2451 1683 2536 supplicare
1748 2452 1939 2517 idolis
1999 2455 2064 2516 et
2120 2452 2535 2519 daemonibus
2600 2454 2805 2535 solet,

481 2581 606 2627 non
665 2560 790 2625 nisi
845 2560 923 2624 ad
979 2560 1170 2625 unius
1229 2559 1330 2624 dei
1384 2560 1525 2625 ueri
1577 2562 1964 2643 potestatem
2022 2564 2213 2643 atque
2270 2560 2599 2626 arbitrium
2656 2580 2809 2643 per-

481 2669 706 2732 tinere.
773 2667 940 2731 unde
999 2671 1064 2731 et
1116 2669 1310 2732 uetus
1364 2668 1821 2731 testamentum
1881 2669 2196 2731 secretum
2243 2667 2422 2750 regni
2469 2668 2805 2732 caelorum
2854 2679 2919 2719 2⁰

483 2778 768 2858 tempore
817 2776 1126 2857 oportuno
1177 2773 1585 2856 aperiendum
1649 2773 2181 2856 promissionibus
2228 2775 2493 2838 terrenis
2542 2775 2811 2858 operuit

484 2887 550 2946 et
599 2881 876 2964 quodam
921 2880 1112 2946 modo
1159 2880 1526 2946 umbrosius
1576 2880 1892 2963 opacauit.
1950 2880 2061 2945 ubi
2106 2884 2323 2945 autem
2368 2881 2548 2946 uenit
2590 2883 2808 2964 pleni-

487 2987 644 3053 tudo
675 2987 1002 3070 temporie,
1033 2988 1109 3049 ut
1143 3005 1384 3050 nouum
1419 2987 1879 3050 testamentum
1916 2985 2325 3066 reuelaretur,
2364 2987 2534 3068 quod
2569 2987 2808 3071 figuris

488 3093 725 3158 ueteris
781 3093 1133 3171 uelabatur,
1193 3091 1477 3156 euidenti
1532 3091 1981 3156 testificatione
2040 3091 2169 3156 iam
2229 3092 2809 3158 demonstrandum

489 3203 626 3264 erat
671 3219 811 3264 esse
860 3199 1050 3262 aliam
1094 3198 1318 3276 uitam,
1377 3217 1487 3281 pro
1519 3215 1671 3278 -qua
1718 3197 1906 3262 debet
1950 3199 2106 3264 haec
2152 3199 2291 3263 uita
2336 3200 2679 3278 contemni,
2730 3203 2805 3264 et
2854 3211 2921 3250 ²⁵

487 3303 664 3368 aliud
709 3323 998 3388 regnum,
1047 3321 1159 3386 pro
1209 3321 1333 3385 quo
1383 3306 1634 3385 oportet
1680 3304 1964 3368 omnium
2012 3308 2405 3370 terrenorum
2450 3324 2807 3388 regnorum

665 3513 697 3564 s
735 3511 931 3578 matth.
970 3511 1022 3576 5,
1060 3511 1130 3565 39

564 3673 592 3724 1
633 3674 946 3742 preceptum
982 3669 1037 3724 L
1183 3673 1386 3725 certum
1422 3687 1466 3725 ε.
1507 3672 1543 3727 l.
1581 3689 1649 3728 m.
1690 3677 1721 3726 1
1763 3671 1810 3726 0
1859 3744 1871 3776 1
1949 3675 1985 3727 4
2022 3671 2331 3728 diuersatur
2366 3673 2399 3727 b
2538 3674 2569 3728 7
2610 3673 2809 3744 deum]

489 3787 612 3842 dnm
648 3786 750 3841 LO
928 3787 961 3840 9
999 3785 1258 3840 aduersus
1300 3786 1504 3841 GSMb
1685 3787 1747 3841 11
1788 3787 1940 3858 illam
1982 3787 2031 3842 0
2206 3787 2501 3857 sinistram]
2557 3787 2727 3842 aliam
2768 3789 2809 3842 b

660 3859 672 3891 ἱ

485 3903 816 3974 intellegant
869 3902 911 3972 (i
967 3919 1004 3954 a
1059 3920 1128 3962 m.
1173 3904 1286 3972 pr.)
1345 3902 1390 3958 G
1588 3903 1653 3956 13
1702 3905 1861 3974 quae]
1910 3921 1977 3974 q:
2015 3902 2093 3957 13ι
2274 3904 2343 3957 15
2384 3907 2717 3973 apparerent
2760 3903 2819 3959 S

487 3995 772 4063 appareret
809 3997 966 4062 (corr.
1005 4007 1072 4046 a
1107 3993 1413 4062 appararet)
1451 3991 1524 4045 M
1651 3992 1715 4046 17
1756 3993 1917 4062 quae]
1956 4009 2024 4062 q:
2063 3991 2140 4045 Ll
2268 3992 2333 4045 21
2378 3993 2689 4061 opportuno
2728 3992 2813 4046 M

488 4085 556 4136 22
591 4081 755 4136 modu
798 4080 846 4135 G
948 4082 1020 4135 24
1057 4081 1434 4136 testificatione
1475 4083 1526 4144 (e
1561 4098 1605 4138 8.
1647 4082 1683 4136 l.
1723 4082 1851 4136 add.
1890 4099 1959 4136 m.
1998 4081 2053 4151 2)
2092 4080 2146 4134 L
2254 4080 2322 4133 25
2362 4078 2589 4134 deberet
2627 4081 2711 4150 (re
2753 4097 2802 4137 3.

489 4173 548 4238 Ζ.)
594 4170 646 4227 G
684 4169 907 4225 deberet
943 4169 990 4224 S
1112 4171 1419 4241 contempni
1460 4170 1506 4223 G
1612 4171 1680 4224 26
1721 4171 1870 4225 aliud
1910 4173 1997 4242 (ov
2034 4186 2209 4239 supra
2248 4187 2281 4223 u
2322 4185 2392 4222 er.
2433 4173 2483 4222 et
2520 4167 2555 4222 d
2590 4183 2638 4223 s.
2680 4170 2721 4226 1.
2766 4187 2811 4224 a

492 4273 556 4312 m.
605 4258 660 4322 ⁶2)
712 4257 765 4310 L
819 4257 966 4311 aliud
1015 4258 1070 4328 (d
1115 4275 1237 4327 sup.
1283 4275 1401 4327 erp.
1447 4276 1500 4313 m
1548 4279 1587 4314 α
1635 4277 1700 4314 -ηι,
1752 4261 1809 4330 2)
1863 4260 1975 4315 SM
2010 4261 2176 4314 alium
2221 4258 2273 4312 G
2514 4261 2807 4328 oporteret

487 4361 546 4399 re
583 4361 626 4398 s.
668 4347 701 4398 l.
748 4345 864 4402 G.S
