3159 4984
326 1656 380 1692 10

328 2722 381 2758 20

327 3252 379 3290 25

950 484 1036 536 VI.
1078 484 1366 539 Contra
1422 486 1792 539 Faustum
1852 484 1983 539 lib.
2041 485 2266 539 XVIIII.
2599 490 2722 550 511

422 687 486 744 et
530 683 595 745 in
639 682 1003 746 libertatem
1049 680 1297 745 uocatis
1344 681 1495 744 filiis
1544 681 1642 744 dei
1692 682 1844 764 iugo
1894 681 2224 745 seruitutis
2274 682 2506 747 ablato.
2559 682 2726 764 quod

422 789 575 854 duro
627 793 692 853 et
740 788 911 853 carni
961 787 1171 852 dedito
1219 788 1456 870 populo
1508 788 1914 871 congruebat.

512 899 614 961 14.
684 896 1137 960 Uerumtamen
1189 896 1242 959 si
1292 895 1535 976 antiqui
1583 895 1760 971 iusti,
1821 896 1927 976 qui
1987 896 2398 959 sacramentis
2455 896 2585 959 illis
2636 896 2723 959 in-

420 1003 810 1085 tellegebant
863 1005 1197 1065 uenturam
1254 1002 1678 1083 praenuntiari
1738 1002 2193 1065 reuelationem
2252 1001 2421 1079 fidei,
2481 1022 2550 1065 ex
2601 1022 2726 1085 qua

417 1110 571 1173 licet
626 1109 831 1172 adhuc
890 1112 1108 1191 operta
1165 1112 1229 1172 et
1284 1108 1703 1173 abscondita·
1736 1126 1996 1171 munere
2053 1112 2266 1171 tamen
2325 1109 2582 1191 pietatis
2634 1109 2726 1172 iu-

420 1217 679 1280 tellecta
728 1216 917 1279 etiam
965 1219 1120 1279 tunc
1168 1216 1291 1298 ipsi
1329 1216 1653 1291 uiuebant,
1697 1215 1846 1297 quia
1889 1216 1952 1279 in
2002 1216 2119 1280 hac
2167 1216 2302 1279 uita
2349 1235 2533 1280 nemo
2584 1235 2723 1281 esse

419 1326 632 1405 potest
678 1324 911 1389 iustus,
963 1322 1085 1385 nisi
1134 1322 1241 1403 qui
1291 1342 1360 1385 ex
1408 1322 1531 1385 fide
1580 1323 1784 1385 uiuit:
1835 1322 1891 1386 si
1942 1341 2088 1405 ergo
2129 1320 2374 1403 antiqui
2411 1322 2569 1385 iusti
2605 1341 2716 1404 pro

418 1430 549 1493 illis
598 1428 1126 1513 praenuntiatiuis
1176 1429 1592 1492 sacra-mentis
1643 1432 1707 1491 et
1750 1448 1960 1492 rerum
2007 1428 2289 1493 nondum
2335 1428 2717 1509 inpletarum

420 1538 641 1619 figuris
693 1535 904 1600 omnia
951 1535 1108 1597 dura
1156 1539 1220 1598 et
1266 1535 1574 1600 horrenda
1620 1536 1864 1617 perpeti
1901 1536 2104 1617 parati
2141 1534 2400 1599 fuerunt
2439 1539 2502 1599 et
2537 1536 2724 1617 pleri-

424 1664 543 1725 que
591 1643 874 1725 perpessi
923 1646 1103 1717 sunt;
1156 1642 1209 1706 si
1255 1647 1385 1706 tres
1432 1662 1663 1725 pueros
1711 1643 2214 1724 Danihelemque
2263 1641 2720 1723 praedicarim&

420 1751 568 1831 quia
616 1750 691 1813 de
738 1768 960 1813 mensa
1005 1749 1173 1833 regis
1224 1748 1636 1812 contaminari
1681 1749 2041 1826 noluerunt,
2107 1748 2275 1829 quod
2325 1754 2458 1811 erat
2505 1751 2719 1813 contra

417 1857 594 1919 illius
643 1856 949 1937 temporis
1000 1858 1503 1930 sacramentum3
1555 1856 1609 1919 si
1657 1855 2080 1919 Machabaeos
2132 1876 2276 1919 cum
2325 1856 2566 1939 ingenti
2615 1856 2720 1918 ad-

419 1964 750 2027 miratione
800 1962 1233 2044 praeferimus,
1277 1962 1423 2043 quia
1461 1981 1663 2039 escas,
1705 1962 1936 2043 quibus
1976 1982 2140 2026 nunc
2181 1962 2508 2025 christiani
2547 1962 2720 2027 licite

420 2074 705 2134 utuntur.
758 2070 1080 2152 adtingere
1128 2070 1489 2147 noluerunt,
1540 2069 1690 2150 quia
1734 2071 1888 2132 tunc
1945 2088 2056 2151 pro
2113 2073 2398 2151 tempore
2454 2070 2719 2151 prophe-

356 2188 381 2224 5
419 2177 544 2241 tico
594 2196 716 2241 non
775 2176 1045 2239 licebat:
1114 2180 1347 2257 quanto
1416 2176 1620 2259 magis
1684 2195 1854 2239 nunc
1912 2196 2022 2257 pro
2080 2176 2398 2258 baptismo
2460 2176 2716 2244 Christi,

419 2304 529 2367 pro
579 2284 962 2348 eucharistia
1003 2283 1258 2361 Christi,
1298 2303 1408 2366 pro
1460 2284 1641 2367 signo
1685 2282 1922 2347 Christi
1969 2284 2048 2346 ad
2097 2284 2308 2347 omnia
2354 2283 2722 2366 perferenda

420 2391 693 2472 paratior
740 2390 930 2453 debet
977 2409 1116 2455 esse
1167 2389 1569 2467 christianus
1622 2410 1766 2454 cum
1804 2391 1953 2454 illae
1989 2391 2227 2453 fuerint
2261 2390 2716 2473 promissiones

419 2517 627 2561 rerum
694 2498 1217 2581 conplendarum‚
1286 2498 1442 2561 haec
1509 2498 1638 2561 sint
1699 2497 1933 2561 indicia
1998 2498 2481 2578 conpletarum‘?
2548 2496 2714 2578 quod

421 2606 583 2668 enim
654 2604 858 2668 adhuc
924 2605 1319 2687 promit-titur
1376 2604 1705 2681 ecclesiae,
1763 2605 1826 2667 id
1887 2608 1985 2668 est
2041 2604 2284 2685 corpori
2335 2604 2588 2680 Christi,
2655 2607 2717 2666 et

421 2711 484 2774 in
532 2710 1043 2775 manifestatione
1090 2711 1489 2793 praedicatur
1527 2711 1691 2774 etin
1739 2711 1879 2793 ipso
1930 2710 2133 2792 capite
2184 2709 2460 2792 corporis
2512 2710 2714 2772 salua-

419 2822 575 2887 tore,
628 2818 689 2881 id
738 2820 837 2881 est
882 2817 945 2880 in
995 2818 1132 2898 ipso
1171 2816 1517 2880 mediatore
1558 2817 1658 2879 dei
1696 2820 1760 2879 et
1797 2816 2126 2879 hominum
2165 2815 2418 2879 homine
2461 2815 2712 2880 Christo

418 2925 586 3001 Iesu,
636 2924 762 2986 iam
811 2924 1033 3004 utique
1094 2924 1457 3005 conpletum
1516 2926 1634 2986 est.
1703 2922 1855 3005 quid
1913 2923 2078 2986 enim
2136 2922 2530 3004 promittitur
2592 2924 2715 2986 nisi

419 3031 554 3094 uita
602 3036 854 3094 aeterna
902 3050 974 3094 ex
1018 3030 1476 3095 resurrectione
1526 3048 1562 3093 a
1608 3030 1928 3094 mortuis?
1994 3029 2114 3092 hoc
2173 3029 2299 3091 iarn
2350 3029 2714 3111 conpletum

419 3139 518 3201 est
563 3138 625 3200 in
673 3137 788 3200 illa
835 3156 1036 3215 carne,
1087 3137 1256 3219 quod
1303 3138 1570 3201 uerbum
1629 3156 1770 3201 caro
1827 3136 2088 3200 factum·
2128 3139 2226 3199 est
2283 3138 2346 3199 et
2399 3137 2716 3199 habitauit

418 3242 485 3306 in
532 3244 734 3308 nobis.
801 3247 955 3308 tunc
1004 3262 1151 3327 ergo
1203 3248 1266 3308 et
1314 3244 1566 3308 occulta
1613 3246 1748 3307 erat
1791 3243 1986 3315 fides:
2045 3263 2190 3307 nam
2240 3245 2456 3307 eadem
2507 3243 2714 3308 crede-

416 3350 571 3413 bant
635 3350 979 3433 eademque
1046 3351 1385 3432 sperabant
1448 3368 1668 3414 omnes
1730 3349 1886 3412 iusti
1937 3351 2001 3411 et
2047 3349 2250 3413 sancti
2308 3348 2500 3412 etiam
2555 3352 2714 3413 tem-

415 3475 639 3539 porum
706 3457 1001 3533 illorum3
1053 3461 1117 3520 et
1181 3457 1565 3540 promissiua
1632 3460 1808 3521 erant
1869 3457 1980 3520 illa
2048 3456 2258 3520 omnia
2323 3459 2714 3525 sacramenta

599 3693 623 3744 1
688 3692 754 3746 cf.
814 3692 931 3747 Gal.
991 3692 1040 3757 5,
1102 3693 1127 3745 1
1190 3734 1201 3745 .
1253 3694 1324 3747 13
1463 3693 1492 3744 7
1551 3692 1617 3747 cf.
1673 3674 1824 3745 Rom.
1877 3694 1924 3756 1,
1975 3693 2042 3746 17
2155 3694 2216 3745 11
2271 3691 2337 3746 cf.
2395 3692 2534 3745 Dan.
2589 3692 2633 3756 1,
2681 3695 2713 3744 s

419 3784 483 3834 14
513 3782 579 3835 cf.
619 3781 671 3834 η
700 3780 874 3834 Mach.
909 3780 939 3831 7
1050 3781 1118 3834 21
1159 3780 1224 3834 cf.
1250 3782 1292 3870 οΙ
1330 3780 1466 3836 Tim.
1508 3782 1557 3845 2,
1598 3782 1632 3835 ε)
1743 3782 1812 3834 25
1853 3780 1918 3834 cf.
1957 3780 2074 3834 Ioh.
2115 3782 2164 3845 1,
2207 3782 2276 3835 14

484 3934 521 3985 4
568 3934 857 3985 uenturum
904 3930 951 3983 C
1140 3930 1509 4034 ¹¹reuelatione
1555 3930 1604 3984 Ο
1777 3934 1810 3983 5
1861 3934 2082 4001 operata
2123 3931 2194 3981 1,1
2375 3947 2600 3983 munera
2637 3932 2712 3995 L?

417 4048 449 4099 6
485 4050 615 4101 tunc
654 4062 755 4099 om.
788 4046 819 4098 b
935 4046 999 4098 10
1029 4044 1351 4115 danielemq'
1383 4045 1429 4100 S
1534 4046 1602 4099 12
1637 4046 1786 4101 illius
1827 4048 1883 4114 (u
1920 4063 1962 4102 8.
2005 4046 2039 4101 Ζ.
2080 4063 2118 4099 a
2153 4062 2221 4101 m.
2264 4047 2316 4115 1)
2353 4044 2450 4099 LS
2479 4044 2591 4099 illis
2618 4044 2712 4097 M¹

415 4136 800 4190 macchabaeos
866 4135 966 4188 OG-
1206 4136 1271 4187 17
1329 4134 1424 4186 ille
1480 4133 1525 4189 S
1739 4135 1808 4188 18
1874 4137 2003 4188 sunt
2058 4132 2108 4189 S
2161 4134 2273 4187 sint
2333 4133 2372 4201 (i
2430 4148 2495 4186 ex
2540 4134 2596 4197 u)
2651 4135 2718 4185 M

415 4226 484 4278 19
530 4224 789 4295 ecclesiae
846 4224 891 4277 G
1046 4227 1130 4277 est
1180 4224 1253 4293 (st
1299 4240 1342 4276 8.
1392 4223 1450 4290 l.)
1499 4224 1576 4276 L'2
1759 4222 1827 4276 20
1865 4222 2174 4293 predicatur
2213 4222 2258 4274 G
2435 4222 2632 4275 saltore
2671 4220 2718 4275 S

414 4312 625 4366 saluato
683 4311 731 4365 0
843 4312 907 4365 21
962 4316 1047 4365 est
1096 4316 1169 4377 (st
1215 4327 1259 4365 s.
1310 4312 1343 4365 Ζ.
1394 4310 1524 4365 add.
1574 4327 1639 4363 m.
1693 4312 1751 4376 2)
1801 4312 1851 4364 L
1995 4317 2096 4379 xpo
2149 4314 2200 4377 (o
2254 4310 2384 4364 add.
2434 4328 2502 4364 m.
2554 4313 2613 4377 2)
2660 4308 2714 4363 L

414 4402 482 4453 24
522 4416 644 4454 caro
684 4417 785 4456 om.
823 4400 962 4453 Lab
1075 4401 1143 4453 26
1183 4400 1371 4453 eadem
1410 4399 1579 4455 ΗΜΘ
