3159 4984
1083 458 1177 513 VI.
1235 458 1530 513 Contra
1583 459 1952 513 Faustum
2009 460 2138 514 lib.
2195 458 2318 513 XII.
2687 464 2818 527 373

526 652 985 720 Nathanaheli:
1052 636 1483 717 in'uenimus
1550 654 1926 726 messiam,
1995 655 2189 736 quod
2264 654 2820 737 interpretatur

530 762 905 837 Christus,
955 760 1077 825 nisi
1125 761 1271 843 quia
1318 760 1440 826 hoc
1486 779 1713 825 nomen
1761 761 1826 825 in
1865 761 1978 824 illa
2013 764 2200 844 gente
2239 780 2352 845 per
2382 761 2532 827 illas
2568 762 2817 827 litteras

530 872 594 933 et
640 868 959 934 sciebatur
1003 871 1069 932 et
1116 868 1620 951 expectabatur?
1684 886 1831 932 nam
1887 868 2066 932 nulla
2121 868 2244 932 alia
2300 888 2456 950 gens
2511 888 2698 953 reges
2754 870 2820 933 et

530 976 887 1040 sacerdotes
937 994 1089 1039 suos
1140 974 1411 1038 christos
1459 973 1686 1038 habuit
1721 976 1786 1038 et
1822 974 2101 1051 uocauit,
2142 994 2412 1058 quorum
2449 975 2816 1060 significati·

468 1099 495 1137 5
532 1100 679 1145 uam
725 1082 1092 1146 unctionem
1140 1098 1390 1146 cessare
1436 1080 1533 1145 fas
1580 1101 1706 1147 non
1752 1081 1896 1159 fuit,
1958 1081 2083 1147 nisi
2141 1101 2286 1146 cum
2343 1082 2454 1146 ille
2509 1082 2814 1160 uenisset,

528 1188 636 1273 qui
698 1188 765 1253 in
832 1189 923 1253 eis
988 1186 1572 1273 praenuntiabatur.
1641 1187 1734 1251 sic
1801 1188 1969 1251 enim
2023 1188 2244 1254 Iudaei
2309 1190 2618 1253 nouerant
2669 1188 2816 1253 illos

530 1294 800 1361 christos
850 1312 1023 1371 suos,
1080 1298 1155 1358 ut
1206 1296 1419 1358 tamen
1476 1313 1678 1359 unum
1736 1301 2078 1377 sperarent.
2133 1314 2248 1379 per
2309 1314 2498 1378 quem
2559 1294 2816 1359 demum

528 1403 979 1477 liberarentur;
1049 1401 1161 1466 sed
1228 1401 1544 1465 excaecati
1611 1403 1864 1467 occulta
1927 1403 2176 1469 iustitia
2238 1403 2338 1466 dei
2404 1402 2556 1466 dum
2613 1402 2814 1467 solam

528 1510 663 1575 eius
702 1510 1009 1574 uirtutem
1050 1508 1355 1593 cogitant,
1393 1508 1849 1585 infirmitatem,
1891 1510 1954 1573 in
1995 1529 2120 1591 qua
2153 1530 2265 1593 pro
2305 1508 2486 1575 nobis
2523 1510 2820 1573 mortuus

450 1630 502 1669 ¹⁰
532 1620 647 1695 est,
697 1637 819 1681 non
864 1617 1330 1681 intellexerunt.
1380 1615 1527 1680 hinc
1572 1616 1688 1679 illa
1733 1618 1930 1681 uerba
1987 1618 2049 1680 in
2107 1618 2270 1681 libro
2331 1615 2676 1699 sapientiae
2733 1615 2815 1678 de

522 1723 652 1787 illis
695 1722 1015 1806 praedicta
1061 1722 1542 1805 cognoscimus:
1595 1728 1830 1787 morte
1876 1724 2326 1805 turpissima
2373 1721 2806 1787 condemne-

524 1850 684 1895 mus
731 1830 978 1903 illum;
1029 1828 1177 1892 erit
1223 1828 1416 1892 enim
1461 1831 1862 1911 respectus
1909 1829 1983 1892 in
2033 1830 2514 1895 sermonibus
2551 1828 2814 1903 illius:

526 1936 588 2000 si
653 1940 827 1999 uer'e
892 1936 1115 1999 filius
1183 1935 1501 2009 dei-est,
1571 1936 1953 2019 suscipiet
2015 1936 2235 2000 illum
2302 1938 2376 1999 et
2440 1934 2818 2000 liberabit

524 2042 739 2106 illum
803 2042 887 2107 de
944 2043 1286 2107 manibus
1363 2043 1933 2108 contrariorum.
2010 2045 2194 2107 haec
2268 2043 2818 2126 cogitauerunt

438 2164 489 2203 1⁵
527 2152 599 2213 et
644 2154 1115 2220 ensuerunt:
1166 2150 1605 2213 excaecauit
1651 2151 1846 2214 enim
1889 2151 2071 2215 illos
2118 2150 2418 2214 malitia
2461 2149 2800 2213 illorum.

524 2257 690 2338 quod
738 2257 929 2321 etiam
977 2256 1053 2320 de
1096 2256 1241 2321 istis
1288 2256 1620 2321 uerissime
1661 2256 1785 2321 dici
1821 2260 2054 2340 potest.
2095 2257 2204 2339 qui
2251 2256 2314 2320 in
2361 2259 2541 2320 tanta
2585 2256 2802 2319 multi-

520 2364 741 2428 tudine
794 2363 1325 2441 testimoniorum,
1384 2364 1449 2427 in
1505 2368 1686 2428 tanta
1739 2363 2156 2447 dispositione
2214 2351 2802 2447 praenuntIatarum

520 2490 757 2540 rerum,
830 2470 895 2533 in
968 2472 1147 2533 tanta
1204 2469 1728 2561 ⁴manifestatione
1808 2472 2244 2554 conpletarum
2310 2470 2516 2534 adhuc
2584 2469 2806 2535 dicunt

521 2577 849 2660 scripturis
885 2577 1015 2641 illis
1054 2575 1379 2642 Christum
1415 2597 1541 2642 non
1581 2597 1722 2643 esse
1759 2579 2228 2662 prophetatum.
2272 2578 2438 2660 quod
2479 2578 2534 2641 si
2572 2578 2807 2640 iterum

430 2696 485 2735 ²0
524 2688 711 2766 atque
755 2684 985 2747 iterum
1035 2683 1266 2756 dicant,
1316 2704 1431 2749 nos
1475 2684 1712 2749 iterum
1768 2689 1956 2768 atque
2013 2687 2244 2750 iterum
2301 2702 2644 2769 possumus
2697 2682 2806 2747 do-

520 2795 816 2855 cumenta
859 2790 1130 2873 proferre
1174 2791 1517 2856 adiuuante
1561 2792 1697 2870 illo,
1749 2793 1856 2874 qui
1901 2795 2146 2856 tantam
2203 2792 2452 2875 copiam
2505 2787 2808 2871 praebuit

520 2896 824 2962 aduersus
874 2897 1222 2961 calumnias
1271 2898 1495 2962 erroris
1541 2898 1824 2975 humani,
1881 2902 1955 2962 ut
2004 2918 2096 2973 ea,
2146 2917 2304 2979 quae
2350 2896 2481 2962 iam
2531 2914 2805 2960 comme-

518 3004 930 3077 morauimus,
978 3023 1101 3069 non
1150 3008 1533 3087 repetamus,

607 3114 713 3176 45.
778 3112 911 3174 Iam
958 3130 1141 3193 porro
1188 3111 1377 3174 aliam
1422 3110 1648 3175 Fausti
1695 3112 2310 3195 tergiuersationem‚
2371 3130 2560 3193 quam
2619 3109 2804 3173 credo

434 3229 487 3269 ²⁵
520 3238 668 3281 cum
716 3220 781 3282 et
824 3218 960 3301 ipse
1007 3218 1514 3301 praeclarissima
1549 3218 1916 3301 prophetiae
1954 3219 2099 3282 luce
2138 3220 2592 3301 percuteretur.
2635 3214 2806 3279 calli-

521 3324 846 3388 dissimam
907 3343 975 3389 se
1031 3324 1353 3414 inuenisse
1411 3324 1753 3388 arbitratus
1810 3329 1928 3391 est.
1998 3324 2187 3389 etiam
2255 3323 2542 3387 refellere
2609 3322 2804 3406 piget,

519 3450 594 3493 ne
632 3434 962 3513 propterea
998 3432 1259 3530 putetur
1294 3430 1533 3512 aliquid
1572 3430 1825 3507 dixisse,
1855 3430 2004 3512 quia
2042 3431 2098 3495 ei
2135 3430 2498 3512 responderi
2538 3430 2800 3513 dignum

700 3656 725 3707 1
765 3656 880 3709 Ioh.
924 3657 969 3715 ι,
1006 3658 1075 3708 47
1222 3658 1253 3708 6
1293 3656 1358 3709 ef.
1398 3658 1423 3709 1
1462 3658 1596 3725 neg.
1641 3657 1720 3718 10,
1765 3657 1818 3719 1;
1859 3656 1952 3710 nx.
1991 3657 2060 3709 29
2118 3719 2124 3725 5
2208 3657 2269 3709 11
2324 3657 2448 3726 sap.
2488 3658 2536 3718 2,
2583 3657 2645 3709 18
2685 3610 2802 3725 s‘qq.

590 3832 616 3884 1
658 3848 919 3901 messyam
968 3832 1013 3884 O
1186 3832 1597 3901 interprimunt
1635 3832 1684 3883 L
1792 3834 1826 3884 4
1863 3836 1984 3899 xpm
2027 3829 2283 3884 LSGMb
2396 3830 2424 3879 7
2475 3829 2715 3898 chrystos
2751 3828 2804 3882 L

517 3920 751 3989 demum]
798 3920 887 3973 dm
939 3920 1101 3973 GSM
1140 3919 1297 3973 deum
1355 3918 1487 3973 1³¹6*
1534 3918 1640 3973 deu
1686 3922 1774 3990 (eu
1831 3921 1895 3971 in
1939 3922 2075 3985 ras.)
2127 3917 2180 3971 L
2229 3918 2439 3971 demum
2489 3917 2518 3969 b
2571 3916 2656 3983 (in
2699 3932 2803 3986 my.

517 4009 609 4063 alii
655 4008 837 4075 deum)
986 4010 1018 4063 8
1068 4010 1299 4063 excecati
1339 4008 1390 4061 L
1504 4010 1563 4061 11
1619 4007 2069 4077 condempnemus
2114 4005 2162 4060 Ο
2265 4008 2332 4059 12
2363 4011 2494 4074 post
2527 4007 2802 4075 respectus

518 4100 645 4153 add.
687 4099 800 4152 eius
841 4098 887 4153 S
1012 4098 1076 4152 13
1112 4098 1371 4151 liberauit
1406 4098 1458 4150 L
1588 4100 1654 4150 15
1691 4096 1927 4165 illorum]
1969 4112 2150 4150 eorum
2196 4096 2250 4173 0·
2357 4096 2422 4147 16
2463 4094 2608 4164 quod
2646 4098 2698 4161 (o
2738 4110 2804 4147 ea:

513 4188 553 4245 i)
596 4186 643 4242 S
781 4188 1075 4242 uerissimis
1118 4187 1169 4241 G
1206 4188 1481 4240 uerissime
1532 4190 1636 4251 (me
1677 4187 1812 4253 fact.
1861 4202 1926 4239 ex
1963 4186 2086 4253 mis)
2129 4183 2175 4238 S
2313 4184 2382 4237 20
2420 4182 2714 4253 dogmenta
2749 4182 2802 4235 L

514 4276 579 4330 21
636 4281 793 4331 tanta
840 4278 871 4330 b
1016 4278 1223 4345 copiam
1280 4294 1381 4332 om.
1430 4278 1460 4331 b
1605 4277 1675 4329 22
1729 4275 2008 4345 calupnias
2060 4273 2108 4327 0
2247 4274 2315 4327 23
2370 4276 2680 4342 reputamus
2735 4272 2798 4326 0Ι

514 4366 580 4419 25
642 4366 779 4439 ipse]
844 4368 962 4437 ipsa
1024 4366 1121 4421 SG
1268 4366 1439 4419 lucem
1506 4366 1557 4419 L
1736 4368 2164 4435 repercuteretur
2226 4364 2256 4417 b
2323 4378 2396 4429 ‚re
2461 4379 2599 4417 eras.
2635 4362 2698 4415 in
2733 4363 2802 4415 M
