3159 4984
438 434 567 496 312
1146 431 1197 483 S.
1256 430 1531 484 Aureli
1595 430 2028 501 Augustini

440 622 876 705 respondendo
926 625 989 687 et
1032 624 1367 687 manifesta
1439 624 1710 687 ueritate
1786 624 2078 689 faucibus
2152 624 2390 707 pressis
2450 625 2734 689 anhelitu

442 731 659 795 saucio
710 730 921 795 dicitis
971 750 1110 795 esse
1156 731 1402 795 falsata.
1454 731 1603 813 quid
1664 730 1838 794 aliud
1893 734 2158 813 possent
2203 732 2512 815 exspirare
2560 752 2733 815 prae-

438 838 647 902 focata
713 856 819 901 ora
882 837 1249 906 fallacium?
1320 839 1422 902 uel
1484 839 1700 921 potius
1768 838 1919 920 quid
1988 838 2161 903 aliud
2208 843 2470 922 possent
2514 844 2736 923 putere

441 946 735 1010 confossa
800 945 1105 1009 cadauera
1166 946 1605 1012 mortuorum?
1672 950 1737 1008 et
1799 948 2010 1009 tamen
2061 945 2388 1011 confessus
2437 949 2538 1010 est
2580 946 2734 1010 Fau-

444 1054 582 1116 stus
648 1071 771 1117 non
840 1052 1283 1134 concupiscere
1350 1053 1555 1116 aliena
1620 1072 1742 1117 non
1809 1053 2019 1117 solum
2085 1072 2152 1117 se
2212 1072 2282 1116 ex
2328 1072 2496 1118 nouo
2543 1056 2735 1117 testa-
2797 1074 2824 1111 5

442 1162 677 1236 ment0‚
727 1159 838 1223 sed
889 1159 1079 1224 etiam
1147 1179 1215 1221 ex
1280 1164 1495 1223 uetere
1562 1160 1890 1224 didicisse:
1941 1158 2108 1241 quod
2157 1164 2324 1223 certe
2371 1180 2408 1222 a
2455 1180 2568 1224 suo
2619 1160 2734 1225 deo

439 1286 562 1331 non
636 1269 857 1349 posset
932 1267 1191 1333 discere.
1243 1268 1351 1330 ille
1428 1268 1679 1350 quippe.
1740 1268 1794 1331 si
1869 1287 1992 1331 non
2070 1266 2438 1349 concupiuit
2511 1267 2734 1347 aliena,

440 1394 632 1456 quare
681 1394 871 1457 super
915 1378 1145 1438 terram
1211 1376 1630 1451 tenebrarum,
1682 1375 1791 1438 ubi
1855 1393 2200 1455 numquam
2247 1374 2522 1451 fuerunt,
2571 1390 2736 1438 noua

443 1482 699 1546 saecula
746 1482 1133 1547 construxit?
1184 1502 1257 1545 an
1310 1482 1595 1546 dicturus
1656 1486 1780 1545 est:
1849 1481 2018 1564 prior
2063 1481 2202 1563 ipsa
2249 1499 2405 1563 gens
2451 1482 2736 1545 tenebra-

440 1608 580 1651 rum
645 1607 908 1671 regnum
974 1608 1187 1652 meum
1255 1588 1639 1671 concupiuit,
1691 1588 1859 1669 quod
1926 1587 2003 1650 ab
2068 1588 2184 1651 illa
2230 1591 2364 1651 erat
2409 1587 2736 1653 alienum?
2777 1607 2827 1645 1⁰

442 1713 590 1777 ergo
636 1693 925 1758 imitatus
975 1698 1073 1758 est
1120 1698 1373 1778 gentem
1438 1696 1858 1772 tenebrarum,
1909 1696 1983 1757 ut
2039 1698 2104 1759 et
2144 1694 2284 1776 ipse
2333 1695 2732 1777 concupisce-

439 1806 537 1865 ret
584 1801 829 1868 aliena?
877 1820 952 1864 an
1002 1805 1346 1885 angustum
1410 1806 1595 1865 antea
1659 1802 1864 1864 fuerat
1927 1819 2194 1884 regnum
2259 1801 2468 1867 lucis?
2517 1805 2732 1883 optan-

444 1907 595 1970 dum
645 1907 841 1987 igitur
905 1910 1038 1971 erat
1101 1908 1362 1984 bellum,
1412 1911 1486 1971 ut
1532 1907 1969 1989 adquireretur
2023 1906 2100 1970 de
2147 1908 2417 1971 uictoria
2461 1906 2730 1972 latitudo

443 2013 764 2097 regnandi.
814 2012 983 2094 quod
1031 2013 1083 2077 si
1130 2014 1369 2078 bonum
1419 2016 1535 2087 est,
1587 2017 1651 2077 et
1715 2016 1858 2077 ante
1923 2012 2134 2095 potuit
2191 2014 2572 2096 concupisci,
2622 2013 2732 2078 sed

444 2120 909 2201 expectabatur,
957 2124 1032 2184 ut
1078 2139 1231 2203 gens
1266 2120 1518 2186 hostilis
1565 2119 1630 2183 in
1677 2121 1920 2184 bellum
1965 2119 2134 2203 prior
2181 2125 2556 2201 erumperet.
2607 2140 2730 2203 quo
2773 2138 2822 2176 1⁶

445 2227 629 2307 quasi
674 2226 910 2291 iustius
979 2230 1457 2310 expugnaretur.
1514 2228 1567 2291 si
1635 2231 1848 2291 autem
1917 2246 2040 2291 non
2091 2230 2190 2291 est
2235 2228 2492 2302 bonum,
2543 2246 2731 2308 quare

439 2332 699 2397 inimico
749 2334 922 2399 uicto
972 2354 1161 2417 super
1207 2334 1475 2399 alienam
1547 2337 1780 2398 terram
1855 2353 2133 2399 crescere
2193 2334 2403 2399 uoluit
2467 2353 2730 2418 regnum

443 2459 669 2515 suum,
756 2460 899 2505 cum
992 2440 1168 2523 prius
1272 2444 1605 2505 contentus
1691 2441 1824 2505 suis
1928 2441 2158 2505 finibus
2260 2441 2446 2524 plena
2538 2440 2734 2504 felici-

443 2549 574 2610 tate
625 2547 930 2611 uixisset?
980 2548 1091 2611 sed
1139 2548 1379 2612 utinam
1436 2566 1583 2611 uere
1641 2547 1751 2611 isti
1799 2547 1954 2611 haec
2001 2546 2140 2628 ipsa
2185 2550 2519 2629 praecepta
2565 2547 2734 2609 uitae

445 2654 741 2737 agendae,
793 2673 1061 2734 quorum
1100 2657 1198 2717 est
1236 2671 1453 2719 unum.
1488 2673 1565 2717 ne
1605 2654 2129 2734 concupiscamus
2179 2652 2736 2729 alienum‚uellent
2771 2671 2826 2708 ευ

446 2780 517 2824 ex
564 2760 694 2824 illis
760 2761 991 2824 litteris
1061 2759 1319 2836 discere,
1386 2761 1667 2842 profecto
1734 2762 2248 2823 mansuescerent
2304 2763 2369 2823 et
2411 2760 2598 2823 mites
2648 2760 2736 2822 in·

442 2867 821 2951 tellegerent
887 2867 1078 2931 etiam
1144 2866 1257 2929 illa
1318 2870 1654 2948 ‘praecepta
1718 2867 1888 2929 uitae
1965 2865 2435 2949 significandae,
2505 2866 2735 2948 quibus

445 2994 663 3039 eorum
713 2975 985 3039 oblatrat
1032 2974 1311 3042 offensio,
1364 2978 1427 3037 et
1481 2973 1578 3037 illi
1634 2976 1788 3037 tunc
1835 2972 2104 3055 tempori
2155 2972 2547 3037 obseruanda
2593 2992 2736 3036 con·

446 3082 693 3165 gruisse
761 3084 825 3145 et
896 3081 1045 3145 huic
1118 3100 1283 3144 nunc
1360 3080 1628 3163 tempori
1703 3078 2130 3163 intellegenda
2207 3098 2570 3163 congruere.
2623 3100 2735 3143 nos

448 3193 660 3252 autem
727 3190 1039 3269 quomodo
1104 3190 1295 3251 uetus
1361 3189 1816 3250 testamentum
1881 3188 2204 3267 tamquam
2271 3185 2546 3249 alienum
2596 3204 2738 3249 con·
2775 3201 2830 3237 25

449 3296 859 3377 cupiscimuS.
910 3314 1054 3359 cum
1102 3313 1171 3357 ea
1204 3294 1515 3377 legamus,
1566 3311 1728 3374 quae
1775 3292 1847 3355 in
1896 3292 2146 3375 figura
2195 3292 2742 3375 contingebant

443 3402 641 3475 illis;
692 3402 977 3484 scripta
1038 3404 1214 3465 sunt
1268 3403 1514 3464 autem
1578 3401 1886 3482 propter
1951 3418 2111 3463 nos».
2179 3398 2250 3461 in
2321 3418 2510 3480 quos
2557 3398 2739 3463 finis

524 3680 549 3732 1
574 3677 854 3747 resp011;{do
868 3678 921 3730 L
1030 3678 1244 3747 pressis]
1278 3679 1569 3747 praecessit
1590 3678 1643 3731 L
1659 3678 1890 3747 pracssis
1912 3676 2103 3731 &116²
2209 3675 2500 3730 Hanclitus
2519 3678 2566 3741 (s
2585 3676 2743 3742 infra

450 3769 571 3833 lin.)
591 3767 644 3820 L
664 3768 882 3821 aneiatu
903 3766 950 3821 S
974 3767 1080 3819 anh
1110 3767 1270 3820 elitus
1292 3768 1362 3819 M
1464 3768 1498 3819 2
1528 3769 1680 3820 aucio
1707 3766 1775 3818 M
1886 3765 2034 3819 aliud
2057 3766 2160 3835 (is.
2182 3767 2239 3828 l.)
2263 3764 2364 3820 SG
2472 3765 2681 3835 possint
2711 3764 2742 3813 b

451 3858 687 3927 expirare
746 3856 793 3910 Ο
930 3856 1211 3926 prefocare.
1264 3858 1349 3916 (ca
1402 3870 1447 3909 ε.
1506 3858 1541 3909 Ζ.
1597 3874 1664 3911 m.
1722 3858 1755 3907 2
1808 3862 2098 3924 super-ser.)
2164 3854 2211 3907 G
2349 3855 2382 3905 3
2447 3856 2648 3923 putaere
2701 3852 2748 3905 C

448 3950 638 4017 putare
684 3946 795 3999 L'b
927 3946 954 3995 ῒ
984 3944 1160 4015 possit
1179 3944 1210 3997 b
1356 3945 1588 3999 alienam
1607 3944 1742 4008 LS)
1773 3948 1846 4011 (m
1877 3950 1966 4005 er.)
1999 3942 2122 3997 MG
2267 3944 2302 3995 9
2349 3940 2612 3995 construit
2657 3940 2742 3992 Lb

453 4036 519 4089 12
546 4035 681 4088 lucis
712 4033 1021 4104 optandum.
1054 4034 1231 4103 Igitur
1250 4032 1405 4087 SGL
1526 4034 1589 4086 13
1629 4034 1930 4101 quircretur
1950 4031 1997 4085 S
2101 4032 2170 4084 15
2198 4030 2372 4100 priore
2401 4032 2672 4098 rumperet
2692 4028 2744 4080 L

449 4169 574 4239 quo]
645 4186 748 4237 quo
814 4168 871 4231 (d
936 4170 1031 4228 er.)
1078 4166 1205 4220 PM
1262 4164 1406 4235 quod
1450 4164 1606 4219 LSG
1773 4166 1838 4219 18
1885 4128 2173 4233 conteiens
2218 4162 2266 4216 0
2405 4161 2515 4215 suis
2564 4167 2611 4223 (s
2647 4162 2743 4227 fin.

448 4273 491 4309 s.
542 4257 601 4321 l.)
650 4256 701 4307 I.
852 4258 913 4307 19
962 4260 1039 4319 (ct
1082 4256 1170 4324 ⁶22)
1218 4258 1473 4325 precepta
1524 4256 1571 4308 (J
1713 4254 1781 4307 ‘20
1840 4254 2279 4324 concupiscamus
2328 4252 2442 4317 (mu
2487 4264 2530 4303 ε.
2581 4251 2638 4311 l.)
2692 4248 2744 4302 G

448 4344 516 4395 27
558 4344 609 4397 iu
650 4344 758 4397 illis
796 4343 1068 4398 LUSMG
1214 4344 1345 4396 fines
1386 4343 1681 4397 LS¹M¹G¹
