3159 4984
227 1617 276 1654 19

229 2151 278 2188 15

234 3215 282 3254 25

747 445 792 498 Ι.
845 444 944 497 De
1001 443 1394 498 utilitate
1453 443 1835 500 credendi
1890 444 2116 498 liber.
2534 450 2617 512 25

318 638 654 704 uidebatur
726 658 850 703 non
923 657 1110 722 posse
1175 638 1444 702 inueniri
1489 639 1829 723 magnique
1878 639 2111 704 fluctus
2160 639 2619 723 cogitationum

317 765 598 810 mearum
647 746 712 809 in
760 745 1262 810 academicorum
1309 745 1683 829 suffragium
1729 747 2105 810 ferebantur.
2166 767 2351 830 saepe
2400 767 2617 812 rursus

315 852 592 930 intuenS.
626 855 932 935 quantum
962 855 1267 935 poteram,
1298 856 1576 916 mentem
1607 852 1947 918 humanam
1976 856 2105 916 tam
2139 854 2452 925 uiuacem.
2486 856 2617 918 tam

317 979 633 1043 sagacem.
691 962 820 1022 tam
897 957 1348 1041 perspicacem.
1427 979 1550 1024 non
1626 960 1930 1042 putabam
1993 960 2189 1024 latere
2256 960 2613 1032 ueritatem.

221 1090 258 1127 ·5
319 1066 440 1132 nisi
499 1065 670 1148 quod
723 1065 788 1130 in
846 1084 920 1130 ea
976 1065 1315 1148 quaerendi
1378 1067 1609 1131 modus
1662 1067 1908 1134 lateret.
1968 1067 2359 1150 eundemque
2406 1067 2614 1150 ipsum

313 1173 576 1238 modum
625 1174 702 1237 ab
751 1172 962 1254 aliqua
1009 1171 1224 1237 diuina
1269 1173 1645 1237 auct-oritate
1704 1193 1842 1238 esse
1892 1174 2290 1238 sumendum.
2339 1174 2619 1238 restabat

313 1299 636 1362 quaerere,
687 1297 991 1362 quaenam
1040 1279 1153 1342 illa
1199 1283 1372 1344 esset
1417 1280 1781 1353 auctoritas,
1832 1299 1977 1344 cum
2022 1280 2087 1344 in
2134 1281 2328 1345 tantis
2376 1280 2613 1345 dissen-

314 1386 607 1451 sionibus
665 1407 732 1450 se
791 1386 1058 1468 quisque
1121 1385 1302 1450 illam
1351 1386 1730 1450 traditurum
1777 1387 2199 1470 polliceretur.
2251 1387 2619 1451 occurrebat

312 1493 518 1576 igitur
581 1492 1042 1577 inexplicabilis
1107 1492 1292 1567 silua,
1343 1493 1446 1556 cui
1483 1493 1741 1557 demum
1775 1493 1963 1558 inseri
2002 1493 2279 1556 multum
2315 1494 2613 1578 pigebat;

317 1603 506 1682 atque
573 1599 738 1662 inter
803 1599 958 1663 haec
1035 1599 1168 1664 sine
1217 1599 1352 1662 ulla
1405 1599 1619 1681 requie
1678 1599 2022 1682 cupiditate
2076 1599 2427 1684 reperiendi
2480 1601 2617 1665 ueri

313 1707 566 1771 animus
617 1706 994 1791 agitabatur.
1062 1705 1426 1770 dissuebam
1483 1725 1586 1770 me
1640 1708 1852 1770 tamen
1908 1706 2113 1790 magis
2158 1705 2487 1789 magisque
2536 1707 2613 1770 ab

310 1813 476 1881 istis.
527 1831 690 1894 quos
746 1813 874 1875 iam
931 1811 1216 1876 deserere
1271 1830 1743 1896 proposueram.
1809 1811 2089 1876 restabat
2162 1815 2377 1876 autem
2442 1812 2614 1878 aliud

311 1919 472 1983 nihil
515 1919 584 1983 in
629 1919 826 1983 tantis
863 1917 1182 2002 periculi8‚
1225 1936 1414 2000 quam
1478 1921 1554 1982 ut
1610 1918 1895 1982 diuinam·
1932 1918 2391 2001 prouidentiam
2430 1920 2611 1984 lacri-

310 2026 508 2090 mosis
559 2029 624 2090 et
669 2024 1134 2089 miserabilibus
1163 2023 1452 2090 uocibuS.
1485 2028 1559 2089 ut
1592 2044 1774 2107 opem
1803 2025 1959 2089 mihi
1989 2025 2195 2093 ferret.
2227 2024 2609 2107 deprecarer.

319 2137 506 2214 atque
553 2131 618 2196 id
666 2131 886 2196 sedulo
935 2129 1278 2205 faciebam3
1328 2133 1394 2194 et
1439 2130 1564 2194 iam
1612 2131 1739 2195 fere
1786 2151 1885 2195 me
1944 2135 2418 2196 commouerant
2462 2151 2611 2197 non-

313 2239 524 2304 nullae
586 2237 1046 2320 disputationes
1114 2236 1609 2302 Mediolanensis
1659 2237 1957 2321 episcopi,
2007 2242 2081 2303 ut
2125 2258 2249 2304 non
2298 2239 2431 2302 sine
2498 2257 2609 2320 spe

315 2346 528 2428 aliqua
583 2345 658 2409 de
713 2344 851 2427 ipso
918 2346 1134 2408 uetere
1209 2346 1589 2408 testamento
1662 2345 1867 2408 multa
1932 2363 2226 2427 quaerere
2292 2363 2607 2428 cuperem,

315 2470 492 2532 quae.
541 2454 619 2514 ut
665 2449 814 2525 scis,
861 2449 1026 2514 male
1085 2448 1268 2515 nobis
1327 2450 1767 2514 commendata
1815 2451 2273 2515 execrabamur.
2324 2450 2615 2516 decreue—

313 2577 568 2640 ramque
623 2556 868 2621 tamdiu
927 2575 1067 2620 esse
1117 2557 1611 2622 catechumenus
1656 2558 1721 2622 in
1772 2557 2057 2634 ecclesia,
2109 2557 2213 2622 cui
2260 2557 2530 2622 traditus
2580 2576 2617 2620 a

317 2664 680 2746 parentibus
726 2681 916 2738 eram,
965 2663 1162 2728 donec
1209 2665 1320 2727 aut
1365 2663 1733 2742 inuenirem‚
1786 2664 1953 2746 quod
2000 2665 2253 2742 uellem,
2302 2667 2415 2730 aut
2456 2664 2615 2728 mihi

316 2769 756 2852 persuaderem
807 2789 926 2834 non
967 2789 1106 2834 esse
1147 2771 1594 2853 quaerendum.
1663 2771 2228 2855 oportunissimum
2298 2791 2445 2856 ergo
2512 2791 2611 2836 me

315 2895 384 2942 ac
431 2876 622 2941 ualde
670 2876 940 2942 docilem
989 2878 1140 2940 tunc
1186 2876 1468 2942 inuenire
1512 2882 1751 2960 posset,
1803 2879 1911 2960 qui
1945 2882 2166 2962 posset
2203 2879 2442 2942 docere.
2494 2879 2612 2942 hoc

316 3002 460 3067 ergo
491 2983 679 3048 modo
711 2986 778 3047 et
807 2983 1001 3048 simili
1029 2983 1276 3048 animae
1305 2986 1450 3047 tuae
1486 3002 1636 3048 cura
1655 2985 1757 3049 sit.
1782 2985 1891 3049 diu
1922 3004 2170 3069 quoque
2201 2989 2264 3050 te
2295 2985 2611 3049 adfectum

315 3089 530 3159 uides:
594 3091 662 3154 et
706 3089 762 3154 si
807 3088 934 3152 iam
983 3087 1138 3153 satis
1187 3088 1306 3153 tibi
1373 3088 1649 3154 iactatus
1714 3089 1947 3154 uideris
2014 3090 2327 3170 finemque
2393 3089 2611 3154 huius·

319 3196 486 3262 modi
547 3195 874 3261 laboribus
949 3195 1048 3260 uis
1097 3195 1414 3278 inponere,
1475 3214 1737 3277 sequere
1793 3195 1964 3259 uiam
2022 3191 2367 3260 catholicae
2426 3195 2609 3260 disci-

315 3303 538 3385 plinae.
615 3321 776 3384 quae
851 3303 928 3398 ab
1003 3301 1142 3386 ipso
1225 3299 1476 3366 Christo
1551 3321 1663 3384 per
1708 3301 2030 3385 apostolos
2094 3301 2174 3366 ad
2234 3321 2349 3366 nos
2408 3321 2609 3384 usque

315 3408 592 3472 manauit
640 3411 704 3472 ct
753 3407 982 3474 abhinc
1029 3407 1108 3472 ad
1156 3411 1444 3493 posteros
1495 3411 1823 3472 manatura
1872 3411 1987 3472 est.

397 3689 430 3741 2
483 3685 982 3742 hachademicomm
1035 3687 1122 3742 Oh
1201 3687 1665 3743 achademicorum
1714 3689 1848 3744 SM
1873 3687 1990 3742 Vm
2016 3689 2324 3744 inchademi
2344 3705 2523 3743 corum
2561 3705 2606 3758 p

309 3775 582 3829 ferbantur
619 3777 668 3840 (r
699 3775 762 3828 in
797 3779 932 3842 raa.)
969 3775 1051 3830 Ch
1231 3777 1262 3829 7
1303 3777 1589 3848 quaenam]
1628 3795 1751 3832 nam
1792 3793 1895 3848 que
1931 3777 2018 3832 Ch
2162 3777 2195 3832 8
2237 3778 2519 3849 quisquam
2560 3778 2611 3829 V

308 3865 342 3918 9
375 3863 774 3935 inexspicabilis
815 3863 864 3915 V
940 3865 1008 3918 10
1045 3864 1178 3919 haec
1215 3883 1316 3920 om.
1343 3865 1388 3917 V
1495 3867 1563 3920 12
1603 3871 1781 3920 autem
1822 3883 1924 3921 om.
1956 3867 2009 3918 V
2112 3868 2181 3920 14
2216 3866 2505 3920 mirabilib'
2536 3865 2609 3919 M

306 3979 458 4048 mihi]
501 3979 610 4033 nisi
653 3977 742 4032 Ch
925 3979 989 4034 17
1039 3997 1232 4050 cupere
1275 3979 1362 4036 Ch
1546 3981 1613 4035 18
1670 3948 1993 4053 decreraque
2034 3985 2115 4048 (ra
2152 3998 2288 4038 corr.
2329 3997 2394 4035 esc
2430 3987 2509 4048 ta)
2550 4000 2603 4034 m

308 4065 753 4137 decreberamque
797 4067 884 4122 Ch
1083 4070 1150 4122 19
1189 4067 1401 4124 tamdiu
1438 4086 1542 4124 om.
1582 4069 1635 4121 V
1712 4069 2111 4124 cathecuminus
2165 4069 2252 4122 Ch
2272 4068 2317 4122 S
2334 4067 2407 4120 M
2421 4067 2602 4121 P¹mb

306 4156 703 4230 cathecuminos
728 4157 1196 4227 Vcaticuminusp
1324 4159 1384 4212 21
1423 4160 1935 4230 opportunissimum
1958 4157 2181 4213 SPMb
2292 4157 2361 4211 22
2387 4173 2473 4229 me
2504 4156 2599 4211 do-

306 4246 456 4302 cilem
497 4243 544 4296 V
629 4249 816 4316 posset
851 4246 898 4300 si
937 4245 1257 4316 fuisset'qui
1308 4245 1358 4298 P
1398 4248 1464 4309 (si
1507 4247 1698 4301 fuisset
1726 4265 1794 4301 m.
1825 4248 1857 4302 2
1887 4265 1929 4302 s.
1972 4249 2005 4303 l.
2044 4251 2167 4315 scr.)
2255 4247 2433 4302 dicere
2476 4245 2521 4296 Γ
2549 4265 2597 4299 m

471 4333 548 4367 nu

303 4379 370 4434 23
406 4395 534 4433 cura
569 4379 650 4430 πί)
711 4378 806 4447 sit]
835 4379 880 4431 si
893 4377 1010 4432 SM
1095 4377 1166 4432 24
1185 4377 1532 4432 huiusmnndi
1551 4381 1629 4432 Ch
1712 4381 1783 4433 25
1802 4381 1911 4434 iam
1930 4397 2127 4452 ponere
2154 4379 2199 4431 V
2272 4383 2341 4435 26
2362 4379 2451 4450 ad]
2471 4397 2501 4434 a
2521 4379 2599 4432 Ch
