3159 4984
374 1657 425 1695 10

374 2188 423 2226 15

372 2718 425 2757 20

370 3254 420 3292 25

936 478 1029 531 VI.
1086 476 1375 533 Contra
1428 476 1798 532 Faustum
1855 478 1984 531 lib.
2042 476 2274 531 XVIIII.
2629 481 2759 546 519

462 692 635 739 reus
694 674 841 738 erit
897 675 1021 737 uel
1080 673 1352 738 iudicii
1400 674 1525 738 uel
1573 673 1886 739 consilii
1931 673 2058 738 1101
2105 673 2489 757 gehennae
2533 674 2760 757 ignis,

463 779 971 862 quandoquidem
1004 783 1067 845 et
1092 781 1189 845 illi
1217 781 1441 845 eodem
1470 780 1661 846 modo
1699 781 2022 858 uiuebant,
2056 780 2277 845 eodem
2315 780 2503 845 modo
2543 780 2762 845 uiuen-

462 886 615 950 dum
642 888 1003 951 monebant.
1026 906 1102 951 an
1132 888 1510 971 ignorabant
1527 886 1626 951 illi
1645 887 1804 951 iusti
1823 886 2186 951 frenandam
2210 906 2350 951 esse
2370 886 2764 951 iracundiam

459 1012 575 1059 nec
594 995 908 1078 petulanti
930 994 1218 1060 conuicio
1248 995 1507 1059 fratrem
1536 994 2002 1063 lacessendum,
2026 998 2138 1058 aut
2155 996 2465 1058 nouerant
2484 993 2760 1075 quidem,

462 1101 574 1165 sed
612 1102 688 1166 ab
728 1102 828 1167 his
879 1122 947 1166 se
996 1102 1309 1167 abstinere
1349 1122 1471 1167 non
1501 1104 1843 1185 poterant?
1885 1120 2030 1185 ergo
2073 1100 2164 1164 rei
2203 1104 2380 1164 erant
2417 1100 2762 1183 gehennae,

462 1208 777 1288 quomodo
825 1208 1023 1291 igitur
1082 1196 1313 1272 iusti?‘
1336 1207 1620 1290 profecto
1671 1208 1838 1272 enim
1884 1227 2001 1271 nec
2049 1206 2380 1289 inperitam
2429 1226 2638 1271 rerum
2685 1206 2767 1271 ad

463 1333 650 1379 suum
699 1314 983 1379 officium
1028 1315 1477 1398 pertinentium
1541 1334 1659 1379 nec
1713 1314 2240 1397 intemperantem
2297 1313 2492 1379 audes
2555 1313 2762 1378 dicere

463 1440 681 1487 eorum
710 1421 910 1486 fuisse
938 1422 1253 1486 iustitiam
1294 1422 1357 1485 in
1395 1424 1668 1498 tantum,
1709 1424 1783 1484 ut
1821 1440 1928 1486 eos
1968 1421 2203 1485 faceret
2237 1438 2379 1486 reos
2419 1420 2760 1503 gehennae.

463 1548 576 1592 cur
622 1547 771 1611 ergo
819 1528 997 1593 illam
1044 1530 1277 1613 legem.
1328 1529 1678 1593 secundum
1733 1546 1918 1610 quam
1959 1527 2268 1592 uiuebant
2304 1526 2548 1609 antiqui
2585 1526 2761 1605 iusti,

461 1634 619 1699 haec
680 1634 967 1699 addendo
1030 1634 1321 1699 Christus
1379 1635 1672 1718 inpleret,
1731 1654 1877 1699 curn
1935 1653 2152 1699 eorum
2211 1651 2460 1716 quoque
2515 1634 2765 1697 iustitia

463 1742 597 1805 sine
652 1741 799 1806 istis
858 1760 999 1807 esse
1056 1721 1179 1807 non
1237 1745 1504 1825 posset?
1573 1760 1650 1805 an
1717 1742 2006 1806 dicturus
2073 1760 2160 1819 03,
2228 1740 2398 1823 quod
2461 1759 2763 1823 praeceps

463 1847 789 1917 iracundia
835 1851 901 1912 et
944 1847 1167 1933 lingua
1210 1850 1493 1932 inproba.
1548 1869 1620 1913 ex
1669 1867 1791 1931 quo
1841 1849 2021 1912 uenit
2067 1847 2380 1915 Christus,
2431 1847 2640 1929 coepit
2685 1847 2764 1911 ad

462 1954 865 2036 iniquitatem
912 1956 1247 2038 pertinere,
1298 1962 1483 2019 antea
1530 1975 1682 2021 uero
1731 1974 1856 2021 non
1905 1958 2040 2019 erat
2083 1954 2374 2035 iniquum
2421 1955 2528 2019 uel
2574 1954 2762 2019 corde

462 2061 569 2125 uel
618 2082 721 2126 ore
769 2062 895 2126 ista
942 2062 1339 2127 committere
1362 2066 1391 2126 t>
1454 2062 1626 2127 sicut
1668 2062 1733 2125 in
1783 2062 2164 2143 quibusdam
2208 2063 2399 2126 rebus
2444 2080 2556 2145 pro
2603 2063 2762 2125 tem-

461 2187 687 2251 porum
749 2169 1247 2252 proprietatibus
1306 2169 1625 2234 institutis
1687 2170 2051 2234 inuenimus
2111 2188 2279 2233 nunc
2340 2166 2581 2251 aliquid
2635 2186 2761 2234 non

457 2274 671 2352 licere,
740 2276 906 2357 quod
973 2279 1117 2340 ante
1180 2276 1437 2341 licuerit
1492 2277 1601 2340 uel
1657 2276 1822 2359 quod
1883 2280 2027 2339 ante
2084 2294 2206 2340 non
2261 2274 2536 2351 licuerit,
2595 2292 2763 2338 1111110

459 2380 671 2445 110010.
740 2400 864 2446 11011
912 2401 1117 2464 usque
1166 2382 1320 2447 adeo
1380 2382 1642 2465 desipis,
1700 2384 1774 2446 ut
1829 2382 1950 2446 hoc
2008 2381 2214 2455 dicas}
2289 2380 2400 2445 sed
2457 2380 2648 2443 etiam
2707 2381 2764 2444 si

464 2488 659 2566 dicas,
716 2488 1203 2571 respondebitur
1256 2488 1395 2559 tibi,
1456 2489 1630 2571 quod
1693 2488 2044 2554 secundum
2107 2488 2304 2554 istum
2360 2487 2764 2553 intellectum

465 2595 759 2660 Christus
808 2615 931 2659 non
981 2596 1301 2679 adinplere
1348 2597 1616 2673 uenerit,
1658 2597 1828 2680 quod
1872 2597 2004 2681 legi
2052 2597 2346 2679 antiquae
2388 2594 2610 2671 defuit,
2651 2594 2764 2659 sed

460 2700 671 2785 legem
716 2700 1073 2767 instituere.
1124 2720 1285 2784 quae
1330 2721 1455 2767 non
1502 2703 1647 2781 fuit,
1697 2703 1754 2767 si
1793 2703 2001 2767 dicere
2037 2702 2217 2765 fratri
2263 2701 2568 2777 „fatue,“
2616 2718 2764 2764 cum

462 2807 630 2891 apud
677 2809 973 2890 antiquos
1020 2809 1227 2875 iustos
1275 2830 1399 2875 non
1447 2810 1683 2875 fuisset
1727 2810 2059 2886 iniustum,
2099 2828 2266 2874 nunc
2314 2809 2407 2871 ita
2449 2807 2762 2871 iniustum

462 2934 601 2979 esse
633 2913 924 2981 Christus
955 2916 1185 2984 11011111.
1224 2920 1299 2980 111
1336 2917 1626 3000 quisquis
1665 2918 1786 2983 hoc
1826 2917 2068 2995 dixerit,
2107 2935 2254 2981 reus
2293 2916 2382 2981 sit
2417 2914 2762 2999 gehennae.

460 3022 719 3103 proinde
786 3022 1067 3087 nondum
1134 3023 1459 3099 inuenisti,
1525 3023 1780 3088 cuinam
1842 3023 1972 3107 legi
2036 3023 2192 3089 haec
2257 3021 2595 3104 aliquando
2657 3020 2761 3085 de-

460 3127 737 3199 fuerunt,
789 3130 1022 3211 quibus
1071 3149 1238 3194 nunc
1286 3129 1521 3195 additis
1571 3148 1712 3195 eam
1760 3130 2052 3195 Christus
2099 3130 2390 3213 inpleret.

554 3221 686 3298 21.‘
722 3236 821 3302 An
870 3235 1031 3300 forte
1068 3236 1167 3301 lex
1214 3256 1339 3302 non
1386 3236 1766 3302 moechandi
1811 3236 1981 3320 apud
2015 3237 2165 3302 illos
2211 3238 2420 3302 iustos
2467 3237 2761 3319 antiquos

463 3342 812 3424 semiplena
860 3345 1011 3421 erat,
1062 3344 1259 3409 donec
1310 3363 1347 3408 a
1394 3344 1649 3409 domino
1699 3344 2128 3428 adinpleretur
2173 3344 2463 3423 addente,
2503 3365 2581 3409 ne
2619 3344 2762 3427 quis

463 3446 541 3509 ad
588 3448 1165 3531 concupiscendum
1214 3449 1433 3513 uideat
1470 3450 1800 3514 mulierem
1825 3454 1854 3513 ἱ)
1905 3450 1997 3515 310
2037 3450 2204 3515 0111111
2244 3451 2762 3515 commemorasti

642 3691 669 3742 1
709 3690 907 3744 Matth.
947 3692 995 3753 5,
1037 3691 1106 3743 22

534 3860 558 3912 1
612 3876 732 3913 reus
782 3862 865 3927 (in
912 3862 1047 3929 raa.)
1101 3860 1149 3913 Ο
1288 3861 1500 3914 concilii
1546 3861 1823 3928 LSGMb,
1863 3864 1934 3931 (ci
1970 3865 2032 3917 in
2067 3866 2205 3932 raa.)
2250 3864 2296 3917 C
2436 3864 2682 3936 gehenne
2719 3864 2767 3917 Ο

458 3947 635 4016 igenis
677 3948 724 4002 Ο
882 3950 915 4000 2
952 3948 1217 4003 uiuebant
1252 3947 1440 4003 eodem
1485 3950 1647 4003 modo
1686 3967 1786 4006 om.
1826 3951 2137 4007 LSGMPb
2308 3955 2343 4006 4
2381 3952 2620 4007 conuitio
2658 3952 2762 4007 SG·

458 4042 490 4089 11
560 4035 879 4091 lacessenda
948 4042 999 4103 (fr
1066 4054 1108 4092 ε.
1176 4039 1235 4104 Ζ.)
1302 4038 1351 4094 S
1407 4039 1780 4094 lacessandum
1847 4042 1922 4095 L¹
2175 4042 2210 4097 8
2275 4042 2448 4096 facere
2512 4042 2602 4095 M¹
2623 4041 2760 4096 6¹1,

458 4126 663 4182 fateare
702 4126 749 4182 S
888 4130 921 4182 9
960 4145 1097 4199 quur
1133 4128 1243 4183 Lo
1378 4128 1648 4183 bibebant
1685 4130 1776 4182 Μ’
1961 4132 2026 4185 16
2072 4130 2231 4185 licere
2283 4130 2428 4201 quod
2474 4134 2600 4185 ante
2650 4149 2758 4197 non

457 4216 546 4271 lic.
576 4210 677 4272 ΒΘ
788 4218 855 4273 18
884 4217 1187 4272 111101181οω
1221 4218 1274 4272 G
1386 4218 1451 4272 19
1482 4219 1704 4292 antique
1738 4220 1908 4289 (add.
1929 4238 1999 4274 m.
2022 4224 2081 4289 2)
2105 4222 2157 4273 L
2266 4220 2336 4275 20
2365 4220 2551 4274 fatuae
2579 4220 2768 4275 LG'M

457 4304 620 4361 fatuae
668 4306 715 4360 0
853 4308 922 4361 23
962 4306 1236 4362 defuerint
1269 4307 1317 4361 Ο
1422 4309 1491 4361 24
1520 4324 1674 4373 eaam
1703 4308 1776 4362 L²
1887 4312 1958 4363 25
1996 4308 2279 4365 moecandi
2307 4308 2360 4362 L
2506 4309 2760 4379 antiquos

458 4396 632 4449 iustos
672 4396 841 4451 SMG
951 4396 1019 4450 26
1059 4396 1448 4467 adimpleretur
1484 4396 1575 4465 (ad
1613 4414 1654 4454 3.
1697 4400 1758 4461 l.)
1799 4398 1846 4453 S
1949 4400 2018 4453 27
2055 4398 2132 4453 sic
2169 4402 2222 4465 (0
2258 4415 2301 4452 ε.
2342 4399 2400 4467 1.)
2449 4398 2496 4452 0
