<?xml version="1.0" encoding="UTF-8"?>
<!DOCTYPE html PUBLIC "-//W3C//DTD XHTML 1.0 Transitional//EN"
    "http://www.w3.org/TR/xhtml1/DTD/xhtml1-transitional.dtd">
<html xmlns="http://www.w3.org/1999/xhtml" xml:lang="en" lang="en">
 <head>
  <title>
</title>
<meta http-equiv="Content-Type" content="text/html;charset=utf-8" />
  <meta name='ocr-system' content='tesseract 3.04.00' />
  <meta name='ocr-capabilities' content='ocr_page ocr_carea ocr_par ocr_line ocrx_word'/>
</head>
<body>
  <div class='ocr_page' id='page_1' title='image "./corpusscriptoru27wissgoog_0229.png"; bbox 0 0 3159 4984; ppageno 0'>
   <div class='ocr_carea' id='block_1_1' title="bbox 849 463 2697 533">
    <p class='ocr_par' dir='ltr' id='par_1_1' title="bbox 849 438 2697 533">
     <span class='ocr_line' id='line_1_1' title="bbox 849 463 2697 533; baseline 0.001 -19"><span class='ocrx_word' id='word_1_1' title='bbox 849 463 909 516; x_wconf 71' lang='lat' dir='ltr'><strong>V.</strong></span> <span class='ocrx_word' id='word_1_2' title='bbox 958 464 1246 517; x_wconf 81' lang='lat' dir='ltr'><strong>Contra</strong></span> <span class='ocrx_word' id='word_1_3' title='bbox 1295 464 1723 533; x_wconf 77' lang='lat' dir='ltr'>epistulam</span> <span class='ocrx_word' id='word_1_4' title='bbox 1772 464 2287 517; x_wconf 83' lang='lat' dir='ltr'><strong>fundamenti.</strong></span> <span class='ocrx_word' id='word_1_5' title='bbox 2575 470 2697 531; x_wconf 76' lang='lat'><strong>221</strong></span> 
     </span>
    </p>
   </div>
   <div class='ocr_carea' id='block_1_2' title="bbox 419 658 2708 1061">
    <p class='ocr_par' dir='ltr' id='par_1_2' title="bbox 419 658 2708 1061">
     <span class='ocr_line' id='line_1_2' title="bbox 419 658 2704 741; baseline 0.001 -20"><span class='ocrx_word' id='word_1_6' title='bbox 419 658 593 723; x_wconf 89' lang='lat' dir='ltr'><strong>illius</strong></span> <span class='ocrx_word' id='word_1_7' title='bbox 639 658 1156 741; x_wconf 77' lang='lat' dir='ltr'><strong>imaginationem</strong></span> <span class='ocrx_word' id='word_1_8' title='bbox 1193 658 1583 740; x_wconf 83' lang='lat' dir='ltr'><strong>reliquerint.</strong></span> <span class='ocrx_word' id='word_1_9' title='bbox 1624 658 1981 723; x_wconf 79' lang='lat' dir='ltr'><strong>Manichaei</strong></span> <span class='ocrx_word' id='word_1_10' title='bbox 2030 678 2171 723; x_wconf 89' lang='lat' dir='ltr'><strong>esse</strong></span> <span class='ocrx_word' id='word_1_11' title='bbox 2218 678 2340 723; x_wconf 88' lang='lat' dir='ltr'><strong>non</strong></span> <span class='ocrx_word' id='word_1_12' title='bbox 2390 664 2704 741; x_wconf 86' lang='lat' dir='ltr'><strong>poterunt.</strong></span> 
     </span>
     <span class='ocr_line' id='line_1_3' title="bbox 422 764 2708 847; baseline 0 -18"><span class='ocrx_word' id='word_1_13' title='bbox 422 766 540 831; x_wconf 88' lang='lat' dir='ltr'><strong>hoc</strong></span> <span class='ocrx_word' id='word_1_14' title='bbox 569 764 736 829; x_wconf 89' lang='lat' dir='ltr'><strong>enim</strong></span> <span class='ocrx_word' id='word_1_15' title='bbox 770 765 950 847; x_wconf 88' lang='lat' dir='ltr'><strong>quasi</strong></span> <span class='ocrx_word' id='word_1_16' title='bbox 979 764 1297 847; x_wconf 89' lang='lat' dir='ltr'><strong>proprium</strong></span> <span class='ocrx_word' id='word_1_17' title='bbox 1335 768 1522 847; x_wconf 87' lang='lat' dir='ltr'><strong>atque</strong></span> <span class='ocrx_word' id='word_1_18' title='bbox 1543 766 1941 847; x_wconf 86' lang='lat' dir='ltr'><strong>praecelsum</strong></span> <span class='ocrx_word' id='word_1_19' title='bbox 1972 766 2247 831; x_wconf 87' lang='lat' dir='ltr'><strong>auctoris</strong></span> <span class='ocrx_word' id='word_1_20' title='bbox 2279 766 2381 830; x_wconf 89' lang='lat' dir='ltr'><strong>sui</strong></span> <span class='ocrx_word' id='word_1_21' title='bbox 2410 766 2708 830; x_wconf 81' lang='lat' dir='ltr'><strong>laudibus</strong></span> 
     </span>
     <span class='ocr_line' id='line_1_4' title="bbox 421 871 2705 956; baseline 0 -19"><span class='ocrx_word' id='word_1_22' title='bbox 421 872 727 947; x_wconf 81' lang='lat' dir='ltr'><strong>tribuunt,</strong></span> <span class='ocrx_word' id='word_1_23' title='bbox 777 871 945 953; x_wconf 90' lang='lat' dir='ltr'><strong>quod</strong></span> <span class='ocrx_word' id='word_1_24' title='bbox 994 871 1214 935; x_wconf 84' lang='lat' dir='ltr'><strong>dicunt</strong></span> <span class='ocrx_word' id='word_1_25' title='bbox 1260 872 1390 937; x_wconf 88' lang='lat' dir='ltr'><strong>illa.</strong></span> <span class='ocrx_word' id='word_1_26' title='bbox 1441 892 1600 954; x_wconf 87' lang='lat' dir='ltr'><strong>quae</strong></span> <span class='ocrx_word' id='word_1_27' title='bbox 1650 872 1729 935; x_wconf 88' lang='lat' dir='ltr'><strong>ab</strong></span> <span class='ocrx_word' id='word_1_28' title='bbox 1776 872 2055 955; x_wconf 89' lang='lat' dir='ltr'><strong>antiquis</strong></span> <span class='ocrx_word' id='word_1_29' title='bbox 2102 872 2369 956; x_wconf 89' lang='lat' dir='ltr'><strong>figurate</strong></span> <span class='ocrx_word' id='word_1_30' title='bbox 2417 872 2479 935; x_wconf 90' lang='lat' dir='ltr'><strong>in</strong></span> <span class='ocrx_word' id='word_1_31' title='bbox 2526 873 2705 937; x_wconf 90' lang='lat' dir='ltr'><strong>libris</strong></span> 
     </span>
     <span class='ocr_line' id='line_1_5' title="bbox 421 978 2703 1061; baseline 0.002 -17"><span class='ocrx_word' id='word_1_32' title='bbox 421 978 632 1045; x_wconf 89' lang='lat' dir='ltr'><strong>diuina</strong></span> <span class='ocrx_word' id='word_1_33' title='bbox 675 978 976 1061; x_wconf 80' lang='lat' dir='ltr'><strong>mysteria</strong></span> <span class='ocrx_word' id='word_1_34' title='bbox 1025 978 1230 1060; x_wconf 81' lang='lat' dir='ltr'><strong>posita</strong></span> <span class='ocrx_word' id='word_1_35' title='bbox 1281 988 1448 1045; x_wconf 76' lang='lat' dir='ltr'><strong>sunt.</strong></span> <span class='ocrx_word' id='word_1_36' title='bbox 1501 979 1667 1055; x_wconf 72' lang='lat' dir='ltr'><strong>huic,</strong></span> <span class='ocrx_word' id='word_1_37' title='bbox 1718 980 1829 1061; x_wconf 92' lang='lat' dir='ltr'><strong>qui</strong></span> <span class='ocrx_word' id='word_1_38' title='bbox 1874 980 2143 1043; x_wconf 86' lang='lat' dir='ltr'><strong>ultimus</strong></span> <span class='ocrx_word' id='word_1_39' title='bbox 2190 983 2501 1043; x_wconf 85' lang='lat' dir='ltr'><strong>uenturus</strong></span> <span class='ocrx_word' id='word_1_40' title='bbox 2550 982 2703 1048; x_wconf 81' lang='lat' dir='ltr'><strong>erat.</strong></span> 
     </span>
    </p>
   </div>
   <div class='ocr_carea' id='block_1_3' title="bbox 351 1083 2703 1169">
    <p class='ocr_par' dir='ltr' id='par_1_3' title="bbox 351 1083 2703 1169">
     <span class='ocr_line' id='line_1_6' title="bbox 351 1083 2703 1169; baseline -0 -19"><span class='ocrx_word' id='word_1_41' title='bbox 351 1104 380 1141; x_wconf 65' lang='grc' dir='ltr'><strong>τι</strong></span> <span class='ocrx_word' id='word_1_42' title='bbox 419 1085 722 1151; x_wconf 88' lang='lat' dir='ltr'><strong>soluenda</strong></span> <span class='ocrx_word' id='word_1_43' title='bbox 751 1088 816 1149; x_wconf 88' lang='lat' dir='ltr'><strong>et</strong></span> <span class='ocrx_word' id='word_1_44' title='bbox 843 1085 1328 1149; x_wconf 86' lang='lat' dir='ltr'><strong>demonstranda</strong></span> <span class='ocrx_word' id='word_1_45' title='bbox 1361 1104 1498 1150; x_wconf 87' lang='lat' dir='ltr'><strong>esse</strong></span> <span class='ocrx_word' id='word_1_46' title='bbox 1531 1089 1812 1160; x_wconf 72' lang='lat' dir='ltr'><strong>seruata,</strong></span> <span class='ocrx_word' id='word_1_47' title='bbox 1847 1090 1913 1150; x_wconf 87' lang='lat' dir='ltr'><strong>et</strong></span> <span class='ocrx_word' id='word_1_48' title='bbox 1939 1088 2269 1169; x_wconf 89' lang='lat' dir='ltr'><strong>propterea</strong></span> <span class='ocrx_word' id='word_1_49' title='bbox 2314 1089 2462 1167; x_wconf 90' lang='lat' dir='ltr'><strong>post</strong></span> <span class='ocrx_word' id='word_1_50' title='bbox 2508 1083 2703 1149; x_wconf 90' lang='lat' dir='ltr'><strong>istum</strong></span> 
     </span>
    </p>
   </div>
   <div class='ocr_carea' id='block_1_4' title="bbox 327 1636 382 1674">
    <p class='ocr_par' dir='ltr' id='par_1_4' title="bbox 327 1636 382 1674">
     <span class='ocr_line' id='line_1_7' title="bbox 327 1636 382 1674; baseline -0.036 0"><span class='ocrx_word' id='word_1_51' title='bbox 327 1636 382 1674; x_wconf 82' lang='lat'><strong>10</strong></span> 
     </span>
    </p>
   </div>
   <div class='ocr_carea' id='block_1_5' title="bbox 329 2166 380 2205">
    <p class='ocr_par' dir='ltr' id='par_1_5' title="bbox 329 2166 380 2205">
     <span class='ocr_line' id='line_1_8' title="bbox 329 2166 380 2205; baseline 0 0"><span class='ocrx_word' id='word_1_52' title='bbox 329 2166 380 2205; x_wconf 78' lang='lat'><strong>15</strong></span> 
     </span>
    </p>
   </div>
   <div class='ocr_carea' id='block_1_6' title="bbox 313 3230 366 3269">
    <p class='ocr_par' dir='ltr' id='par_1_6' title="bbox 313 3230 366 3269">
     <span class='ocr_line' id='line_1_9' title="bbox 313 3230 366 3269; baseline 0 0"><span class='ocrx_word' id='word_1_53' title='bbox 313 3230 366 3269; x_wconf 73' lang='lat'><strong>25</strong></span> 
     </span>
    </p>
   </div>
   <div class='ocr_carea' id='block_1_7' title="bbox 401 1189 2706 3519">
    <p class='ocr_par' dir='ltr' id='par_1_7' title="bbox 401 1189 2706 3519">
     <span class='ocr_line' id='line_1_10' title="bbox 419 1189 2706 1273; baseline -0.001 -16"><span class='ocrx_word' id='word_1_54' title='bbox 419 1193 546 1257; x_wconf 85' lang='lat' dir='ltr'><strong>iam</strong></span> <span class='ocrx_word' id='word_1_55' title='bbox 600 1189 916 1256; x_wconf 89' lang='lat' dir='ltr'><strong>neminem</strong></span> <span class='ocrx_word' id='word_1_56' title='bbox 977 1190 1296 1255; x_wconf 85' lang='lat' dir='ltr'><strong>doctorem</strong></span> <span class='ocrx_word' id='word_1_57' title='bbox 1356 1191 1664 1256; x_wconf 87' lang='lat' dir='ltr'><strong>diuinitus</strong></span> <span class='ocrx_word' id='word_1_58' title='bbox 1724 1210 1865 1257; x_wconf 87' lang='lat' dir='ltr'><strong>esse</strong></span> <span class='ocrx_word' id='word_1_59' title='bbox 1920 1195 2286 1259; x_wconf 86' lang='lat' dir='ltr'><strong>uenturum.</strong></span> <span class='ocrx_word' id='word_1_60' title='bbox 2347 1193 2495 1273; x_wconf 87' lang='lat' dir='ltr'><strong>quia</strong></span> <span class='ocrx_word' id='word_1_61' title='bbox 2546 1190 2706 1255; x_wconf 88' lang='lat' dir='ltr'><strong>nihil</strong></span> 
     </span>
     <span class='ocr_line' id='line_1_11' title="bbox 419 1298 2704 1381; baseline -0.001 -18"><span class='ocrx_word' id='word_1_62' title='bbox 419 1299 542 1365; x_wconf 87' lang='lat' dir='ltr'><strong>iste</strong></span> <span class='ocrx_word' id='word_1_63' title='bbox 587 1318 702 1381; x_wconf 82' lang='lat' dir='ltr'><strong>per</strong></span> <span class='ocrx_word' id='word_1_64' title='bbox 745 1298 982 1381; x_wconf 83' lang='lat' dir='ltr'><strong>figuras</strong></span> <span class='ocrx_word' id='word_1_65' title='bbox 1023 1302 1088 1361; x_wconf 92' lang='lat' dir='ltr'><strong>et</strong></span> <span class='ocrx_word' id='word_1_66' title='bbox 1125 1298 1460 1381; x_wconf 83' lang='lat' dir='ltr'><strong>allegorias</strong></span> <span class='ocrx_word' id='word_1_67' title='bbox 1500 1298 1745 1375; x_wconf 78' lang='lat' dir='ltr'><strong>dixerit,</strong></span> <span class='ocrx_word' id='word_1_68' title='bbox 1796 1318 1937 1363; x_wconf 88' lang='lat' dir='ltr'><strong>cum</strong></span> <span class='ocrx_word' id='word_1_69' title='bbox 1982 1302 2045 1363; x_wconf 91' lang='lat' dir='ltr'><strong>et</strong></span> <span class='ocrx_word' id='word_1_70' title='bbox 2083 1298 2504 1380; x_wconf 87' lang='lat' dir='ltr'><strong>antiquorum.</strong></span> <span class='ocrx_word' id='word_1_71' title='bbox 2544 1316 2704 1379; x_wconf 89' lang='lat' dir='ltr'><strong>quae</strong></span> 
     </span>
     <span class='ocr_line' id='line_1_12' title="bbox 415 1404 2702 1488; baseline -0.001 -19"><span class='ocrx_word' id='word_1_72' title='bbox 415 1405 573 1469; x_wconf 85' lang='lat' dir='ltr'><strong>talia</strong></span> <span class='ocrx_word' id='word_1_73' title='bbox 619 1407 892 1476; x_wconf 81' lang='lat' dir='ltr'><strong>fuerant,</strong></span> <span class='ocrx_word' id='word_1_74' title='bbox 941 1404 1210 1488; x_wconf 89' lang='lat' dir='ltr'><strong>aperiret</strong></span> <span class='ocrx_word' id='word_1_75' title='bbox 1247 1408 1312 1469; x_wconf 89' lang='lat' dir='ltr'><strong>et</strong></span> <span class='ocrx_word' id='word_1_76' title='bbox 1349 1418 1465 1470; x_wconf 85' lang='lat' dir='ltr'><strong>sua</strong></span> <span class='ocrx_word' id='word_1_77' title='bbox 1503 1404 1771 1469; x_wconf 87' lang='lat' dir='ltr'><strong>enodate</strong></span> <span class='ocrx_word' id='word_1_78' title='bbox 1808 1406 2267 1487; x_wconf 78' lang='lat' dir='ltr'><strong>manifesteque</strong></span> <span class='ocrx_word' id='word_1_79' title='bbox 2302 1408 2702 1469; x_wconf 87' lang='lat' dir='ltr'><strong>monstraret.</strong></span> 
     </span>
     <span class='ocr_line' id='line_1_13' title="bbox 419 1510 2702 1595; baseline -0 -21"><span class='ocrx_word' id='word_1_80' title='bbox 419 1530 540 1575; x_wconf 92' lang='lat' dir='ltr'><strong>non</strong></span> <span class='ocrx_word' id='word_1_81' title='bbox 609 1510 845 1575; x_wconf 89' lang='lat' dir='ltr'><strong>habent</strong></span> <span class='ocrx_word' id='word_1_82' title='bbox 909 1530 1056 1595; x_wconf 91' lang='lat' dir='ltr'><strong>ergo</strong></span> <span class='ocrx_word' id='word_1_83' title='bbox 1120 1512 1251 1587; x_wconf 80' lang='lat' dir='ltr'><strong>isti,</strong></span> <span class='ocrx_word' id='word_1_84' title='bbox 1319 1512 1398 1576; x_wconf 84' lang='lat' dir='ltr'><strong>ad</strong></span> <span class='ocrx_word' id='word_1_85' title='bbox 1463 1530 1621 1593; x_wconf 87' lang='lat' dir='ltr'><strong>quas</strong></span> <span class='ocrx_word' id='word_1_86' title='bbox 1676 1511 2223 1594; x_wconf 77' lang='lat' dir='ltr'><strong>interpretationes</strong></span> <span class='ocrx_word' id='word_1_87' title='bbox 2288 1514 2702 1580; x_wconf 73' lang='lat' dir='ltr'><strong>reuertuntur.</strong></span> 
     </span>
     <span class='ocr_line' id='line_1_14' title="bbox 425 1618 2701 1703; baseline -0.001 -21"><span class='ocrx_word' id='word_1_88' title='bbox 425 1638 570 1682; x_wconf 90' lang='lat' dir='ltr'><strong>cum</strong></span> <span class='ocrx_word' id='word_1_89' title='bbox 618 1618 750 1683; x_wconf 84' lang='lat' dir='ltr'><strong>illis</strong></span> <span class='ocrx_word' id='word_1_90' title='bbox 790 1619 866 1682; x_wconf 85' lang='lat' dir='ltr'><strong>de</strong></span> <span class='ocrx_word' id='word_1_91' title='bbox 908 1624 1162 1683; x_wconf 83' lang='lat' dir='ltr'><strong>auctore</strong></span> <span class='ocrx_word' id='word_1_92' title='bbox 1201 1638 1316 1683; x_wconf 85' lang='lat' dir='ltr'><strong>sno</strong></span> <span class='ocrx_word' id='word_1_93' title='bbox 1355 1620 1627 1703; x_wconf 80' lang='lat' dir='ltr'><strong>legitur:</strong></span> <span class='ocrx_word' id='word_1_94' title='bbox 1674 1620 1883 1683; x_wconf 81' lang='lat' dir='ltr'><strong>iuxta</strong></span> <span class='ocrx_word' id='word_1_95' title='bbox 1930 1638 2145 1683; x_wconf 89' lang='lat' dir='ltr'><strong>unam</strong></span> <span class='ocrx_word' id='word_1_96' title='bbox 2192 1637 2370 1682; x_wconf 90' lang='lat' dir='ltr'><strong>uero</strong></span> <span class='ocrx_word' id='word_1_97' title='bbox 2418 1622 2701 1700; x_wconf 84' lang='lat' dir='ltr'><strong>partem</strong></span> 
     </span>
     <span class='ocr_line' id='line_1_15' title="bbox 421 1724 2701 1791; baseline -0.001 -3"><span class='ocrx_word' id='word_1_98' title='bbox 421 1742 502 1789; x_wconf 88' lang='lat' dir='ltr'><strong>ac</strong></span> <span class='ocrx_word' id='word_1_99' title='bbox 545 1724 754 1789; x_wconf 89' lang='lat' dir='ltr'><strong>latus</strong></span> <span class='ocrx_word' id='word_1_100' title='bbox 803 1725 1170 1790; x_wconf 87' lang='lat' dir='ltr'><strong>inlustris</strong></span> <span class='ocrx_word' id='word_1_101' title='bbox 1227 1726 1446 1791; x_wconf 87' lang='lat' dir='ltr'><strong>illius</strong></span> <span class='ocrx_word' id='word_1_102' title='bbox 1495 1736 1599 1791; x_wconf 68' lang='lat' dir='ltr'><strong>ac·</strong></span> <span class='ocrx_word' id='word_1_103' title='bbox 1636 1730 1943 1791; x_wconf 87' lang='lat' dir='ltr'><strong>sanctae</strong></span> <span class='ocrx_word' id='word_1_104' title='bbox 2000 1729 2245 1789; x_wconf 89' lang='lat' dir='ltr'><strong>terrae</strong></span> <span class='ocrx_word' id='word_1_105' title='bbox 2302 1729 2461 1787; x_wconf 87' lang='lat' dir='ltr'><strong>erat</strong></span> <span class='ocrx_word' id='word_1_106' title='bbox 2506 1726 2701 1786; x_wconf 87' lang='lat' dir='ltr'><strong>tene-</strong></span> 
     </span>
     <span class='ocr_line' id='line_1_16' title="bbox 419 1830 2701 1916; baseline 0 -22"><span class='ocrx_word' id='word_1_107' title='bbox 419 1830 716 1896; x_wconf 89' lang='lat' dir='ltr'><strong>brarum</strong></span> <span class='ocrx_word' id='word_1_108' title='bbox 765 1836 982 1897; x_wconf 88' lang='lat' dir='ltr'><strong>terra.</strong></span> <span class='ocrx_word' id='word_1_109' title='bbox 1034 1852 1434 1916; x_wconf 90' lang='lat' dir='ltr'><strong>quocumque</strong></span> <span class='ocrx_word' id='word_1_110' title='bbox 1475 1854 1542 1899; x_wconf 90' lang='lat' dir='ltr'><strong>se</strong></span> <span class='ocrx_word' id='word_1_111' title='bbox 1579 1834 1907 1904; x_wconf 80' lang='lat' dir='ltr'><strong>uerterint,</strong></span> <span class='ocrx_word' id='word_1_112' title='bbox 1949 1852 2207 1898; x_wconf 87' lang='lat' dir='ltr'><strong>necesse</strong></span> <span class='ocrx_word' id='word_1_113' title='bbox 2245 1836 2363 1900; x_wconf 82' lang='lat' dir='ltr'><strong>est.</strong></span> <span class='ocrx_word' id='word_1_114' title='bbox 2401 1834 2475 1895; x_wconf 91' lang='lat' dir='ltr'><strong>ut</strong></span> <span class='ocrx_word' id='word_1_115' title='bbox 2508 1830 2701 1913; x_wconf 86' lang='lat' dir='ltr'><strong>phan-</strong></span> 
     </span>
     <span class='ocr_line' id='line_1_17' title="bbox 419 1939 2699 2021; baseline 0 -20"><span class='ocrx_word' id='word_1_116' title='bbox 419 1940 762 2002; x_wconf 87' lang='lat' dir='ltr'><strong>tasmatum</strong></span> <span class='ocrx_word' id='word_1_117' title='bbox 811 1958 1071 2004; x_wconf 89' lang='lat' dir='ltr'><strong>suorum</strong></span> <span class='ocrx_word' id='word_1_118' title='bbox 1119 1940 1374 2004; x_wconf 88' lang='lat' dir='ltr'><strong>miseria</strong></span> <span class='ocrx_word' id='word_1_119' title='bbox 1430 1940 1694 2005; x_wconf 85' lang='lat' dir='ltr'><strong>coartati</strong></span> <span class='ocrx_word' id='word_1_120' title='bbox 1748 1940 1813 2004; x_wconf 88' lang='lat' dir='ltr'><strong>in</strong></span> <span class='ocrx_word' id='word_1_121' title='bbox 1870 1940 2179 2005; x_wconf 84' lang='lat' dir='ltr'><strong>scissuras</strong></span> <span class='ocrx_word' id='word_1_122' title='bbox 2236 1942 2347 2002; x_wconf 91' lang='lat' dir='ltr'><strong>aut</strong></span> <span class='ocrx_word' id='word_1_123' title='bbox 2402 1939 2699 2021; x_wconf 88' lang='lat' dir='ltr'><strong>abruptas</strong></span> 
     </span>
     <span class='ocr_line' id='line_1_18' title="bbox 417 2043 2696 2129; baseline -0.001 -20"><span class='ocrx_word' id='word_1_124' title='bbox 417 2044 838 2128; x_wconf 87' lang='lat' dir='ltr'><strong>praecisiones</strong></span> <span class='ocrx_word' id='word_1_125' title='bbox 901 2048 966 2109; x_wconf 90' lang='lat' dir='ltr'><strong>et</strong></span> <span class='ocrx_word' id='word_1_126' title='bbox 1020 2046 1367 2111; x_wconf 62' lang='lat' dir='ltr'><strong>iuncturas</strong></span> <span class='ocrx_word' id='word_1_127' title='bbox 1433 2051 1543 2110; x_wconf 82' lang='lat' dir='ltr'><strong>aut</strong></span> <span class='ocrx_word' id='word_1_128' title='bbox 1598 2048 1872 2111; x_wconf 83' lang='lat' dir='ltr'><strong>fulturas</strong></span> <span class='ocrx_word' id='word_1_129' title='bbox 1930 2046 2335 2129; x_wconf 87' lang='lat' dir='ltr'><strong>turpissimas</strong></span> <span class='ocrx_word' id='word_1_130' title='bbox 2380 2043 2696 2109; x_wconf 85' lang='lat' dir='ltr'><strong>incidant:</strong></span> 
     </span>
     <span class='ocr_line' id='line_1_19' title="bbox 419 2150 2699 2234; baseline -0.001 -18"><span class='ocrx_word' id='word_1_131' title='bbox 419 2170 574 2234; x_wconf 88' lang='lat' dir='ltr'><strong>quas</strong></span> <span class='ocrx_word' id='word_1_132' title='bbox 623 2172 746 2216; x_wconf 90' lang='lat' dir='ltr'><strong>non</strong></span> <span class='ocrx_word' id='word_1_133' title='bbox 808 2153 1010 2217; x_wconf 88' lang='lat' dir='ltr'><strong>dicam</strong></span> <span class='ocrx_word' id='word_1_134' title='bbox 1071 2154 1148 2218; x_wconf 86' lang='lat' dir='ltr'><strong>de</strong></span> <span class='ocrx_word' id='word_1_135' title='bbox 1203 2154 1711 2219; x_wconf 75' lang='lat' dir='ltr'><strong>incommutabili</strong></span> <span class='ocrx_word' id='word_1_136' title='bbox 1766 2157 1991 2217; x_wconf 88' lang='lat' dir='ltr'><strong>natura</strong></span> <span class='ocrx_word' id='word_1_137' title='bbox 2046 2153 2165 2224; x_wconf 84' lang='lat' dir='ltr'><strong>dei,</strong></span> <span class='ocrx_word' id='word_1_138' title='bbox 2224 2150 2337 2217; x_wconf 89' lang='lat' dir='ltr'><strong>sed</strong></span> <span class='ocrx_word' id='word_1_139' title='bbox 2396 2150 2472 2215; x_wconf 91' lang='lat' dir='ltr'><strong>de</strong></span> <span class='ocrx_word' id='word_1_140' title='bbox 2513 2151 2699 2215; x_wconf 80' lang='lat' dir='ltr'><strong>omni</strong></span> 
     </span>
     <span class='ocr_line' id='line_1_20' title="bbox 413 2257 2699 2344; baseline -0.002 -20"><span class='ocrx_word' id='word_1_141' title='bbox 413 2262 636 2324; x_wconf 89' lang='lat' dir='ltr'><strong>natura</strong></span> <span class='ocrx_word' id='word_1_142' title='bbox 682 2260 1046 2344; x_wconf 87' lang='lat' dir='ltr'><strong>incorporea</strong></span> <span class='ocrx_word' id='word_1_143' title='bbox 1093 2262 1384 2343; x_wconf 88' lang='lat' dir='ltr'><strong>quamuis</strong></span> <span class='ocrx_word' id='word_1_144' title='bbox 1429 2262 1745 2332; x_wconf 82' lang='lat' dir='ltr'><strong>mutabili,</strong></span> <span class='ocrx_word' id='word_1_145' title='bbox 1794 2261 1965 2326; x_wconf 88' lang='lat' dir='ltr'><strong>sicut</strong></span> <span class='ocrx_word' id='word_1_146' title='bbox 2008 2264 2108 2325; x_wconf 89' lang='lat' dir='ltr'><strong>est</strong></span> <span class='ocrx_word' id='word_1_147' title='bbox 2152 2260 2381 2325; x_wconf 81' lang='lat' dir='ltr'><strong>anima.</strong></span> <span class='ocrx_word' id='word_1_148' title='bbox 2428 2257 2699 2321; x_wconf 86' lang='lat' dir='ltr'><strong>miserri-</strong></span> 
     </span>
     <span class='ocr_line' id='line_1_21' title="bbox 411 2365 2695 2452; baseline -0.002 -21"><span class='ocrx_word' id='word_1_149' title='bbox 411 2386 590 2431; x_wconf 89' lang='lat' dir='ltr'><strong>mum</strong></span> <span class='ocrx_word' id='word_1_150' title='bbox 639 2372 739 2432; x_wconf 88' lang='lat' dir='ltr'><strong>est</strong></span> <span class='ocrx_word' id='word_1_151' title='bbox 786 2368 1055 2433; x_wconf 89' lang='lat' dir='ltr'><strong>credere.</strong></span> <span class='ocrx_word' id='word_1_152' title='bbox 1125 2371 1191 2433; x_wconf 89' lang='lat' dir='ltr'><strong>et</strong></span> <span class='ocrx_word' id='word_1_153' title='bbox 1241 2372 1476 2437; x_wconf 88' lang='lat' dir='ltr'><strong>tamen.</strong></span> <span class='ocrx_word' id='word_1_154' title='bbox 1527 2369 1582 2433; x_wconf 87' lang='lat' dir='ltr'><strong>si</strong></span> <span class='ocrx_word' id='word_1_155' title='bbox 1632 2388 1753 2433; x_wconf 90' lang='lat' dir='ltr'><strong>non</strong></span> <span class='ocrx_word' id='word_1_156' title='bbox 1800 2387 2053 2452; x_wconf 87' lang='lat' dir='ltr'><strong>possem</strong></span> <span class='ocrx_word' id='word_1_157' title='bbox 2102 2386 2202 2430; x_wconf 90' lang='lat' dir='ltr'><strong>me</strong></span> <span class='ocrx_word' id='word_1_158' title='bbox 2247 2366 2571 2431; x_wconf 87' lang='lat' dir='ltr'><strong>intendere</strong></span> <span class='ocrx_word' id='word_1_159' title='bbox 2619 2365 2695 2428; x_wconf 86' lang='lat' dir='ltr'><strong>ad</strong></span> 
     </span>
     <span class='ocr_line' id='line_1_22' title="bbox 411 2466 2693 2560; baseline -0 -22"><span class='ocrx_word' id='word_1_160' title='bbox 411 2474 734 2558; x_wconf 85' lang='lat' dir='ltr'><strong>superiora</strong></span> <span class='ocrx_word' id='word_1_161' title='bbox 798 2494 1002 2558; x_wconf 90' lang='lat' dir='ltr'><strong>neque</strong></span> <span class='ocrx_word' id='word_1_162' title='bbox 1071 2476 1488 2560; x_wconf 89' lang='lat' dir='ltr'><strong>cogitationes</strong></span> <span class='ocrx_word' id='word_1_163' title='bbox 1545 2494 1721 2541; x_wconf 87' lang='lat' dir='ltr'><strong>meas</strong></span> <span class='ocrx_word' id='word_1_164' title='bbox 1780 2496 1813 2539; x_wconf 90' lang='lat' dir='ltr'><strong>a</strong></span> <span class='ocrx_word' id='word_1_165' title='bbox 1871 2474 2050 2539; x_wconf 85' lang='lat' dir='ltr'><strong>falsis</strong></span> <span class='ocrx_word' id='word_1_166' title='bbox 2115 2466 2693 2557; x_wconf 76' lang='lat' dir='ltr'><strong>imaginationibuS.</strong></span> 
     </span>
     <span class='ocr_line' id='line_1_23' title="bbox 411 2578 2695 2664; baseline -0.001 -20"><span class='ocrx_word' id='word_1_167' title='bbox 411 2600 564 2662; x_wconf 88' lang='lat' dir='ltr'><strong>quas</strong></span> <span class='ocrx_word' id='word_1_168' title='bbox 620 2600 732 2663; x_wconf 92' lang='lat' dir='ltr'><strong>per</strong></span> <span class='ocrx_word' id='word_1_169' title='bbox 787 2599 1013 2645; x_wconf 88' lang='lat' dir='ltr'><strong>sensus</strong></span> <span class='ocrx_word' id='word_1_170' title='bbox 1072 2599 1406 2664; x_wconf 86' lang='lat' dir='ltr'><strong>corporeos</strong></span> <span class='ocrx_word' id='word_1_171' title='bbox 1461 2582 1765 2646; x_wconf 88' lang='lat' dir='ltr'><strong>memoria</strong></span> <span class='ocrx_word' id='word_1_172' title='bbox 1809 2582 1963 2645; x_wconf 78' lang='lat' dir='ltr'><strong>fixas</strong></span> <span class='ocrx_word' id='word_1_173' title='bbox 2010 2596 2189 2664; x_wconf 70' lang='lat' dir='ltr'><strong>gero,·</strong></span> <span class='ocrx_word' id='word_1_174' title='bbox 2226 2580 2289 2643; x_wconf 90' lang='lat' dir='ltr'><strong>in</strong></span> <span class='ocrx_word' id='word_1_175' title='bbox 2334 2578 2695 2642; x_wconf 86' lang='lat' dir='ltr'><strong>libertatem</strong></span> 
     </span>
     <span class='ocr_line' id='line_1_24' title="bbox 413 2685 2693 2772; baseline -0 -21"><span class='ocrx_word' id='word_1_176' title='bbox 413 2704 486 2752; x_wconf 84' lang='lat' dir='ltr'><strong>ac</strong></span> <span class='ocrx_word' id='word_1_177' title='bbox 552 2688 978 2752; x_wconf 78' lang='lat' dir='ltr'><strong>sinceritatem</strong></span> <span class='ocrx_word' id='word_1_178' title='bbox 1045 2692 1302 2754; x_wconf 88' lang='lat' dir='ltr'><strong>naturae</strong></span> <span class='ocrx_word' id='word_1_179' title='bbox 1378 2688 1681 2772; x_wconf 85' lang='lat' dir='ltr'><strong>spiritalis</strong></span> <span class='ocrx_word' id='word_1_180' title='bbox 1757 2690 2081 2753; x_wconf 84' lang='lat' dir='ltr'><strong>euoluere.</strong></span> <span class='ocrx_word' id='word_1_181' title='bbox 2157 2689 2389 2769; x_wconf 85' lang='lat' dir='ltr'><strong>qua-nto</strong></span> <span class='ocrx_word' id='word_1_182' title='bbox 2463 2685 2693 2750; x_wconf 90' lang='lat' dir='ltr'><strong>melius</strong></span> 
     </span>
     <span class='ocr_line' id='line_1_25' title="bbox 410 2792 2691 2880; baseline -0.001 -23"><span class='ocrx_word' id='word_1_183' title='bbox 410 2794 671 2859; x_wconf 88' lang='lat' dir='ltr'><strong>humani</strong></span> <span class='ocrx_word' id='word_1_184' title='bbox 720 2796 997 2878; x_wconf 88' lang='lat' dir='ltr'><strong>corporis</strong></span> <span class='ocrx_word' id='word_1_185' title='bbox 1043 2798 1245 2861; x_wconf 88' lang='lat' dir='ltr'><strong>forma</strong></span> <span class='ocrx_word' id='word_1_186' title='bbox 1291 2794 1480 2861; x_wconf 78' lang='lat' dir='ltr'><strong>deuin</strong></span> <span class='ocrx_word' id='word_1_187' title='bbox 1539 2798 1904 2880; x_wconf 83' lang='lat' dir='ltr'><strong>cogitarem,</strong></span> <span class='ocrx_word' id='word_1_188' title='bbox 1964 2814 2151 2877; x_wconf 88' lang='lat' dir='ltr'><strong>quam</strong></span> <span class='ocrx_word' id='word_1_189' title='bbox 2205 2794 2389 2857; x_wconf 89' lang='lat' dir='ltr'><strong>illum</strong></span> <span class='ocrx_word' id='word_1_190' title='bbox 2444 2792 2691 2876; x_wconf 87' lang='lat' dir='ltr'><strong>nigrum</strong></span> 
     </span>
     <span class='ocr_line' id='line_1_26' title="bbox 409 2900 2692 2988; baseline 0 -25"><span class='ocrx_word' id='word_1_191' title='bbox 409 2918 679 2965; x_wconf 89' lang='lat' dir='ltr'><strong>cuneum</strong></span> <span class='ocrx_word' id='word_1_192' title='bbox 711 2900 1026 2968; x_wconf 86' lang='lat' dir='ltr'><strong>scissurae</strong></span> <span class='ocrx_word' id='word_1_193' title='bbox 1053 2902 1335 2969; x_wconf 87' lang='lat' dir='ltr'><strong>inferiori</strong></span> <span class='ocrx_word' id='word_1_194' title='bbox 1364 2904 1502 2968; x_wconf 89' lang='lat' dir='ltr'><strong>eius</strong></span> <span class='ocrx_word' id='word_1_195' title='bbox 1541 2904 1878 2988; x_wconf 86' lang='lat' dir='ltr'><strong>adfigerem</strong></span> <span class='ocrx_word' id='word_1_196' title='bbox 1916 2904 2427 2986; x_wconf 88' lang='lat' dir='ltr'><strong>superioremque</strong></span> <span class='ocrx_word' id='word_1_197' title='bbox 2464 2900 2692 2964; x_wconf 86' lang='lat' dir='ltr'><strong>uastis·</strong></span> 
     </span>
     <span class='ocr_line' id='line_1_27' title="bbox 409 3008 2693 3095; baseline 0 -24"><span class='ocrx_word' id='word_1_198' title='bbox 409 3008 632 3073; x_wconf 88' lang='lat' dir='ltr'><strong>simam</strong></span> <span class='ocrx_word' id='word_1_199' title='bbox 681 3010 1004 3075; x_wconf 83' lang='lat' dir='ltr'><strong>laxitatem</strong></span> <span class='ocrx_word' id='word_1_200' title='bbox 1055 3030 1175 3076; x_wconf 91' lang='lat' dir='ltr'><strong>non</strong></span> <span class='ocrx_word' id='word_1_201' title='bbox 1223 3012 1571 3077; x_wconf 81' lang='lat' dir='ltr'><strong>inuenienS.</strong></span> <span class='ocrx_word' id='word_1_202' title='bbox 1620 3012 1789 3077; x_wconf 90' lang='lat' dir='ltr'><strong>unde</strong></span> <span class='ocrx_word' id='word_1_203' title='bbox 1836 3014 2202 3095; x_wconf 80' lang='lat' dir='ltr'><strong>oppilarem,</strong></span> <span class='ocrx_word' id='word_1_204' title='bbox 2260 3010 2354 3075; x_wconf 86' lang='lat' dir='ltr'><strong>sic</strong></span> <span class='ocrx_word' id='word_1_205' title='bbox 2406 3008 2693 3072; x_wconf 88' lang='lat' dir='ltr'><strong>inmensa</strong></span> 
     </span>
     <span class='ocr_line' id='line_1_28' title="bbox 407 3114 2689 3201; baseline 0 -25"><span class='ocrx_word' id='word_1_206' title='bbox 407 3114 712 3180; x_wconf 86' lang='lat' dir='ltr'><strong>inanitate</strong></span> <span class='ocrx_word' id='word_1_207' title='bbox 750 3121 1069 3199; x_wconf 81' lang='lat' dir='ltr'><strong>patentem</strong></span> <span class='ocrx_word' id='word_1_208' title='bbox 1112 3122 1176 3182; x_wconf 90' lang='lat' dir='ltr'><strong>et</strong></span> <span class='ocrx_word' id='word_1_209' title='bbox 1211 3119 1490 3183; x_wconf 78' lang='lat' dir='ltr'><strong>hiant-em</strong></span> <span class='ocrx_word' id='word_1_210' title='bbox 1531 3119 1949 3201; x_wconf 88' lang='lat' dir='ltr'><strong>relinquerem</strong></span> <span class='ocrx_word' id='word_1_211' title='bbox 1971 3122 2001 3181; x_wconf 69' lang='lat' dir='ltr'><strong>‘i&#39;</strong></span> <span class='ocrx_word' id='word_1_212' title='bbox 2050 3118 2203 3199; x_wconf 88' lang='lat' dir='ltr'><strong>quid</strong></span> <span class='ocrx_word' id='word_1_213' title='bbox 2236 3118 2363 3181; x_wconf 89' lang='lat' dir='ltr'><strong>ista</strong></span> <span class='ocrx_word' id='word_1_214' title='bbox 2399 3115 2689 3199; x_wconf 87' lang='lat' dir='ltr'><strong>opinione</strong></span> 
     </span>
     <span class='ocr_line' id='line_1_29' title="bbox 407 3218 2580 3307; baseline 0.001 -23"><span class='ocrx_word' id='word_1_215' title='bbox 407 3220 655 3287; x_wconf 87' lang='lat' dir='ltr'><strong>foedius</strong></span> <span class='ocrx_word' id='word_1_216' title='bbox 679 3228 708 3287; x_wconf 70' lang='grc' dir='ltr'><strong>ἐ’</strong></span> <span class='ocrx_word' id='word_1_217' title='bbox 757 3223 908 3305; x_wconf 86' lang='lat' dir='ltr'><strong>quid</strong></span> <span class='ocrx_word' id='word_1_218' title='bbox 953 3226 1351 3289; x_wconf 89' lang='lat' dir='ltr'><strong>tenebrosius</strong></span> <span class='ocrx_word' id='word_1_219' title='bbox 1397 3218 1522 3290; x_wconf 84' lang='lat' dir='ltr'><strong>hoc</strong></span> <span class='ocrx_word' id='word_1_220' title='bbox 1567 3242 1772 3289; x_wconf 88' lang='lat' dir='ltr'><strong>errore</strong></span> <span class='ocrx_word' id='word_1_221' title='bbox 1819 3224 1945 3288; x_wconf 89' lang='lat' dir='ltr'><strong>dici</strong></span> <span class='ocrx_word' id='word_1_222' title='bbox 1984 3226 2094 3287; x_wconf 88' lang='lat' dir='ltr'><strong>aut</strong></span> <span class='ocrx_word' id='word_1_223' title='bbox 2129 3223 2285 3307; x_wconf 87' lang='lat' dir='ltr'><strong>fingi</strong></span> <span class='ocrx_word' id='word_1_224' title='bbox 2319 3226 2580 3305; x_wconf 72' lang='lat' dir='ltr'><strong>potest?</strong></span> 
     </span>
     <span class='ocr_line' id='line_1_30' title="bbox 495 3328 2681 3413; baseline 0 -22"><span class='ocrx_word' id='word_1_225' title='bbox 495 3330 597 3392; x_wconf 80' lang='lat'><strong>24.</strong></span> <span class='ocrx_word' id='word_1_226' title='bbox 651 3328 891 3394; x_wconf 87' lang='lat' dir='ltr'><strong>Deinde</strong></span> <span class='ocrx_word' id='word_1_227' title='bbox 937 3332 1086 3395; x_wconf 88' lang='lat' dir='ltr'><strong>uolo</strong></span> <span class='ocrx_word' id='word_1_228' title='bbox 1133 3330 1292 3395; x_wconf 86' lang='lat' dir='ltr'><strong>mihi</strong></span> <span class='ocrx_word' id='word_1_229' title='bbox 1341 3331 1607 3400; x_wconf 85' lang='lat' dir='ltr'><strong>dicatur.</strong></span> <span class='ocrx_word' id='word_1_230' title='bbox 1656 3331 1953 3413; x_wconf 87' lang='lat' dir='ltr'><strong>quoniam</strong></span> <span class='ocrx_word' id='word_1_231' title='bbox 2016 3331 2159 3412; x_wconf 88' lang='lat' dir='ltr'><strong>lego</strong></span> <span class='ocrx_word' id='word_1_232' title='bbox 2207 3329 2395 3393; x_wconf 91' lang='lat' dir='ltr'><strong>deum</strong></span> <span class='ocrx_word' id='word_1_233' title='bbox 2442 3331 2681 3411; x_wconf 83' lang='lat' dir='ltr'><strong>patrem</strong></span> 
     </span>
     <span class='ocr_line' id='line_1_31' title="bbox 401 3435 2681 3519; baseline 0 -22"><span class='ocrx_word' id='word_1_234' title='bbox 401 3436 466 3497; x_wconf 90' lang='lat' dir='ltr'><strong>et</strong></span> <span class='ocrx_word' id='word_1_235' title='bbox 510 3452 698 3516; x_wconf 85' lang='lat' dir='ltr'><strong>supra</strong></span> <span class='ocrx_word' id='word_1_236' title='bbox 743 3435 1017 3500; x_wconf 87' lang='lat' dir='ltr'><strong>lucidam</strong></span> <span class='ocrx_word' id='word_1_237' title='bbox 1063 3436 1438 3519; x_wconf 87' lang='lat' dir='ltr'><strong>beatamque</strong></span> <span class='ocrx_word' id='word_1_238' title='bbox 1475 3441 1705 3501; x_wconf 86' lang='lat' dir='ltr'><strong>terram</strong></span> <span class='ocrx_word' id='word_1_239' title='bbox 1746 3436 2005 3499; x_wconf 84' lang='lat' dir='ltr'><strong>fundata</strong></span> <span class='ocrx_word' id='word_1_240' title='bbox 2042 3454 2235 3518; x_wconf 86' lang='lat' dir='ltr'><strong>regna</strong></span> <span class='ocrx_word' id='word_1_241' title='bbox 2272 3435 2427 3501; x_wconf 84' lang='lat' dir='ltr'><strong>eius.</strong></span> <span class='ocrx_word' id='word_1_242' title='bbox 2468 3440 2681 3498; x_wconf 86' lang='lat' dir='ltr'><strong>utrum</strong></span> 
     </span>
    </p>
   </div>
   <div class='ocr_carea' id='block_1_8' title="bbox 475 3678 2682 3753">
    <p class='ocr_par' dir='ltr' id='par_1_8' title="bbox 475 3678 2682 3753">
     <span class='ocr_line' id='line_1_32' title="bbox 475 3678 2682 3753; baseline 0 -22"><span class='ocrx_word' id='word_1_243' title='bbox 475 3681 500 3731; x_wconf 93' lang='lat'>1</span> <span class='ocrx_word' id='word_1_244' title='bbox 542 3678 960 3747; x_wconf 68' lang='lat' dir='ltr'><strong>imaginationes</strong></span> <span class='ocrx_word' id='word_1_245' title='bbox 1003 3678 1068 3731; x_wconf 89' lang='lat' dir='ltr'><em>H</em></span> <span class='ocrx_word' id='word_1_246' title='bbox 1243 3680 1599 3749; x_wconf 84' lang='lat' dir='ltr'><strong>relinquerint</strong></span> <span class='ocrx_word' id='word_1_247' title='bbox 1639 3679 1701 3731; x_wconf 90' lang='lat' dir='ltr'><em>H</em></span> <span class='ocrx_word' id='word_1_248' title='bbox 1734 3680 2101 3753; x_wconf 78' lang='lat' dir='ltr'><strong>relinquerent</strong></span> <span class='ocrx_word' id='word_1_249' title='bbox 2150 3680 2199 3731; x_wconf 68' lang='lat' dir='ltr'><strong>l*</strong></span> <span class='ocrx_word' id='word_1_250' title='bbox 2376 3682 2613 3749; x_wconf 85' lang='lat' dir='ltr'><strong>poterint</strong></span> <span class='ocrx_word' id='word_1_251' title='bbox 2652 3682 2682 3731; x_wconf 83' lang='grc'><strong>11</strong></span> 
     </span>
    </p>
   </div>
   <div class='ocr_carea' id='block_1_9' title="bbox 395 3750 2683 4369">
    <p class='ocr_par' dir='ltr' id='par_1_9' title="bbox 395 3750 2683 4369">
     <span class='ocr_line' id='line_1_33' title="bbox 399 3750 2681 3839; baseline 0.002 -20"><span class='ocrx_word' id='word_1_252' title='bbox 399 3764 819 3839; x_wconf 39' lang='lat' dir='ltr'><strong>&amp;praecelsum</strong></span> <span class='ocrx_word' id='word_1_253' title='bbox 859 3768 1112 3837; x_wconf 70' lang='lat' dir='ltr'><strong>pcipuum</strong></span> <span class='ocrx_word' id='word_1_254' title='bbox 1152 3768 1182 3821; x_wconf 86' lang='lat' dir='ltr'><strong>b</strong></span> <span class='ocrx_word' id='word_1_255' title='bbox 1267 3794 1272 3804; x_wconf 88' lang='lat'><strong>·</strong></span> <span class='ocrx_word' id='word_1_256' title='bbox 1363 3769 1596 3822; x_wconf 87' lang='lat' dir='ltr'><strong>auctoris</strong></span> <span class='ocrx_word' id='word_1_257' title='bbox 1644 3775 1698 3838; x_wconf 86' lang='lat' dir='ltr'><strong>(u</strong></span> <span class='ocrx_word' id='word_1_258' title='bbox 1744 3784 1787 3821; x_wconf 78' lang='grc' dir='ltr'><strong>ε.</strong></span> <span class='ocrx_word' id='word_1_259' title='bbox 1829 3770 1884 3835; x_wconf 82' lang='lat' dir='ltr'><strong>l.)</strong></span> <span class='ocrx_word' id='word_1_260' title='bbox 1937 3769 1981 3821; x_wconf 88' lang='lat' dir='ltr'><em>T</em></span> <span class='ocrx_word' id='word_1_261' title='bbox 2114 3750 2154 3821; x_wconf 73' lang='lat'><strong>&#39;3</strong></span> <span class='ocrx_word' id='word_1_262' title='bbox 2194 3786 2315 3821; x_wconf 82' lang='lat' dir='ltr'><strong>cum</strong></span> <span class='ocrx_word' id='word_1_263' title='bbox 2363 3768 2550 3829; x_wconf 82' lang='lat' dir='ltr'><strong>dicunt</strong></span> <span class='ocrx_word' id='word_1_264' title='bbox 2587 3770 2681 3825; x_wconf 79' lang='lat' dir='ltr'><strong>Hb</strong></span> 
     </span>
     <span class='ocr_line' id='line_1_34' title="bbox 399 3852 2681 3924; baseline 0.001 -18"><span class='ocrx_word' id='word_1_265' title='bbox 399 3852 660 3923; x_wconf 86' lang='lat' dir='ltr'><strong>figuratae</strong></span> <span class='ocrx_word' id='word_1_266' title='bbox 689 3856 744 3907; x_wconf 93' lang='lat' dir='ltr'><strong><em>P</em></strong></span> <span class='ocrx_word' id='word_1_267' title='bbox 848 3856 882 3907; x_wconf 87' lang='lat'>4</span> <span class='ocrx_word' id='word_1_268' title='bbox 911 3854 978 3907; x_wconf 91' lang='lat' dir='ltr'><strong>de</strong></span> <span class='ocrx_word' id='word_1_269' title='bbox 1007 3854 1207 3908; x_wconf 87' lang='lat' dir='ltr'><strong>diuinis</strong></span> <span class='ocrx_word' id='word_1_270' title='bbox 1235 3856 1504 3924; x_wconf 84' lang='lat' dir='ltr'><strong>mysteriis</strong></span> <span class='ocrx_word' id='word_1_271' title='bbox 1535 3857 1564 3907; x_wconf 84' lang='lat' dir='ltr'><strong>b</strong></span> <span class='ocrx_word' id='word_1_272' title='bbox 1702 3856 1946 3909; x_wconf 87' lang='lat' dir='ltr'><strong>misteria</strong></span> <span class='ocrx_word' id='word_1_273' title='bbox 1974 3855 2039 3907; x_wconf 88' lang='lat' dir='ltr'><em>H</em></span> <span class='ocrx_word' id='word_1_274' title='bbox 2144 3857 2175 3907; x_wconf 83' lang='lat'>5</span> <span class='ocrx_word' id='word_1_275' title='bbox 2204 3856 2355 3909; x_wconf 86' lang='lat' dir='ltr'><strong>illurn</strong></span> <span class='ocrx_word' id='word_1_276' title='bbox 2387 3856 2417 3907; x_wconf 89' lang='lat' dir='ltr'><strong>b</strong></span> <span class='ocrx_word' id='word_1_277' title='bbox 2495 3859 2526 3909; x_wconf 83' lang='grc'><strong>6</strong></span> <span class='ocrx_word' id='word_1_278' title='bbox 2567 3874 2681 3909; x_wconf 78' lang='lat' dir='ltr'><strong>esse</strong></span> 
     </span>
     <span class='ocr_line' id='line_1_35' title="bbox 397 3943 2680 4014; baseline 0.001 -19"><span class='ocrx_word' id='word_1_279' title='bbox 397 3943 625 3996; x_wconf 82' lang='lat' dir='ltr'><strong>missurn</strong></span> <span class='ocrx_word' id='word_1_280' title='bbox 653 3944 678 3996; x_wconf 71' lang='grc'><strong>1</strong></span> <span class='ocrx_word' id='word_1_281' title='bbox 701 3946 933 3997; x_wconf 73' lang='lat' dir='ltr'><strong>uentura</strong></span> <span class='ocrx_word' id='word_1_282' title='bbox 972 3943 1021 3995; x_wconf 89' lang='lat' dir='ltr'><strong><em>V</em></strong></span> <span class='ocrx_word' id='word_1_283' title='bbox 1163 3946 1193 3995; x_wconf 88' lang='lat'><strong>7</strong></span> <span class='ocrx_word' id='word_1_284' title='bbox 1235 3943 1520 4012; x_wconf 84' lang='lat' dir='ltr'><strong>allegorias</strong></span> <span class='ocrx_word' id='word_1_285' title='bbox 1551 3943 1618 3997; x_wconf 86' lang='lat' dir='ltr'><strong>&#39;et</strong></span> <span class='ocrx_word' id='word_1_286' title='bbox 1656 3950 1853 4013; x_wconf 71' lang='lat' dir='ltr'><strong>lxguras</strong></span> <span class='ocrx_word' id='word_1_287' title='bbox 1884 3946 1915 3997; x_wconf 77' lang='lat' dir='ltr'><strong>b</strong></span> <span class='ocrx_word' id='word_1_288' title='bbox 2062 3960 2199 4014; x_wconf 84' lang='lat' dir='ltr'><strong>quae</strong></span> <span class='ocrx_word' id='word_1_289' title='bbox 2236 3944 2392 4014; x_wconf 85' lang='lat' dir='ltr'><strong>talia]</strong></span> <span class='ocrx_word' id='word_1_290' title='bbox 2432 3945 2542 4013; x_wconf 77' lang='lat' dir='ltr'><strong>qlia</strong></span> <span class='ocrx_word' id='word_1_291' title='bbox 2582 3946 2680 3998; x_wconf 63' lang='grc' dir='ltr'><strong>ΡΙ,</strong></span> 
     </span>
     <span class='ocr_line' id='line_1_36' title="bbox 397 4029 2677 4104; baseline 0.001 -19"><span class='ocrx_word' id='word_1_292' title='bbox 397 4030 430 4084; x_wconf 92' lang='grc'>8</span> <span class='ocrx_word' id='word_1_293' title='bbox 489 4032 752 4085; x_wconf 85' lang='lat' dir='ltr'><strong>enodatae</strong></span> <span class='ocrx_word' id='word_1_294' title='bbox 807 4031 872 4084; x_wconf 89' lang='lat' dir='ltr'><strong><em>H</em></strong></span> <span class='ocrx_word' id='word_1_295' title='bbox 1035 4029 1461 4101; x_wconf 84' lang='lat' dir='ltr'><strong>manifestaeque</strong></span> <span class='ocrx_word' id='word_1_296' title='bbox 1516 4034 1582 4086; x_wconf 85' lang='grc' dir='ltr'><strong><em>Ρ</em></strong></span> <span class='ocrx_word' id='word_1_297' title='bbox 1624 4034 2059 4103; x_wconf 64' lang='lat' dir='ltr'><strong>manifestaeq&#39;u</strong></span> <span class='ocrx_word' id='word_1_298' title='bbox 2114 4034 2181 4086; x_wconf 90' lang='lat' dir='ltr'><em>H</em></span> <span class='ocrx_word' id='word_1_299' title='bbox 2338 4035 2370 4087; x_wconf 85' lang='lat'>9</span> <span class='ocrx_word' id='word_1_300' title='bbox 2416 4034 2677 4104; x_wconf 86' lang='lat' dir='ltr'><strong>interpre-</strong></span> 
     </span>
     <span class='ocr_line' id='line_1_37' title="bbox 395 4118 2677 4191; baseline 0.001 -18"><span class='ocrx_word' id='word_1_301' title='bbox 395 4118 632 4174; x_wconf 82' lang='lat' dir='ltr'><strong>tationes</strong></span> <span class='ocrx_word' id='word_1_302' title='bbox 671 4120 740 4175; x_wconf 89' lang='lat' dir='ltr'><strong>ad</strong></span> <span class='ocrx_word' id='word_1_303' title='bbox 779 4136 911 4189; x_wconf 87' lang='lat' dir='ltr'><strong>quas</strong></span> <span class='ocrx_word' id='word_1_304' title='bbox 950 4121 981 4173; x_wconf 87' lang='lat' dir='ltr'><strong>b</strong></span> <span class='ocrx_word' id='word_1_305' title='bbox 1091 4121 1597 4190; x_wconf 81' lang='lat' dir='ltr'><strong>interpraetationes</strong></span> <span class='ocrx_word' id='word_1_306' title='bbox 1626 4124 1681 4175; x_wconf 88' lang='lat' dir='ltr'><strong><em>P</em></strong></span> <span class='ocrx_word' id='word_1_307' title='bbox 1756 4124 1819 4175; x_wconf 80' lang='lat'><strong>14</strong></span> <span class='ocrx_word' id='word_1_308' title='bbox 1856 4123 2107 4191; x_wconf 83' lang='lat' dir='ltr'><strong>fulturas]</strong></span> <span class='ocrx_word' id='word_1_309' title='bbox 2144 4123 2359 4176; x_wconf 84' lang='lat' dir='ltr'><strong>fissuras</strong></span> <span class='ocrx_word' id='word_1_310' title='bbox 2390 4124 2420 4175; x_wconf 88' lang='lat' dir='ltr'><strong>b</strong></span> <span class='ocrx_word' id='word_1_311' title='bbox 2504 4124 2561 4177; x_wconf 76' lang='lat'><strong>15</strong></span> <span class='ocrx_word' id='word_1_312' title='bbox 2592 4124 2677 4176; x_wconf 82' lang='lat' dir='ltr'><strong>dei</strong></span> 
     </span>
     <span class='ocr_line' id='line_1_38' title="bbox 395 4208 2683 4281; baseline 0.002 -20"><span class='ocrx_word' id='word_1_313' title='bbox 395 4214 588 4263; x_wconf 81' lang='lat' dir='ltr'><strong>natura</strong></span> <span class='ocrx_word' id='word_1_314' title='bbox 635 4208 686 4260; x_wconf 89' lang='lat' dir='ltr'><em>V</em></span> <span class='ocrx_word' id='word_1_315' title='bbox 893 4210 928 4262; x_wconf 80' lang='lat'><strong>6</strong></span> <span class='ocrx_word' id='word_1_316' title='bbox 975 4209 1135 4263; x_wconf 85' lang='lat' dir='ltr'><strong>sicuti</strong></span> <span class='ocrx_word' id='word_1_317' title='bbox 1173 4209 1238 4262; x_wconf 90' lang='lat' dir='ltr'><strong><em>H</em></strong></span> <span class='ocrx_word' id='word_1_318' title='bbox 1245 4210 1382 4263; x_wconf 78' lang='lat' dir='ltr'><strong>TVb</strong></span> <span class='ocrx_word' id='word_1_319' title='bbox 1564 4212 1630 4265; x_wconf 83' lang='lat'><strong>18</strong></span> <span class='ocrx_word' id='word_1_320' title='bbox 1667 4210 1997 4281; x_wconf 84' lang='lat' dir='ltr'><strong>imaginibus</strong></span> <span class='ocrx_word' id='word_1_321' title='bbox 2044 4212 2093 4264; x_wconf 88' lang='lat' dir='ltr'><em>T</em></span> <span class='ocrx_word' id='word_1_322' title='bbox 2268 4212 2335 4265; x_wconf 81' lang='lat'><strong>19</strong></span> <span class='ocrx_word' id='word_1_323' title='bbox 2374 4212 2475 4265; x_wconf 84' lang='lat' dir='ltr'><strong>fixa</strong></span> <span class='ocrx_word' id='word_1_324' title='bbox 2523 4212 2683 4265; x_wconf 88' lang='lat' dir='ltr'><strong>VLT</strong></span> 
     </span>
     <span class='ocr_line' id='line_1_39' title="bbox 395 4298 2682 4369; baseline 0.002 -19"><span class='ocrx_word' id='word_1_325' title='bbox 395 4298 464 4351; x_wconf 83' lang='lat'><strong>23</strong></span> <span class='ocrx_word' id='word_1_326' title='bbox 503 4314 609 4351; x_wconf 90' lang='lat' dir='ltr'><strong>non</strong></span> <span class='ocrx_word' id='word_1_327' title='bbox 647 4298 950 4368; x_wconf 83' lang='lat' dir='ltr'><strong>inueniens]</strong></span> <span class='ocrx_word' id='word_1_328' title='bbox 987 4314 1096 4352; x_wconf 83' lang='grc'><strong>111111</strong></span> <span class='ocrx_word' id='word_1_329' title='bbox 1135 4300 1428 4352; x_wconf 84' lang='lat' dir='ltr'><strong>inuenirem</strong></span> <span class='ocrx_word' id='word_1_330' title='bbox 1468 4300 1535 4351; x_wconf 89' lang='lat' dir='ltr'><em>H</em></span> <span class='ocrx_word' id='word_1_331' title='bbox 1566 4306 1631 4353; x_wconf 80' lang='lat' dir='ltr'><strong>cu</strong></span> <span class='ocrx_word' id='word_1_332' title='bbox 1667 4306 1700 4353; x_wconf 79' lang='grc'><strong>11</strong></span> <span class='ocrx_word' id='word_1_333' title='bbox 1738 4300 2033 4353; x_wconf 70' lang='lat' dir='ltr'><strong>inuenit-em</strong></span> <span class='ocrx_word' id='word_1_334' title='bbox 2085 4302 2132 4353; x_wconf 90' lang='grc' dir='ltr'><em>Τ</em></span> <span class='ocrx_word' id='word_1_335' title='bbox 2254 4302 2323 4353; x_wconf 76' lang='lat'><strong>24</strong></span> <span class='ocrx_word' id='word_1_336' title='bbox 2362 4302 2581 4369; x_wconf 72' lang='lat' dir='ltr'><strong>hyatum</strong></span> <span class='ocrx_word' id='word_1_337' title='bbox 2632 4302 2682 4354; x_wconf 83' lang='lat' dir='ltr'><em>V</em></span> 
     </span>
    </p>
   </div>
   <div class='ocr_carea' id='block_1_10' title="bbox 394 4386 1464 4458">
    <p class='ocr_par' dir='ltr' id='par_1_10' title="bbox 394 4386 1464 4458">
     <span class='ocr_line' id='line_1_40' title="bbox 394 4386 1464 4458; baseline 0.001 -19"><span class='ocrx_word' id='word_1_338' title='bbox 394 4386 462 4439; x_wconf 81' lang='lat'><strong>25</strong></span> <span class='ocrx_word' id='word_1_339' title='bbox 499 4388 680 4457; x_wconf 83' lang='lat' dir='ltr'><strong>potuit</strong></span> <span class='ocrx_word' id='word_1_340' title='bbox 717 4386 748 4441; x_wconf 84' lang='lat' dir='ltr'><strong>b</strong></span> <span class='ocrx_word' id='word_1_341' title='bbox 858 4390 926 4441; x_wconf 86' lang='lat'><strong>26</strong></span> <span class='ocrx_word' id='word_1_342' title='bbox 965 4388 1014 4442; x_wconf 88' lang='grc' dir='ltr'><strong>Κ</strong></span> <span class='ocrx_word' id='word_1_343' title='bbox 1051 4388 1118 4441; x_wconf 87' lang='lat' dir='ltr'><em>H</em></span> <span class='ocrx_word' id='word_1_344' title='bbox 1257 4394 1322 4458; x_wconf 73' lang='lat' dir='ltr'><strong>qn</strong></span> <span class='ocrx_word' id='word_1_345' title='bbox 1363 4390 1392 4441; x_wconf 82' lang='lat' dir='ltr'><strong>b</strong></span> <span class='ocrx_word' id='word_1_346' title='bbox 1459 4410 1464 4417; x_wconf 97' lang='lat'>·</span> 
     </span>
    </p>
   </div>
  </div>
 </body>
</html>
