3159 4984
520 428 649 491 574
1221 426 1274 477 S.
1329 425 1608 478 Aureli
1665 426 2110 494 Augustini

520 623 637 698 est,
706 620 854 702 quia
918 620 982 683 in
1052 638 1167 683 suo
1227 638 1480 702 quoque
1536 638 1769 703 genere
1826 620 2211 703 perficiendo
2270 620 2507 703 ubique
2554 620 2838 705 perfecta

520 733 635 792 est.
686 746 891 809 neque
943 726 1109 790 enim
1158 726 1533 790 uniuersum
1583 726 1803 791 condit
1843 727 1908 791 in
1949 726 2241 811 singulis,
2283 727 2396 792 sed
2433 727 2513 791 ad
2549 726 2840 792 uniuersi

518 835 895 917 conplexum
946 833 1226 898 condens
1285 833 1557 918 singula,
1616 832 1991 899 uniuersam
2053 852 2122 899 se
2179 833 2522 899 condendis
2576 834 2842 916 praebet

520 944 583 1004 et
630 939 929 1023 singulis»,
980 939 1195 1003 omnia
1241 942 1664 1023 congruenter
1711 940 1876 1005 locis
1925 940 2061 1005 suis
2110 942 2177 1004 et
2221 940 2548 1005 ordinibus
2593 939 2840 1003 faciens

518 1049 707 1127 atque
758 1045 1102 1129 disponens
1152 1048 1216 1110 et
1263 1047 1557 1110 omnibus
1605 1046 2087 1129 particulariter
2141 1048 2331 1128 atque
2385 1045 2844 1110 uniuersaliter
2905 1066 2936 1107 ⁵

518 1170 796 1235 congrua
836 1152 1147 1217 tribuens.
1190 1172 1335 1217 ecce
1373 1153 1477 1217 hic
1514 1153 1577 1216 in
1618 1153 1745 1217 isto
1786 1152 1972 1234 quasi
2008 1152 2207 1217 fundo
2244 1152 2460 1217 infimo
2499 1152 2840 1216 uniuersae

518 1262 845 1348 creaturae
875 1260 1142 1343 aspicite
1176 1259 1495 1336 animalia,
1528 1278 1690 1343 quae
1731 1260 1960 1324 uolant
2000 1262 2064 1324 et
2100 1262 2322 1323 natant
2358 1263 2424 1323 et
2459 1258 2844 1341 gradiuntur

519 1368 584 1429 et
646 1370 895 1449 repunt.
965 1386 1190 1450 nempe
1254 1367 1550 1431 mortalia
1618 1370 1789 1444 sunt,
1859 1386 2090 1450 nempe
2155 1366 2294 1431 uita
2358 1366 2600 1442 eorum,
2667 1365 2844 1430 sicut

518 1472 825 1554 scriptum
868 1476 992 1551 est,
1032 1492 1269 1556 uapor
1306 1476 1425 1537 est
1463 1472 1550 1537 ad
1587 1472 1975 1538 modicum
2015 1471 2406 1556 adparens,
2455 1470 2627 1535 hunc
2665 1472 2842 1535 enim

516 1578 851 1643 modulum
910 1579 987 1643 ab
1046 1580 1288 1663 optimo
1345 1580 1676 1645 conditore
1739 1582 2110 1663 perceptum
2167 1582 2494 1661 tamquam
2549 1579 2616 1643 in
2663 1596 2842 1643 com·
2879 1598 2934 1636 ιο

516 1703 706 1753 mune
756 1687 1089 1751 conferunt
1133 1688 1435 1752 uniuerso
1481 1706 1595 1769 pro
1643 1687 1751 1751 sui
1795 1687 2052 1770 generis
2109 1685 2399 1769 portione
2457 1684 2840 1768 conplendo,

518 1794 593 1854 ut
639 1812 785 1857 cum
832 1794 979 1859 istis
1024 1794 1172 1860 imis
1212 1794 1343 1859 sint
1380 1793 1593 1859 omnia
1627 1792 1821 1871 bona,
1858 1793 1926 1857 in
1966 1793 2200 1876 quibus
2239 1796 2391 1857 sunt
2427 1793 2520 1857 eis
2559 1810 2846 1875 superna

514 1900 798 1964 meliora.
856 1904 1299 1966 uerumtamen
1348 1900 1673 1965 adtendite
1725 1902 1790 1965 et
1837 1898 1982 1965 date
2028 1899 2187 1963 mihi
2233 1918 2428 1963 unum
2479 1898 2844 1981 quamlibet

518 2006 1024 2073 abiectissimum
1082 2007 1335 2086 animal,
1394 2008 1577 2071 cuius
1635 2006 1850 2070 anima
1911 2006 2115 2071 oderit
2178 2024 2428 2081 carnem
2494 2024 2702 2082 suam,
2763 2024 2842 2069 ae

516 2132 640 2178 non
686 2114 905 2198 potius
956 2115 1200 2179 nutriat
1255 2117 1320 2178 et
1372 2112 1592 2178 foueat
1650 2131 1792 2177 eam
1851 2116 2164 2196 motuque
2216 2112 2402 2176 uitali
2457 2116 2724 2195 uegetet
2771 2114 2844 2177 et
2884 2130 2938 2167 1⁵

516 2224 698 2304 regat
744 2224 809 2285 et
855 2220 1134 2304 quodam
1180 2220 1370 2287 modo
1420 2221 1828 2286 administret
1874 2240 1986 2303 pro
2041 2220 2141 2285 sui
2188 2219 2437 2305 generis
2485 2220 2840 2301 exiguitate

508 2320 837 2410 ‘quoddam
910 2327 1284 2392 uniuersum
1364 2346 1551 2391 suum
1619 2326 1699 2390 ad
1761 2326 2275 2391 incolumitatem
2337 2323 2642 2390 tuendam
2709 2324 2842 2389 sibi

518 2434 949 2500 conciliatum.
1005 2433 1177 2516 quod
1224 2434 1391 2498 enim
1436 2433 1767 2500 rationalis
1813 2433 2024 2497 anima
2060 2432 2336 2517 castigat
2372 2450 2600 2515 corpus
2639 2451 2838 2496 suum

518 2544 583 2604 et
631 2540 931 2605 seruituti
980 2540 1238 2617 subicit,
1287 2560 1363 2605 ne
1409 2540 1810 2605 inmoderato
1859 2540 2150 2623 adpetitu
2184 2543 2433 2604 terreno
2468 2538 2844 2621 inpediatur

514 2647 837 2731 perceptio
910 2647 1277 2731 sapientiae,
1327 2647 1519 2712 etiam
1587 2646 1682 2712 sic
1748 2647 1975 2731 utique
2042 2647 2254 2731 diligit
2315 2666 2566 2711 carnem
2623 2664 2838 2723 suam,
2875 2664 2932 2703 no

516 2773 707 2836 quam
774 2752 898 2819 sibi
964 2754 1045 2817 ad
1111 2753 1576 2819 oboediendum
1652 2754 1942 2838 legitime
2019 2753 2238 2818 subdit
2301 2754 2491 2835 atque
2558 2751 2836 2815 ordinat.

514 2863 835 2943 postremo
888 2880 1007 2925 uos
1052 2860 1178 2943 ipsi
1225 2860 1521 2943 quamuis
1571 2860 1808 2925 carnali
1856 2879 2062 2925 errore
2108 2878 2360 2925 carnem
2397 2857 2838 2934 detestemini,

512 2986 639 3033 non
703 2966 981 3049 potestis
1036 2966 1161 3032 nisi
1218 2966 1481 3051 diligere
1540 2986 1794 3031 carnem
1849 2968 2134 3031 uestram
2193 2966 2455 3048 eiusque
2513 2963 2712 3029 saluti
2771 2968 2842 3029 et

513 3072 950 3137 incolumitati
1000 3073 1350 3151 consulere,
1399 3091 1619 3137 omnes
1666 3072 1841 3137 ictus
1891 3075 1955 3136 et
2002 3092 2190 3137 casus
2247 3075 2311 3136 et
2361 3070 2836 3154 intemperiem,

518 3197 643 3261 qua
688 3179 985 3257 laeditur,
1037 3179 1341 3257 deuitare,
1398 3178 1802 3243 munimenta
1857 3198 2009 3244 uero
2069 3182 2134 3243 et
2189 3178 2651 3251 salubritatem,
2701 3196 2839 3261 qua
2875 3195 2933 3235 ²⁵

694 3424 727 3475 9
766 3426 871 3478 Iac.
911 3426 961 3489 4,
1002 3423 1071 3476 15

593 3598 618 3650 1
660 3598 893 3668 quoque]
935 3614 1149 3669 queque
1186 3599 1287 3654 SG
1432 3616 1664 3670 generae
1700 3600 1758 3653 P
1900 3598 2227 3670 perficienda
2272 3599 2374 3654 SG
2557 3598 2590 3651 6
2629 3598 2832 3668 fundo[

514 3686 715 3739 mundo
756 3686 803 3738 0
943 3686 975 3740 7
1015 3705 1119 3758 que
1160 3689 1205 3743 C
1344 3688 1666 3759 grediuntur
1695 3688 1823 3743 S=G
1935 3688 1968 3742 8
2007 3690 2212 3758 eorum]
2249 3704 2366 3741 rum
2403 3686 2452 3741 G
2567 3687 2628 3741 10
2663 3702 2830 3756 prae-

517 3778 733 3844 ceptum
777 3772 879 3830 SG
1024 3778 1091 3831 11
1131 3778 1379 3848 portione
1433 3781 1512 3849 (m
1568 3782 1662 3846 er.)
1712 3778 1766 3831 L
1951 3778 2016 3830 12
2072 3778 2196 3831 imis
2256 3780 2302 3843 (s
2357 3792 2402 3831 8.
2459 3776 2493 3829 l.
2551 3792 2622 3829 m.
2675 3776 2726 3845 1}
2788 3775 2836 3825 C

519 3890 584 3944 13
622 3854 878 3945 attendito
911 3891 991 3960 (di
1028 3908 1094 3946 ea:
1130 3892 1197 3945 de
1233 3910 1303 3947 m.
1346 3893 1395 3963 1)
1434 3893 1488 3946 L
1603 3893 1670 3948 15
1715 3894 1930 3963 uegitet
1966 3895 2040 3948 L¹
2155 3893 2220 3946 16
2259 3890 2626 3945 amministret
2659 3890 2822 3945 LSG

520 3980 585 4033 17
618 3980 1052 4036 incolomitatem
1081 3979 1158 4034 L¹
1252 3982 1318 4037 18
1358 3981 1779 4057 conciliant*um
1818 3981 1867 4036 G
1961 3983 2022 4037 19
2061 3985 2392 4035 terrenorum
2425 3979 2528 4035 SG
2599 3978 2672 4033 20
2697 3996 2824 4051 per-

514 4069 763 4138 ceptione
794 4070 827 4123 b
1042 4070 1239 4140 utique
1280 4070 1320 4132 (i
1355 4088 1424 4125 m.
1463 4074 1505 4124 2
1538 4074 1824 4140 superse-r.)
1861 4074 1915 4125 L
1950 4074 2199 4139 utcumq:
2232 4068 2358 4125 86²
2413 4068 2608 4139 sicutq'
2663 4070 2830 4135 (corn

514 4174 583 4211 m.
616 4161 652 4209 3
679 4174 745 4211 ex
772 4158 1041 4229 sicutque)
1072 4157 1129 4211 P
1234 4158 1299 4211 21
1333 4158 1694 4213 obediendum
1721 4158 1766 4212 0
1792 4158 2154 4230 obediendum
2176 4158 2278 4214 ΒΘ
2411 4157 2695 4227 legitimae
2717 4156 2824 4211 SG

516 4249 713 4315 atquae
756 4246 809 4299 G
920 4248 989 4299 24
1026 4246 1387 4301 incolomitati
1423 4248 1477 4301 L
1585 4250 1653 4303 25
1693 4248 2007 4319 qualeditur
2036 4248 2082 4301 C
2117 4247 2482 4319 qualedicitur
2521 4248 2605 4315 (in
2641 4261 2824 4315 mary.

515 4332 743 4401 equalii)
786 4334 857 4385 M
890 4350 995 4403 qua
1031 4333 1269 4387 ledia-tur
1306 4335 1356 4387 L
1501 4334 1748 4390 debitare
1788 4336 1962 4390 M¹G¹
2105 4336 2440 4391 monimenta
2475 4334 2544 4390 8¹
