3159 4984
873 457 944 510 11.
999 455 1102 508 De
1159 454 1457 507 duabus
1517 451 1943 506 animabus,
2457 453 2541 516 79

233 653 569 726 desinentz
623 671 772 716 nam
819 654 956 716 tota
999 651 1112 714 illa
1153 653 1326 714 secta
1365 650 1488 712 ista
1525 647 1775 730 bicipiti
1814 648 1919 711 uel
1958 647 2175 730 potius
2218 645 2549 728 praecipiti

247 760 612 822 animarum
659 759 966 822 uarietate
1009 757 1294 821 fulcitur.

335 867 444 928 23.
510 865 604 929 Ac
670 864 831 928 mihi
887 864 1140 946 quidem
1199 863 1355 927 satis
1413 865 1511 926 est
1569 863 1662 926 sic
1720 862 1901 938 scire,
1962 861 2132 944 quod
2190 859 2555 925 Manichaei

240 975 474 1048 errent,
525 973 602 1035 ut
646 971 777 1036 scio
846 969 1297 1053 paenitendum
1353 987 1492 1034 esse
1548 969 1816 1052 peccati.
1886 970 1951 1033 et
2004 971 2217 1032 tamen
2276 968 2332 1032 si
2385 983 2555 1031 nunc·

169 1103 198 1142 5
245 1080 598 1142 amicorum
649 1098 936 1143 meorum
987 1078 1282 1159 aliquem,
1331 1077 1440 1158 qui
1489 1095 1689 1158 usque
1737 1077 1945 1140 adhuc
1998 1076 2147 1140 illos
2208 1075 2554 1139 audiendos

243 1189 454 1269 putat.
509 1186 865 1268 conpellam
914 1185 1048 1248 iure
1099 1183 1413 1248 amicitiae
1454 1187 1519 1248 et
1557 1184 1615 1247 ei
1655 1183 1899 1247 dicam:
1951 1183 2156 1247 scisne
2197 1182 2353 1248 utile
2394 1200 2554 1257 esse,

249 1311 402 1354 cum
453 1291 726 1372 quisque
772 1289 1154 1372 peccauerit,
1198 1289 1571 1371 paenitere?
1641 1289 1775 1354 sine
1835 1288 2231 1352 dubitatione
2282 1307 2350 1351 se
2398 1288 2557 1351 scire

245 1397 508 1461 iurabit.
561 1396 616 1461 si
666 1415 816 1480 ergo
863 1398 925 1459 te
973 1395 1181 1460 secero
1229 1395 1322 1459 ita
1367 1396 1527 1460 scire
1573 1396 1801 1460 falsam
1852 1415 1992 1460 esse
2038 1393 2557 1459 Manichaeorum

253 1505 599 1579 haeresim,
658 1501 1130 1566 desiderabisne
1187 1501 1509 1585 amplius?
1578 1502 1731 1583 quid
1789 1501 2065 1585 amplius
2124 1520 2193 1566 se
2248 1519 2437 1583 posse
2492 1500 2557 1562 in

147 1639 206 1675 ιο
255 1613 376 1675 hac
413 1630 482 1674 re
525 1609 878 1674 desiderare
915 1607 1310 1690 respondeat.
1341 1609 1499 1672 bene
1530 1608 1789 1691 quidem
1828 1609 1951 1673 huc
1989 1627 2213 1689 usque.
2264 1606 2376 1672 sed
2414 1625 2557 1670 cum

251 1717 589 1783 ostendere
642 1735 904 1798 coepero
955 1718 1156 1780 certas
1221 1715 1737 1798 necessariasque
1802 1715 2098 1792 rationes,
2167 1733 2326 1796 quae
2380 1713 2558 1777 illam

252 1823 761 1908 propositionem
829 1821 1268 1896 adamantinis,
1333 1825 1409 1885 ut
1465 1821 1718 1895 dicitur,
1787 1823 2026 1886 catenis
2093 1839 2285 1885 nexae
2344 1838 2559 1885 conse·

251 1935 562 2014 quuntur.
611 1949 871 2011 remque
927 1931 1128 1993 totam
1189 1929 1266 1993 ad
1327 1929 1821 2006 conclusionem,
1890 1948 2015 2011 qua
2076 1929 2191 1992 illa
2255 1927 2563 1991 euertitur

253 2043 453 2116 secta,
526 2038 914 2121 perduxero:
984 2035 1242 2120 negabit
1305 2055 1373 2100 se
1439 2037 1703 2102 forsitan
1764 2037 1924 2101 scire
1981 2037 2329 2100 utilitatem
2384 2033 2562 2097 illam

155 2177 210 2216 15
257 2143 650 2230 paenitendi,
718 2161 908 2224 quam
971 2161 1154 2206 nemo
1223 2141 1470 2218 doctus,
1545 2161 1731 2206 nemo
1798 2141 2095 2206 indoctus
2163 2141 2429 2225 ignorat,
2500 2143 2565 2204 et

259 2253 482 2337 potius
533 2269 602 2314 se
645 2249 803 2313 scire
845 2247 1201 2325 contendet,
1245 2267 1390 2312 cum
1431 2246 1799 2311 dubitamus
1841 2251 1905 2311 et
1943 2247 2365 2311 deliberamus
2406 2245 2561 2310 duas

257 2345 328 2422 i11
356 2357 544 2423 nobis
585 2355 827 2419 animas
866 2355 1214 2440 patrocinia
1250 2355 1500 2439 propria
1539 2354 1809 2438 singulis
1848 2353 2237 2436 quaestionis
2274 2353 2561 2436 partibus

261 2466 587 2530 adhibere.
656 2483 692 2528 o
741 2461 1134 2527 consuetudo
1179 2463 1462 2544 peccati!
1514 2481 1549 2527 o
1602 2481 1813 2526 comes
1859 2479 2062 2543 poena
2114 2459 2394 2542 peccati!
2442 2477 2561 2523 uos

259 2587 368 2632 me
413 2569 572 2632 tunc
622 2585 657 2629 a
702 2588 913 2633 rerum
960 2572 1092 2633 tam
1139 2569 1622 2634 manifestarum
1670 2567 2170 2633 consideratione
2218 2565 2561 2641 auertistiS,

173 2707 230 2746 20
263 2676 377 2740 sed
426 2695 554 2739 non
605 2675 906 2739 sentienti
943 2674 1307 2748 nocebatis;
1357 2693 1524 2738 nunc
1561 2694 1713 2739 uero
1752 2675 1817 2737 in
1854 2673 2366 2738 familiarissimis
2403 2674 2563 2736 meis

264 2779 569 2846 similiter
642 2800 764 2845 non
841 2782 1262 2846 sentientibus
1336 2801 1438 2846 me
1503 2781 1631 2846 iam
1704 2780 2055 2846 uulneratis
2131 2779 2565 2861 torquetisque

263 2887 668 2954 sentientem.

360 2999 468 3059 24.
537 2993 882 3060 Adtendite
931 2995 1074 3072 ista,
1124 3013 1380 3076 quaeso,
1431 2994 1779 3071 carissimi,
1837 2996 2053 3059 uestra
2106 2993 2359 3076 ingenia
2402 2993 2561 3056 bene

265 3102 442 3166 noui.
485 3101 542 3166 si
578 3101 739 3165 mihi
766 3120 934 3166 nunc
960 3120 1079 3166 uos
1111 3101 1592 3182 qualiscumque
1622 3100 1899 3165 hominis
1924 3103 2205 3164 mentem
2232 3098 2565 3163 rationem-

169 3249 224 3288 25
271 3227 396 3290 que
446 3206 818 3286 conceditis,
866 3209 1071 3272 multo
1130 3206 1398 3272 certiora
1453 3209 1606 3271 sunt
1660 3226 1847 3289 quam
1897 3225 2057 3288 quae
2104 3205 2194 3269 ibi
2237 3204 2346 3268 uel
2391 3203 2565 3269 uide-

265 3316 498 3379 bamur
564 3312 803 3378 discere
869 3312 976 3376 1161
1037 3311 1244 3396 magis
1312 3313 1560 3377 credere
1632 3312 2033 3396 cogebamur.
2102 3311 2258 3374 deus
2314 3329 2563 3394 magne,

340 3509 367 3560 1
412 3505 630 3561 desine?
669 3505 722 3558 A
760 3505 868 3557 iam
924 3502 1175 3557 desinent
1211 3503 1242 3556 b
1387 3504 1422 3556 3
1469 3507 1528 3557 at
1575 3506 1733 3569 (corr.
1783 3519 1847 3556 ex
1894 3507 1975 3570 ac)
2025 3503 2080 3556 Β
2225 3503 2257 3555 6
2303 3505 2466 3572 putet
2510 3504 2564 3555 A

267 3621 592 3691 compellem
627 3622 682 3675 Β
721 3618 1038 3690 compellere
1077 3617 1122 3672 S
1229 3619 1262 3672 8
1292 3635 1393 3688 ego
1413 3618 1468 3671 Β
1578 3619 1611 3670 9
1649 3617 1985 3672 heresemM
2004 3617 2247 3672 heresem
2270 3617 2325 3672 Β
2435 3617 2564 3688 quid

265 3711 504 3780 amplius
540 3727 643 3766 om.
681 3710 737 3763 A
883 3724 1000 3789 esse
1037 3723 1194 3778 posse
1231 3708 1287 3760 B
1324 3724 1440 3762 esse
1479 3709 1653 3778 possit
1690 3708 1721 3762 b
1832 3709 1899 3763 10
1936 3707 2100 3763 bene·
2112 3679 2250 3764 bene
2286 3709 2565 3777 hucusque

267 3798 490 3869 quidem
518 3803 574 3852 A
609 3797 734 3868 huc]
773 3797 876 3852 hoc
910 3775 996 3851 Μ
1054 3798 1118 3851 11
1158 3797 1488 3851 necessarias
1525 3804 1654 3852 rone
1696 3799 1783 3862 (ex
1818 3814 1963 3851 rome
2002 3803 2160 3867 corr.)
2202 3798 2256 3851 A
2332 3797 2397 3851 12
2435 3795 2563 3850 ada-

263 3887 459 3942 manti'
479 3887 534 3940 A
625 3887 850 3940 innexae
871 3885 1005 3939 ASb
1083 3885 1147 3940 13
1184 3885 1278 3940 ille
1314 3885 1550 3939 uertitur
1565 3885 1677 3938 BA
1712 3887 1809 3945 illa
1846 3887 2080 3940 uertitur
2117 3886 2163 3940 S
2236 3887 2301 3940 14
2338 3883 2567 3954 negabit

268 3987 436 4042 (corr.
475 3992 541 4030 ex
575 3975 680 4042 uit)
721 3974 778 4027 Β
886 3975 953 4028 15
991 3977 1048 4028 et
1083 3975 1285 4044 potius]
1321 3973 1510 4045 pocius
1538 3974 1594 4027 A
1707 3974 1772 4027 16
1812 3973 2095 4028 contendit
2118 3974 2174 4027 Β
2287 3974 2351 4027 17
2380 3975 2564 4042 patro-

265 4091 450 4148 chinia
487 4089 532 4144 S
675 4089 890 4160 propria
927 4107 1029 4144 om.
1067 4089 1122 4142 Β
1273 4088 1599 4160 questionib'
1637 4089 1694 4142 Β
1841 4089 1906 4142 18
1941 4089 2111 4142 fomes
2150 4087 2197 4142 S
2334 4105 2473 4159 pone
2510 4086 2567 4140 B

267 4183 339 4235 20
395 4178 711 4234 sentientib’
740 4180 794 4232 A
937 4177 1648 4233 nocebatis—sentientibus
1696 4195 1797 4232 om.
1845 4179 1898 4230 A
2035 4179 2099 4231 21
2149 4179 2257 4231 iam
2306 4193 2409 4232 om.
2458 4177 2571 4231 BS

263 4294 681 4366 torquetisquae
727 4293 782 4345 Β
960 4294 1029 4348 23
1076 4294 1122 4347 si
1168 4297 1350 4347 uestra
1396 4295 1449 4346 A
1638 4293 1709 4346 24
1743 4261 1884 4362 1111116
1922 4293 1976 4344 Β
2130 4293 2198 4346 25
2238 4292 2471 4346 cerciora
2508 4293 2565 4346 A

265 4399 541 4456 quamque
581 4381 612 4435 b
