3159 4984
470 446 602 509 436
1179 440 1229 495 S.
1290 439 1563 495 Aureli
1619 437 2059 507 Augustini

472 636 679 703 sanari
708 659 744 699 a
769 636 953 701 uanis
984 634 1299 701 erroribus
1332 638 1397 699 et
1424 633 1744 699 aedificari
1773 652 1965 717 super
1999 632 2488 696 fundamentum
2518 634 2770 715 aposto-

467 745 677 810 lorum
725 745 792 809 et
833 742 1309 826 prophetarum.
1370 760 1558 823 quem
1608 739 1768 805 dicis
1813 739 2428 823 Hippocentaurum,
2475 738 2767 803 nesciens

471 850 625 934 quid
678 848 987 933 loquaris,
1044 866 1163 913 nec
1219 846 1532 926 adtendiS,
1591 845 1744 929 quid
1797 845 1920 910 tibi
1973 848 2088 909 tua
2139 844 2357 910 fabula
2403 844 2766 923 confecerit,

470 976 619 1022 cum
676 976 747 1021 ex
803 957 982 1040 parte
1041 954 1143 1019 dei
1195 953 1295 1017 tui
1352 955 1418 1019 et
1474 973 1545 1017 ex
1602 955 1781 1036 parte
1836 955 2039 1017 terrae
2086 952 2491 1017 tenebrarum
2537 952 2772 1017 falsum

468 1064 782 1131 mundum
830 1062 1103 1129 fabricat
1146 1062 1212 1125 in
1262 1061 1449 1126 corde
1496 1063 1632 1126 tuo.
1697 1060 1871 1124 itane
1926 1059 2038 1123 ille
2093 1078 2218 1123 non
2268 1062 2368 1123 est
2410 1058 2773 1141 Hippocen·
2841 1076 2873 1117 τ»

466 1170 692 1231 taurus
740 1168 1076 1233 semiferus
1116 1170 1182 1233 et
1219 1168 1539 1234 semideus
1564 1171 1597 1231 ⁴?
1645 1186 1815 1245 uere,
1864 1166 2014 1249 quia
2059 1186 2175 1231 nec
2211 1166 2772 1249 Hippocentaurus

470 1272 777 1339 dicendus
845 1277 965 1340 est.
1044 1274 1199 1357 quid
1264 1276 1480 1339 autem
1546 1274 1661 1351 sit,
1736 1276 1811 1337 tu
1876 1272 2148 1337 adtende
2212 1275 2296 1335 et.
2340 1272 2643 1335 erubesce
2709 1273 2776 1335 et

468 1379 760 1459 mitesce,
810 1383 885 1445 ut
932 1381 1403 1465 corruptionem
1450 1383 1633 1444 tuam
1680 1399 1718 1444 a
1765 1382 2055 1463 serpente
2104 1379 2391 1443 adultero
2445 1379 2772 1462 perhorre-

470 1504 652 1553 scas:
703 1487 887 1553 cuius
936 1487 1242 1552 astutiam
1291 1487 1347 1553 si
1393 1487 1562 1570 apud
1598 1488 1870 1570 Moysen
1917 1485 2297 1551 credendam
2342 1506 2466 1551 non
2503 1485 2770 1569 putasti,

471 1593 643 1676 apud
698 1593 974 1658 Paulum
1040 1612 1265 1659 cauere
1332 1594 1631 1668 debuisti,
1701 1594 1810 1676 qui
1873 1611 2088 1657 ueram
2155 1592 2492 1657 ecclesiam
2547 1592 2773 1657 uolens
2813 1608 2874 1647 ιο

468 1700 789 1783 uirginem
848 1704 1091 1765 castam
1152 1701 1443 1765 exhibere
1494 1698 1771 1778 Christo,
1829 1699 2082 1777 timec,
2138 1698 2370 1782 inquit,
2425 1718 2512 1763 ne
2571 1698 2775 1762 sicut

470 1824 785 1889 serpens
830 1806 1063 1871 Euam
1111 1807 1407 1871 fefellit
1452 1807 1525 1871 in
1573 1807 1924 1871 uersutia
1979 1824 2133 1883 sua,
2194 1808 2778 1887 corrumpantur

469 1914 763 1977 mentes
822 1916 1131 1985 uestrae
1190 1934 1227 1977 a
1283 1914 1792 1996 simplicitate
1851 1917 1925 1977 et
1980 1911 2363 1989 castitate,
2423 1930 2608 1994 quae
2657 1914 2778 1976 est

469 2019 542 2083 in
585 2017 910 2085 Christo.
950 2019 1073 2085 hoc
1109 2028 1177 2083 tu
1232 2039 1377 2084 cum
1427 2019 1703 2097 audires,
1742 2039 1948 2102 usque
1987 2018 2144 2083 adeo
2181 2021 2396 2083 tamen
2435 2017 2778 2101 desipuisti

472 2126 537 2189 et
600 2125 933 2190 uenenatis
999 2125 1539 2190 incantationibus
1608 2126 1746 2190 eius
1813 2144 2031 2190 amens
2095 2124 2266 2190 facta
2331 2144 2428 2201 es,
2493 2127 2568 2189 ut
2631 2124 2776 2188 aliis
2817 2140 2872 2182 ιε»

471 2233 696 2297 multis
744 2232 1116 2302 haeresibus
1166 2233 1338 2297 aliud
1388 2236 1577 2315 atque
1629 2234 1805 2297 aliud
1850 2233 2022 2297 idem
2071 2252 2352 2315 serpens,
2391 2232 2509 2296 tibi
2557 2232 2778 2295 autem

474 2338 669 2403 etiam
718 2358 786 2403 se
837 2337 1163 2405 Christum
1224 2359 1366 2404 esse
1422 2340 1835 2422 persuaserit.
1901 2359 2085 2424 porro
2153 2339 2209 2403 si
2271 2341 2481 2405 errant
2532 2338 2775 2402 multae

471 2445 745 2510 fallaciis
814 2446 951 2510 eius
1017 2446 1213 2510 uariis
1282 2449 1348 2510 et
1402 2445 1906 2512 multiformibus
1961 2446 2276 2523 inretitam,
2344 2464 2505 2527 quae
2559 2448 2776 2509 tamen

474 2552 640 2616 hanc
688 2551 1187 2617 admonitionem
1238 2553 1516 2635 apostoli
1560 2572 1778 2617 ueram
1826 2553 2126 2631 fatentur,
2183 2556 2258 2617 tu
2314 2554 2621 2636 quantum
2671 2551 2778 2615 ad-

475 2658 753 2722 ulterata
801 2641 919 2737 ess
950 2678 1139 2741 quam
1195 2660 1261 2724 in
1315 2660 1667 2744 longinquo
1725 2662 2091 2743 prostituta,
2159 2679 2321 2743 quae
2385 2659 2600 2743 ipsum
2663 2677 2778 2741 pro
2813 2678 2870 2717 2⁰

477 2763 729 2831 Christo
778 2765 995 2842 habes,
1045 2786 1081 2829 a
1128 2784 1253 2849 quo
1302 2767 1632 2849 apostolus
1682 2766 1921 2832 Christi
1968 2767 2297 2833 seductam
2333 2767 2538 2831 Euam
2587 2768 2780 2847 atque

480 2875 842 2955 corruptam
910 2874 1163 2951 clamat,
1231 2876 1306 2937 ut
1370 2874 1446 2938 ab
1505 2894 1577 2938 eo
1637 2874 1954 2958 uirginem
2013 2892 2313 2958 sponsam
2370 2872 2610 2938 Christi
2664 2869 2784 2934 tali

482 2978 917 3044 admonitione
984 2979 1359 3044 custodiat?
1423 2980 1785 3044 tenebrauit
1842 2999 1949 3045 cor
2001 2982 2208 3059 tuum,
2278 2980 2386 3063 qui
2439 2981 2658 3043 tecum
2712 2978 2779 3042 in

473 3086 941 3169 phantasmatis
995 3086 1357 3152 lucidorum
1414 3106 1744 3151 nemorum
1799 3087 2150 3152 uolutatur.
2219 3104 2378 3169 quae
2436 3086 2608 3161 sunt,
2665 3084 2776 3149 ubi

480 3194 650 3269 sunt,
699 3191 867 3257 unde
915 3197 1068 3257 sunt
1110 3192 1329 3257 fidelia
1372 3192 1690 3276 promissa
1737 3192 1925 3257 eius?
1992 3211 2027 3257 o
2077 3192 2270 3271 ebria,
2327 3210 2453 3256 non
2501 3210 2538 3255 a
2581 3190 2774 3255 uino!
2819 3208 2872 3249 ιε

570 3299 673 3363 10.
724 3299 967 3381 Nempe
1026 3299 1385 3364 conuiciata
1450 3318 1517 3363 es
1561 3299 1936 3381 inpudentia
1983 3298 2298 3382 sacrilega
2344 3297 2462 3362 deo
2507 3296 2776 3381 prophe-

658 3488 691 3541 2
730 3487 797 3542 cf.
836 3488 1031 3559 Ephes.
1072 3492 1121 3555 2,
1160 3489 1231 3543 ‘20
1342 3492 1404 3543 11
1446 3490 1504 3545 II
1542 3489 1662 3545 Cor.
1706 3490 1787 3553 11,
1826 3491 1861 3543 2
1899 3506 1980 3560 sq.
2092 3488 2161 3543 25
2201 3488 2266 3543 cf.
2305 3488 2397 3543 Es.
2437 3488 2522 3553 51,
2563 3488 2629 3541 21

552 3641 578 3692 1
622 3655 655 3693 a
691 3654 793 3693 om.
824 3638 923 3694 SG
1074 3639 1433 3693 fundamenta
1472 3642 1529 3707 (u
1568 3656 1634 3694 az:
1671 3658 1701 3693 o
1741 3656 1878 3694 corr.
1916 3644 1966 3693 et
2000 3656 2055 3692 m
2092 3637 2186 3709 er.)
2231 3637 2278 3693 0
2400 3639 2432 3691 2
2471 3638 2780 3709 hyppocen·

479 3728 695 3782 taurum
732 3726 832 3782 SG
867 3728 1313 3799 ippocentaurum
1356 3727 1405 3781 0
1434 3728 1899 3799 hypocentaurum
1935 3727 2064 3781 LM
2167 3729 2202 3782 3
2241 3726 2532 3782 confecerit
2570 3726 2784 3796 (fecerit

477 3814 542 3868 in
574 3814 711 3885 ras.)
755 3814 801 3867 0
906 3816 938 3869 5
970 3816 1050 3883 (et
1077 3816 1131 3883 6)
1160 3816 1577 3886 ippocentaurus
1616 3816 1699 3881 M,
1739 3816 1794 3887 (a
1830 3830 1896 3869 ex
1931 3818 1988 3882 u)
2036 3814 2085 3869 G
2113 3816 2587 3886 hyppocentaurus
2624 3813 2782 3869 LSG·

480 3904 513 3956 6
549 3919 649 3957 1100
685 3920 787 3958 om.
828 3902 927 3958 SG
1088 3904 1121 3956 9
1160 3904 1228 3973 si]
1266 3904 1407 3957 sicut
1442 3902 1543 3958 SG
1722 3920 1833 3958 non
1869 3921 1971 3959 om.
2011 3902 2113 3959 861
2275 3905 2344 3959 10
2381 3903 2697 3959 aecclesiam
2742 3902 2790 3956 C'

484 3991 550 4045 12
588 4006 743 4063 enam
790 3991 837 4044 Ο
1004 3994 1071 4045 14
1109 3995 1173 4045 tu
1207 4008 1251 4046 8.
1293 3993 1328 4047 l.
1369 3992 1414 4045 C
1585 3994 1652 4047 15
1691 3994 1974 4047 uenenatis
2013 3994 2100 4065 (ne
2136 4009 2181 4049 s.
2221 3991 2278 4063 1.)
2323 3992 2372 4047 0
2545 3994 2688 4047 facta
2726 3994 2781 4063 (a

479 4081 578 4149 fin.
615 4082 680 4134 in
712 4079 846 4149 rae.)
884 4079 937 4133 L
974 4080 1149 4134 factus
1188 4080 1288 4135 SG
1460 4080 1537 4152 es]
1578 4085 1663 4136 est
1703 4083 1765 4149 (a.
1805 4082 1864 4142 ἶ.)
1905 4082 2034 4135 PL¹
2071 4098 2128 4137 es
2167 4083 2254 4154 (ev
2291 4098 2468 4151 supra
2505 4098 2532 4137 e
2571 4096 2691 4149 exp.
2731 4086 2784 4135 et

482 4186 507 4222 s
538 4168 670 4223 add.
698 4186 767 4222 m.
799 4168 851 4236 2)
876 4168 931 4221 L
1028 4169 1112 4238 ut]
1140 4168 1199 4223 id
1218 4168 1293 4222 12¹
1368 4170 1435 4225 16
1453 4168 1736 4234 heresibus
1755 4169 1865 4225 Lo
1932 4170 1998 4223 17
2029 4170 2261 4225 suaserit
2285 4170 2334 4225 G
2406 4170 2472 4225 18
2491 4170 2720 4225 fallatiis
2743 4168 2790 4222 C

486 4258 553 4312 19
590 4256 1033 4311 ammonitionem
1069 4256 1297 4311 LG¹M1
1407 4259 1475 4313 23
1513 4258 1900 4313 ammonitione
1936 4258 1984 4312 0
2013 4259 2395 4314 ammonitione
2427 4260 2478 4329 (e
2506 4274 2550 4313 s.
2583 4259 2618 4313 l.
2650 4258 2784 4312 add.

482 4362 551 4399 m.
588 4346 642 4415 2)
672 4346 725 4399 L
834 4347 904 4399 24
940 4346 1281 4402 fantasmatis
1320 4348 1499 4402 LCM
1530 4348 1947 4401 fantasmatibus
1991 4347 2120 4403 Gsb
2231 4350 2299 4403 26
2340 4349 2436 4403 do·
2473 4347 2520 4402 0
