3159 4984
503 470 627 534 190
1007 470 1056 521 S.
1097 468 1284 521 Aureli
1322 468 1617 537 Augustini
1658 472 1842 520 contra
1881 467 2247 521 Adimantum.

497 666 709 727 tamen
759 662 1082 746 aperienti,
1125 667 1196 727 ut
1243 668 1478 727 certam
1529 662 2039 729 adcommodaret
2084 662 2293 739 fidem,
2344 664 2531 727 etiam
2580 663 2787 745 ipsum

505 768 821 834 somnium
889 768 1010 833 sibi
1074 772 1150 833 ut
1205 769 1520 833 diceretur
1573 769 1798 852 exegit.
1859 768 2128 833 Danihel
2192 772 2407 834 autem
2470 771 2791 834 reuelante

509 878 728 941 sancto
777 874 1025 958 spiritu.
1075 878 1140 939 et
1187 875 1336 957 quid
1383 876 1491 940 ille.
1538 875 1811 940 uidisset
1854 875 1919 939 in
1968 875 2206 941 somnis
2255 894 2331 941 ea
2372 880 2550 960 parte
2607 877 2789 953 uidit,

505 1000 630 1063 qua
676 1001 1005 1065 corporum
1055 983 1390 1065 capiuntur
1433 982 1768 1066 imagines.
1818 986 1883 1046 et
1930 981 2080 1064 quid
2136 982 2520 1066 significaret
2576 987 2789 1049 mente

501 1089 844 1171 conspexit.
912 1108 1035 1154 non
1085 1092 1185 1154 est
1240 1094 1454 1153 autem
1508 1089 1813 1172 propheta
1872 1089 1973 1153 dei
2027 1090 2165 1153 ueri
2232 1092 2297 1153 et
2360 1090 2613 1164 summi,
2682 1091 2790 1173 qui
2854 1111 2882 1151 6

501 1194 713 1260 oblata
778 1196 1086 1260 diuinitus
1150 1196 1292 1261 uisa
1349 1196 1456 1261 uel
1533 1197 1671 1262 solo
1730 1215 1987 1279 corpore
2044 1198 2148 1261 1161
2209 1196 2401 1259 etiam
2458 1196 2569 1260 illa
2613 1200 2789 1279 parte

501 1300 760 1385 spiritus
826 1301 1024 1379 uidet,
1093 1320 1216 1384 qua
1282 1321 1615 1385 corporum
1680 1300 2016 1385 capiuntur
2066 1302 2399 1385 imagines,
2459 1304 2523 1366 et
2578 1304 2791 1367 mente

500 1425 622 1471 non
659 1406 856 1473 uidet.
909 1408 1020 1473 sed
1065 1410 1439 1491 plerumque
1486 1409 1550 1472 111
1599 1407 1929 1491 scripturis
1976 1408 2069 1473 sic
2114 1408 2323 1491 posita
2358 1407 2789 1485 inueniuntur,

496 1513 1023 1596 quemadmodum
1075 1516 1216 1579 uisa
1264 1518 1432 1583 sunt.
1471 1534 1595 1580 non
1645 1514 1837 1579 etiam
1885 1515 2417 1597 quemadmodum
2466 1514 2791 1580 intellecta

500 1626 669 1687 sunt.
717 1624 792 1685 ut
837 1620 1071 1685 mentis
1128 1620 1315 1690 uisio.
1380 1621 1443 1685 111
1501 1641 1627 1703 qua
1686 1624 1866 1687 totus
1930 1623 2176 1685 fructus
2242 1626 2361 1687 est.
2430 1622 2789 1687 exercendis
2829 1645 2882 1685 1⁰

502 1728 850 1793 lectoribus
891 1730 1268 1792 seruaretur.
1317 1728 1432 1793 sed
1479 1748 1548 1792 ex
1597 1729 1841 1796 multis.
1891 1746 2049 1809 quae
2097 1732 2309 1811 aperte
2347 1732 2499 1793 sunt
2535 1728 2789 1813 scripta,

503 1834 950 1899 manifestatur
1011 1835 1214 1901 nobis,
1284 1834 1601 1917 quomodo
1668 1836 1775 1898 illa
1842 1835 2283 1901 intellexerint.
2348 1855 2508 1918 quae
2574 1836 2665 1901 sic
2724 1837 2789 1900 in

499 1941 681 2005 libris
728 1944 1098 2025 posuerunt,
1149 1942 1466 2023 quomodo
1513 1942 1783 2026 figurate
1829 1942 1961 2006 illis
2009 1942 2436 2007 demonstrata
2483 1946 2652 2007 sunt.
2710 1943 2789 2007 ad

500 2048 622 2112 duo
673 2048 840 2111 enim
889 2068 1114 2133 genera
1171 2049 1282 2112 illa
1340 2049 1608 2115 uisionis
1664 2050 1983 2133 pertinent
2038 2050 2344 2133 figuratae
2402 2048 2789 2114 demonstra-

498 2154 746 2231 tiones3
813 2155 892 2219 ad
937 2156 1171 2220 mentis
1231 2158 1466 2225 autem.
1523 2156 1589 2220 id
1648 2160 1745 2221 est
1803 2156 1880 2219 ad
1934 2156 2407 2239 intellegentiae
2472 2156 2783 2220 uisionem
2824 2180 2877 2219 15

500 2260 766 2343 simplex
805 2264 867 2325 et
904 2262 1154 2346 propria
1190 2263 1466 2345 pertinet
1499 2262 1806 2327 reuelatio
1844 2280 2051 2325 rerum
2092 2260 2559 2324 intellectarum
2596 2264 2785 2343 atque

498 2370 830 2431 certarum.
882 2370 1092 2433 omnia
1136 2374 1348 2435 tamen
1405 2370 1561 2434 11666
1618 2388 1847 2453 genera
1900 2368 2183 2433 mirificis
2241 2371 2305 2431 et
2358 2366 2783 2433 ineffabilibus

493 2472 1050 2539 distributionibus
1135 2476 1387 2541 exhibet
1468 2479 1659 2559 atque
1734 2474 2101 2539 moderatur
2183 2478 2439 2539 sanctus
2522 2474 2783 2557 spiritus

491 2600 776 2646 summae
814 2582 1479 2666 incommutabilisque
1519 2582 1885 2665 sapientiae.
1926 2582 2039 2647 sed
2076 2581 2184 2647 isti
2224 2582 2437 2646 miseri
2468 2584 2636 2648 sunt.
2672 2582 2780 2663 qui

494 2688 962 2753 calumniantur
1003 2690 1346 2772 prophetae
1395 2690 1651 2757 dicent-i.
1700 2688 1869 2772 quod
1916 2688 2105 2753 deum
2140 2688 2393 2765 uiderit,
2434 2688 2779 2754 obicientes
2818 2712 2874 2751 ιο

491 2796 903 2878 apostolicam
933 2798 1331 2874 sententiam,
1351 2796 1464 2861 ubi
1492 2796 1879 2861 inuisibilem
1903 2795 2073 2859 dixit.
2096 2796 2151 2861 si
2182 2795 2349 2859 enim
2370 2796 2529 2860 alter
2548 2794 2781 2861 obiciat

489 2900 639 2966 huic
687 2904 1037 2985 apostolico
1085 2904 1279 2969 uerbo
1329 2904 1771 2987 euangelicum
1810 2902 2099 2978 uerbum,
2140 2902 2437 2985 quoniam
2484 2902 2777 2969 dominus

490 3007 614 3072 ait:
680 3009 884 3073 beati
942 3010 1500 3087 mundicordes,
1541 3009 1893 3093 quoniam
1930 3008 2081 3092 ipsi
2119 3009 2335 3073 deum
2383 3008 2773 3086 uidebunt,

488 3116 799 3196 quomodo
847 3116 1322 3201 respondebunt
1365 3137 1554 3203 posse
1609 3117 1997 3183 inuisibilem
2063 3116 2316 3182 uideri?
2362 3116 2558 3183 uerbo
2607 3116 2773 3181 enim

489 3226 788 3305 premunt
866 3223 1172 3305 inperitos
1241 3228 1306 3289 et
1368 3229 1683 3307 quatenus
1748 3223 2089 3289 inuisibilis
2157 3223 2314 3288 deus
2380 3222 2591 3288 dictus
2666 3223 2771 3300 sit,
2810 3244 2866 3286 2⁶

487 3328 610 3393 etsi
646 3335 1059 3414 cognoscunt,
1101 3332 1398 3417 cognosci
1427 3333 1671 3396 timent.
1713 3335 1890 3395 tanta
1920 3333 2019 3395 est
2048 3328 2361 3415 pernicies
2393 3328 2765 3407 animorum,

484 3434 593 3516 qui
641 3454 786 3500 cum
834 3437 1088 3503 uincere
1132 3437 1454 3503 hominem
1499 3438 1749 3515 uolunt,
1798 3436 1873 3501 ab
1922 3455 2126 3501 errore
2173 3435 2533 3501 uincuntur.

655 3560 690 3613 4
727 3558 794 3613 cf.
831 3560 969 3615 Dan.
1008 3562 1041 3614 2
1151 3561 1221 3615 26
1257 3560 1456 3616 Matth.
1493 3562 1544 3625 5,
1583 3560 1617 3615 8

551 3648 583 3699 2
611 3649 875 3702 somnium
898 3650 987 3717 (in
1011 3654 1153 3718 ras.)
1174 3652 1229 3705 P
1246 3650 1548 3722 sompnium
1573 3650 1621 3705 0
1628 3650 1681 3703 V
1782 3650 1845 3703 ut
1872 3646 1979 3703 sibi
2003 3648 2137 3703 Tob
2212 3648 2247 3702 3
2268 3648 2481 3719 spiritu]
2502 3646 2591 3703 dei
2610 3648 2767 3719 spiri-

475 3738 538 3789 tu
561 3734 855 3791 GT081⁷1>
999 3740 1237 3810 sompnis
1271 3740 1318 3793 0
1387 3738 1419 3792 5
1449 3738 1566 3792 ueri
1594 3738 1685 3793 dei
1708 3738 1789 3793 Tb
1898 3736 1932 3792 8
1960 3737 2238 3792 scribturis
2258 3738 2312 3791 P
2378 3738 2447 3792 13
2466 3738 2696 3809 figurate
2715 3736 2771 3792 P

481 3848 850 3906 demonstrata
887 3857 1016 3909 sunt
1043 3854 1154 3908 11116
1183 3854 1234 3907 V
1301 3856 1373 3909 14
1390 3854 1629 3909 uisiones
1651 3856 1731 3923 (es
1769 3870 1835 3909 ex
1870 3856 1937 3923 is)
1982 3852 2036 3908 G
2162 3820 2474 3923 pertine'iP
2544 3854 2765 3910 demon·

473 3938 784 4011 strutiones]
830 3940 1084 4012 demones
1127 3942 1237 3999 GV
1272 3946 1516 3998 temones
1563 3944 1605 3997 S
1713 3944 1779 3998 16
1816 3942 2029 4015 proprie
2067 3944 2099 4001 b
2226 3942 2295 3997 18
2340 3943 2564 4015 spiritus
2610 3960 2763 3999 sanc·
2802 3980 2813 3989 ·

473 4030 563 4081 tus
591 4026 822 4084 TGSVb
934 4031 1000 4084 19
1027 4030 1593 4104 incommutabilisque
1620 4032 1676 4086 P
1778 4032 1849 4087 20
1871 4032 2073 4088 uiderit
2103 4033 2195 4101 (rit
2222 4035 2283 4088 in
2300 4036 2435 4101 ras.)
2466 4033 2521 4087 P
2544 4032 2688 4088 uidit
2716 4032 2770 4087 V

471 4115 536 4169 21
581 4116 720 4170 enim
759 4134 861 4172 om.
905 4117 953 4172 0
1127 4120 1198 4172 22
1235 4120 1508 4191 quoniam]
1558 4136 1663 4191 quo
1708 4120 1923 4175 GTOJ
1925 4121 1957 4175 b
2138 4122 2207 4176 23
2244 4120 2431 4177 mundi
2468 4121 2626 4177 corde
2673 4120 2768 4177 VS

470 4203 540 4257 27
563 4204 854 4262 couincum‘:
884 4206 916 4260 b
1024 4206 1155 4277 Exi).
1185 4210 1372 4262 contra
1399 4206 1680 4263 adimantu
1706 4208 1989 4265 manicheti
2015 4210 2139 4315 fol..
2142 4212 2257 4315 1112
2282 4208 2340 4264 P
2361 4210 2598 4281 Explicit
2626 4208 2765 4265 liber

469 4320 662 4375 aurelii
707 4321 986 4392 augustini
1032 4321 1290 4377 aduersus
1340 4324 1651 4395 questiones
1694 4324 1934 4379 xxvm
1978 4323 2243 4380 adimanti
2282 4340 2435 4380 amen
2476 4326 2759 4394 (mantiam

467 4424 537 4461 m.
569 4408 623 4477 2)
643 4410 752 4477 fol.
794 4414 862 4462 31
883 4409 937 4463 G
975 4411 1208 4482 Explicit
1243 4411 1338 4467 lib’
1377 4419 1454 4466 sci
1491 4412 1768 4483 augustini
1808 4418 1995 4468 contra
2032 4414 2343 4485 questiones
2381 4412 2645 4468 adimanti
2664 4412 2767 4468 01¹
