<?xml version="1.0" encoding="UTF-8"?>
<!DOCTYPE html PUBLIC "-//W3C//DTD XHTML 1.0 Transitional//EN"
    "http://www.w3.org/TR/xhtml1/DTD/xhtml1-transitional.dtd">
<html xmlns="http://www.w3.org/1999/xhtml" xml:lang="en" lang="en">
 <head>
  <title>
</title>
<meta http-equiv="Content-Type" content="text/html;charset=utf-8" />
  <meta name='ocr-system' content='tesseract 3.04.00' />
  <meta name='ocr-capabilities' content='ocr_page ocr_carea ocr_par ocr_line ocrx_word'/>
</head>
<body>
  <div class='ocr_page' id='page_1' title='image "./corpusscriptoru27wissgoog_0255.png"; bbox 0 0 3159 4984; ppageno 0'>
   <div class='ocr_carea' id='block_1_1' title="bbox 824 423 2686 496">
    <p class='ocr_par' dir='ltr' id='par_1_1' title="bbox 824 423 2686 496">
     <span class='ocr_line' id='line_1_1' title="bbox 824 423 2686 496; baseline 0.004 -19"><span class='ocrx_word' id='word_1_1' title='bbox 824 424 887 480; x_wconf 83' lang='lat' dir='ltr'><strong>V.</strong></span> <span class='ocrx_word' id='word_1_2' title='bbox 947 423 1235 479; x_wconf 84' lang='lat' dir='ltr'><strong>Contra</strong></span> <span class='ocrx_word' id='word_1_3' title='bbox 1291 426 1719 496; x_wconf 81' lang='lat' dir='ltr'><strong>epistulam</strong></span> <span class='ocrx_word' id='word_1_4' title='bbox 1776 424 2286 482; x_wconf 80' lang='lat' dir='ltr'><strong>fundamenti.</strong></span> <span class='ocrx_word' id='word_1_5' title='bbox 2560 430 2686 495; x_wconf 83' lang='lat'><strong>247</strong></span> 
     </span>
    </p>
   </div>
   <div class='ocr_carea' id='block_1_2' title="bbox 303 620 2739 3474">
    <p class='ocr_par' dir='ltr' id='par_1_2' title="bbox 303 620 2739 3474">
     <span class='ocr_line' id='line_1_2' title="bbox 399 620 2689 702; baseline 0.001 -18"><span class='ocrx_word' id='word_1_6' title='bbox 399 639 588 702; x_wconf 90' lang='lat' dir='ltr'><strong>quem</strong></span> <span class='ocrx_word' id='word_1_7' title='bbox 671 620 728 685; x_wconf 91' lang='lat' dir='ltr'><strong>si</strong></span> <span class='ocrx_word' id='word_1_8' title='bbox 813 621 1128 686; x_wconf 87' lang='lat' dir='ltr'><strong>confiteris</strong></span> <span class='ocrx_word' id='word_1_9' title='bbox 1205 640 1453 686; x_wconf 90' lang='lat' dir='ltr'><strong>summe</strong></span> <span class='ocrx_word' id='word_1_10' title='bbox 1521 638 1682 699; x_wconf 87' lang='lat' dir='ltr'><strong>esse,</strong></span> <span class='ocrx_word' id='word_1_11' title='bbox 1748 620 1930 687; x_wconf 89' lang='lat' dir='ltr'><strong>uides</strong></span> <span class='ocrx_word' id='word_1_12' title='bbox 2006 622 2065 686; x_wconf 90' lang='lat' dir='ltr'><strong>ei</strong></span> <span class='ocrx_word' id='word_1_13' title='bbox 2140 641 2262 687; x_wconf 90' lang='lat' dir='ltr'><strong>non</strong></span> <span class='ocrx_word' id='word_1_14' title='bbox 2336 640 2477 687; x_wconf 91' lang='lat' dir='ltr'><strong>esse</strong></span> <span class='ocrx_word' id='word_1_15' title='bbox 2545 642 2689 687; x_wconf 89' lang='lat' dir='ltr'><strong>con-</strong></span> 
     </span>
     <span class='ocr_line' id='line_1_3' title="bbox 403 726 712 791; baseline 0 0"><span class='ocrx_word' id='word_1_16' title='bbox 403 726 664 791; x_wconf 86' lang='lat' dir='ltr'><strong>trarium</strong></span> <span class='ocrx_word' id='word_1_17' title='bbox 682 730 712 791; x_wconf 78' lang='lat' dir='ltr'>P</span> 
     </span>
     <span class='ocr_line' id='line_1_4' title="bbox 485 832 2687 919; baseline 0 -20"><span class='ocrx_word' id='word_1_18' title='bbox 485 835 594 899; x_wconf 88' lang='grc'><strong>41.</strong></span> <span class='ocrx_word' id='word_1_19' title='bbox 661 832 788 899; x_wconf 84' lang='lat' dir='ltr'><strong>Cur</strong></span> <span class='ocrx_word' id='word_1_20' title='bbox 833 852 1004 919; x_wconf 89' lang='lat' dir='ltr'><strong>ergo,</strong></span> <span class='ocrx_word' id='word_1_21' title='bbox 1053 833 1283 917; x_wconf 79' lang='lat' dir='ltr'><strong>inquis,</strong></span> <span class='ocrx_word' id='word_1_22' title='bbox 1335 832 1503 915; x_wconf 89' lang='lat' dir='ltr'><strong>quod</strong></span> <span class='ocrx_word' id='word_1_23' title='bbox 1558 836 1820 898; x_wconf 87' lang='lat' dir='ltr'><strong>naturae</strong></span> <span class='ocrx_word' id='word_1_24' title='bbox 1876 832 2034 899; x_wconf 88' lang='lat' dir='ltr'><strong>deus</strong></span> <span class='ocrx_word' id='word_1_25' title='bbox 2093 833 2291 911; x_wconf 87' lang='lat' dir='ltr'><strong>dedit,</strong></span> <span class='ocrx_word' id='word_1_26' title='bbox 2338 834 2511 900; x_wconf 87' lang='lat' dir='ltr'><strong>tollit</strong></span> <span class='ocrx_word' id='word_1_27' title='bbox 2556 853 2687 900; x_wconf 87' lang='lat' dir='ltr'><strong>cor—</strong></span> 
     </span>
     <span class='ocr_line' id='line_1_5' title="bbox 396 937 2685 1025; baseline 0 -20"><span class='ocrx_word' id='word_1_28' title='bbox 396 940 651 1025; x_wconf 80' lang='lat' dir='ltr'><strong>ruptio?</strong></span> <span class='ocrx_word' id='word_1_29' title='bbox 691 957 815 1004; x_wconf 88' lang='lat' dir='ltr'><strong>non</strong></span> <span class='ocrx_word' id='word_1_30' title='bbox 850 938 1044 1016; x_wconf 87' lang='lat' dir='ltr'><strong>tollit,</strong></span> <span class='ocrx_word' id='word_1_31' title='bbox 1087 937 1209 1005; x_wconf 88' lang='lat' dir='ltr'><strong>nisi</strong></span> <span class='ocrx_word' id='word_1_32' title='bbox 1245 938 1358 1004; x_wconf 90' lang='lat' dir='ltr'><strong>ubi</strong></span> <span class='ocrx_word' id='word_1_33' title='bbox 1396 940 1709 1023; x_wconf 89' lang='lat' dir='ltr'><strong>permittit</strong></span> <span class='ocrx_word' id='word_1_34' title='bbox 1746 940 1933 1017; x_wconf 88' lang='lat' dir='ltr'><strong>deus;</strong></span> <span class='ocrx_word' id='word_1_35' title='bbox 1970 940 2062 1005; x_wconf 90' lang='lat' dir='ltr'><strong>ibi</strong></span> <span class='ocrx_word' id='word_1_36' title='bbox 2101 944 2315 1005; x_wconf 89' lang='lat' dir='ltr'><strong>autem</strong></span> <span class='ocrx_word' id='word_1_37' title='bbox 2352 940 2685 1025; x_wconf 88' lang='lat' dir='ltr'><strong>permittit,</strong></span> 
     </span>
     <span class='ocr_line' id='line_1_6' title="bbox 328 1046 2689 1133; baseline 0.001 -21"><span class='ocrx_word' id='word_1_38' title='bbox 328 1065 356 1101; x_wconf 74' lang='lat'>⁵</span> <span class='ocrx_word' id='word_1_39' title='bbox 397 1048 509 1113; x_wconf 93' lang='lat' dir='ltr'><strong>ubi</strong></span> <span class='ocrx_word' id='word_1_40' title='bbox 556 1047 1102 1113; x_wconf 88' lang='lat' dir='ltr'><strong>ordinatissimum</strong></span> <span class='ocrx_word' id='word_1_41' title='bbox 1142 1049 1207 1111; x_wconf 92' lang='lat' dir='ltr'><strong>et</strong></span> <span class='ocrx_word' id='word_1_42' title='bbox 1241 1046 1675 1112; x_wconf 86' lang='lat' dir='ltr'><strong>iustissimum</strong></span> <span class='ocrx_word' id='word_1_43' title='bbox 1711 1048 1955 1113; x_wconf 89' lang='lat' dir='ltr'><strong>iudicat</strong></span> <span class='ocrx_word' id='word_1_44' title='bbox 1988 1067 2103 1133; x_wconf 90' lang='lat' dir='ltr'><strong>pro</strong></span> <span class='ocrx_word' id='word_1_45' title='bbox 2141 1067 2351 1113; x_wconf 87' lang='lat' dir='ltr'><strong>rerum</strong></span> <span class='ocrx_word' id='word_1_46' title='bbox 2388 1048 2689 1133; x_wconf 82' lang='lat' dir='ltr'>gradibus</span> 
     </span>
     <span class='ocr_line' id='line_1_7' title="bbox 399 1153 2689 1239; baseline 0 -20"><span class='ocrx_word' id='word_1_47' title='bbox 399 1157 466 1219; x_wconf 91' lang='lat' dir='ltr'><strong>et</strong></span> <span class='ocrx_word' id='word_1_48' title='bbox 507 1173 620 1238; x_wconf 86' lang='lat' dir='ltr'><strong>pro</strong></span> <span class='ocrx_word' id='word_1_49' title='bbox 667 1153 914 1218; x_wconf 88' lang='lat' dir='ltr'><strong>meritis</strong></span> <span class='ocrx_word' id='word_1_50' title='bbox 963 1153 1336 1221; x_wconf 88' lang='lat' dir='ltr'><strong>animarum.</strong></span> <span class='ocrx_word' id='word_1_51' title='bbox 1390 1172 1534 1217; x_wconf 90' lang='lat' dir='ltr'><strong>nam</strong></span> <span class='ocrx_word' id='word_1_52' title='bbox 1586 1156 1651 1218; x_wconf 92' lang='lat' dir='ltr'><strong>et</strong></span> <span class='ocrx_word' id='word_1_53' title='bbox 1696 1154 1941 1239; x_wconf 89' lang='lat' dir='ltr'><strong>species</strong></span> <span class='ocrx_word' id='word_1_54' title='bbox 1988 1154 2168 1221; x_wconf 88' lang='lat' dir='ltr'><strong>uocis</strong></span> <span class='ocrx_word' id='word_1_55' title='bbox 2208 1154 2477 1220; x_wconf 81' lang='lat' dir='ltr'><strong>emissae</strong></span> <span class='ocrx_word' id='word_1_56' title='bbox 2514 1174 2689 1238; x_wconf 90' lang='lat' dir='ltr'><strong>prae-</strong></span> 
     </span>
     <span class='ocr_line' id='line_1_8' title="bbox 399 1260 2689 1345; baseline 0 -20"><span class='ocrx_word' id='word_1_57' title='bbox 399 1261 552 1326; x_wconf 89' lang='lat' dir='ltr'><strong>terit</strong></span> <span class='ocrx_word' id='word_1_58' title='bbox 599 1264 664 1325; x_wconf 89' lang='lat' dir='ltr'><strong>et</strong></span> <span class='ocrx_word' id='word_1_59' title='bbox 710 1260 964 1327; x_wconf 86' lang='lat' dir='ltr'><strong>silentio</strong></span> <span class='ocrx_word' id='word_1_60' title='bbox 1011 1260 1382 1344; x_wconf 87' lang='lat' dir='ltr'><strong>perimitur;</strong></span> <span class='ocrx_word' id='word_1_61' title='bbox 1433 1263 1498 1325; x_wconf 89' lang='lat' dir='ltr'><strong>et</strong></span> <span class='ocrx_word' id='word_1_62' title='bbox 1531 1264 1746 1325; x_wconf 89' lang='lat' dir='ltr'><strong>tamen</strong></span> <span class='ocrx_word' id='word_1_63' title='bbox 1784 1278 1990 1325; x_wconf 89' lang='lat' dir='ltr'><strong>sermo</strong></span> <span class='ocrx_word' id='word_1_64' title='bbox 2028 1264 2247 1327; x_wconf 88' lang='lat' dir='ltr'><strong>noster</strong></span> <span class='ocrx_word' id='word_1_65' title='bbox 2283 1264 2347 1325; x_wconf 89' lang='lat' dir='ltr'><strong>et</strong></span> <span class='ocrx_word' id='word_1_66' title='bbox 2379 1263 2689 1345; x_wconf 90' lang='lat' dir='ltr'><strong>praetere-</strong></span> 
     </span>
     <span class='ocr_line' id='line_1_9' title="bbox 395 1366 2689 1453; baseline 0 -19"><span class='ocrx_word' id='word_1_67' title='bbox 395 1368 652 1434; x_wconf 84' lang='lat' dir='ltr'><strong>untium</strong></span> <span class='ocrx_word' id='word_1_68' title='bbox 697 1367 1040 1432; x_wconf 89' lang='lat' dir='ltr'><strong>uerborum</strong></span> <span class='ocrx_word' id='word_1_69' title='bbox 1087 1366 1461 1432; x_wconf 79' lang='lat' dir='ltr'><strong>decessione</strong></span> <span class='ocrx_word' id='word_1_70' title='bbox 1508 1386 1580 1432; x_wconf 90' lang='lat' dir='ltr'><strong>ac</strong></span> <span class='ocrx_word' id='word_1_71' title='bbox 1628 1368 2032 1433; x_wconf 82' lang='lat' dir='ltr'><strong>successione</strong></span> <span class='ocrx_word' id='word_1_72' title='bbox 2078 1368 2404 1453; x_wconf 79' lang='lat' dir='ltr'><strong>peragitur</strong></span> <span class='ocrx_word' id='word_1_73' title='bbox 2448 1371 2513 1433; x_wconf 91' lang='lat' dir='ltr'><strong>et</strong></span> <span class='ocrx_word' id='word_1_74' title='bbox 2556 1388 2689 1434; x_wconf 90' lang='lat' dir='ltr'><strong>mo-</strong></span> 
     </span>
     <span class='ocr_line' id='line_1_10' title="bbox 399 1473 2687 1559; baseline 0 -19"><span class='ocrx_word' id='word_1_75' title='bbox 399 1474 634 1540; x_wconf 88' lang='lat' dir='ltr'><strong>deratis</strong></span> <span class='ocrx_word' id='word_1_76' title='bbox 663 1473 1064 1539; x_wconf 80' lang='lat' dir='ltr'><strong>silentiorum</strong></span> <span class='ocrx_word' id='word_1_77' title='bbox 1096 1474 1452 1539; x_wconf 86' lang='lat' dir='ltr'><strong>interuallis</strong></span> <span class='ocrx_word' id='word_1_78' title='bbox 1482 1473 1779 1539; x_wconf 88' lang='lat' dir='ltr'><strong>decenter</strong></span> <span class='ocrx_word' id='word_1_79' title='bbox 1814 1475 2223 1559; x_wconf 86' lang='lat' dir='ltr'><strong>suauiterque</strong></span> <span class='ocrx_word' id='word_1_80' title='bbox 2256 1474 2687 1559; x_wconf 81' lang='lat' dir='ltr'><strong>distinguitur.</strong></span> 
     </span>
     <span class='ocr_line' id='line_1_11' title="bbox 303 1580 2685 1665; baseline 0 -20"><span class='ocrx_word' id='word_1_81' title='bbox 303 1596 358 1636; x_wconf 83' lang='lat'><strong>1⁰</strong></span> <span class='ocrx_word' id='word_1_82' title='bbox 400 1581 494 1646; x_wconf 91' lang='lat' dir='ltr'><strong>ita</strong></span> <span class='ocrx_word' id='word_1_83' title='bbox 539 1600 680 1647; x_wconf 86' lang='lat' dir='ltr'><strong>sese</strong></span> <span class='ocrx_word' id='word_1_84' title='bbox 727 1580 920 1645; x_wconf 86' lang='lat' dir='ltr'><strong>habet</strong></span> <span class='ocrx_word' id='word_1_85' title='bbox 966 1580 1158 1644; x_wconf 87' lang='lat' dir='ltr'><strong>etiam</strong></span> <span class='ocrx_word' id='word_1_86' title='bbox 1207 1580 1656 1665; x_wconf 77' lang='lat' dir='ltr'><strong>temporalium</strong></span> <span class='ocrx_word' id='word_1_87' title='bbox 1710 1584 2088 1645; x_wconf 88' lang='lat' dir='ltr'><strong>natururum</strong></span> <span class='ocrx_word' id='word_1_88' title='bbox 2141 1580 2359 1645; x_wconf 86' lang='lat' dir='ltr'><strong>infima</strong></span> <span class='ocrx_word' id='word_1_89' title='bbox 2409 1581 2685 1664; x_wconf 88' lang='lat' dir='ltr'><strong>pulchri-</strong></span> 
     </span>
     <span class='ocr_line' id='line_1_12' title="bbox 398 1686 2687 1771; baseline 0 -18"><span class='ocrx_word' id='word_1_90' title='bbox 398 1688 575 1766; x_wconf 88' lang='lat' dir='ltr'><strong>tudo,</strong></span> <span class='ocrx_word' id='word_1_91' title='bbox 608 1690 682 1751; x_wconf 92' lang='lat' dir='ltr'><strong>ut</strong></span> <span class='ocrx_word' id='word_1_92' title='bbox 706 1705 920 1751; x_wconf 88' lang='lat' dir='ltr'><strong>rerum</strong></span> <span class='ocrx_word' id='word_1_93' title='bbox 949 1686 1223 1751; x_wconf 87' lang='lat' dir='ltr'><strong>transitu</strong></span> <span class='ocrx_word' id='word_1_94' title='bbox 1250 1689 1590 1771; x_wconf 81' lang='lat' dir='ltr'><strong>peragatur</strong></span> <span class='ocrx_word' id='word_1_95' title='bbox 1626 1691 1691 1751; x_wconf 90' lang='lat' dir='ltr'><strong>et</strong></span> <span class='ocrx_word' id='word_1_96' title='bbox 1729 1686 2155 1771; x_wconf 82' lang='lat' dir='ltr'><strong>distinguatur</strong></span> <span class='ocrx_word' id='word_1_97' title='bbox 2190 1690 2391 1753; x_wconf 87' lang='lat' dir='ltr'><strong>morte</strong></span> <span class='ocrx_word' id='word_1_98' title='bbox 2428 1706 2687 1753; x_wconf 88' lang='lat' dir='ltr'><strong>nascen-</strong></span> 
     </span>
     <span class='ocr_line' id='line_1_13' title="bbox 399 1791 2685 1879; baseline 0 -20"><span class='ocrx_word' id='word_1_99' title='bbox 399 1795 580 1859; x_wconf 89' lang='lat' dir='ltr'><strong>tium.</strong></span> <span class='ocrx_word' id='word_1_100' title='bbox 632 1794 814 1859; x_wconf 88' lang='lat' dir='ltr'><strong>cuius</strong></span> <span class='ocrx_word' id='word_1_101' title='bbox 859 1791 1356 1878; x_wconf 82' lang='lat' dir='ltr'><strong>pulchritudinis</strong></span> <span class='ocrx_word' id='word_1_102' title='bbox 1405 1793 1688 1858; x_wconf 88' lang='lat' dir='ltr'><strong>ordinem</strong></span> <span class='ocrx_word' id='word_1_103' title='bbox 1736 1796 1802 1858; x_wconf 89' lang='lat' dir='ltr'><strong>et</strong></span> <span class='ocrx_word' id='word_1_104' title='bbox 1846 1793 2070 1859; x_wconf 90' lang='lat' dir='ltr'><strong>modos</strong></span> <span class='ocrx_word' id='word_1_105' title='bbox 2102 1794 2175 1858; x_wconf 72' lang='lat' dir='ltr'><strong>=si</strong></span> <span class='ocrx_word' id='word_1_106' title='bbox 2210 1797 2430 1877; x_wconf 90' lang='lat' dir='ltr'><strong>posset</strong></span> <span class='ocrx_word' id='word_1_107' title='bbox 2466 1814 2685 1879; x_wconf 87' lang='lat' dir='ltr'><strong>capere</strong></span> 
     </span>
     <span class='ocr_line' id='line_1_14' title="bbox 399 1899 2685 1983; baseline 0.001 -18"><span class='ocrx_word' id='word_1_108' title='bbox 399 1918 626 1965; x_wconf 86' lang='lat' dir='ltr'><strong>sensus</strong></span> <span class='ocrx_word' id='word_1_109' title='bbox 673 1904 890 1966; x_wconf 89' lang='lat' dir='ltr'><strong>noster</strong></span> <span class='ocrx_word' id='word_1_110' title='bbox 935 1902 1124 1983; x_wconf 90' lang='lat' dir='ltr'><strong>atque</strong></span> <span class='ocrx_word' id='word_1_111' title='bbox 1170 1900 1495 1977; x_wconf 84' lang='lat' dir='ltr'><strong>memoria,</strong></span> <span class='ocrx_word' id='word_1_112' title='bbox 1523 1900 1637 1964; x_wconf 66' lang='lat' dir='ltr'><strong>»ita</strong></span> <span class='ocrx_word' id='word_1_113' title='bbox 1680 1899 1863 1965; x_wconf 87' lang='lat' dir='ltr'><strong>nobis</strong></span> <span class='ocrx_word' id='word_1_114' title='bbox 1911 1900 2207 1982; x_wconf 82' lang='lat' dir='ltr'><strong>placeret,</strong></span> <span class='ocrx_word' id='word_1_115' title='bbox 2256 1904 2332 1965; x_wconf 90' lang='lat' dir='ltr'><strong>ut</strong></span> <span class='ocrx_word' id='word_1_116' title='bbox 2378 1901 2685 1980; x_wconf 88' lang='lat' dir='ltr'><strong>defectus,</strong></span> 
     </span>
     <span class='ocr_line' id='line_1_15' title="bbox 399 2006 2691 2091; baseline 0.001 -21"><span class='ocrx_word' id='word_1_117' title='bbox 399 2006 631 2089; x_wconf 88' lang='lat' dir='ltr'><strong>quibus</strong></span> <span class='ocrx_word' id='word_1_118' title='bbox 680 2006 1114 2091; x_wconf 82' lang='lat' dir='ltr'><strong>distinguitur,</strong></span> <span class='ocrx_word' id='word_1_119' title='bbox 1163 2024 1280 2071; x_wconf 86' lang='lat' dir='ltr'><strong>nec</strong></span> <span class='ocrx_word' id='word_1_120' title='bbox 1319 2007 1754 2091; x_wconf 88' lang='lat' dir='ltr'><strong>corruptiones</strong></span> <span class='ocrx_word' id='word_1_121' title='bbox 1793 2024 2021 2072; x_wconf 88' lang='lat' dir='ltr'><strong>uocare</strong></span> <span class='ocrx_word' id='word_1_122' title='bbox 2058 2006 2471 2083; x_wconf 77' lang='lat' dir='ltr'><strong>auderemus3</strong></span> <span class='ocrx_word' id='word_1_123' title='bbox 2520 2008 2691 2091; x_wconf 92' lang='lat' dir='ltr'><strong>quod</strong></span> 
     </span>
     <span class='ocr_line' id='line_1_16' title="bbox 305 2112 2691 2197; baseline 0.003 -25"><span class='ocrx_word' id='word_1_124' title='bbox 305 2132 358 2172; x_wconf 67' lang='grc' dir='ltr'><strong>ιτ»</strong></span> <span class='ocrx_word' id='word_1_125' title='bbox 400 2116 615 2177; x_wconf 88' lang='lat' dir='ltr'><strong>autem</strong></span> <span class='ocrx_word' id='word_1_126' title='bbox 649 2114 716 2177; x_wconf 89' lang='lat' dir='ltr'><strong>in</strong></span> <span class='ocrx_word' id='word_1_127' title='bbox 754 2113 892 2179; x_wconf 89' lang='lat' dir='ltr'><strong>eius</strong></span> <span class='ocrx_word' id='word_1_128' title='bbox 928 2112 1423 2197; x_wconf 86' lang='lat' dir='ltr'><strong>pulchritudinis</strong></span> <span class='ocrx_word' id='word_1_129' title='bbox 1459 2116 1638 2197; x_wconf 88' lang='lat' dir='ltr'><strong>parte</strong></span> <span class='ocrx_word' id='word_1_130' title='bbox 1675 2113 2062 2191; x_wconf 81' lang='lat' dir='ltr'><strong>laboramus,</strong></span> <span class='ocrx_word' id='word_1_131' title='bbox 2105 2113 2256 2178; x_wconf 90' lang='lat' dir='ltr'><strong>dum</strong></span> <span class='ocrx_word' id='word_1_132' title='bbox 2284 2133 2401 2179; x_wconf 92' lang='lat' dir='ltr'><strong>nos</strong></span> <span class='ocrx_word' id='word_1_133' title='bbox 2429 2114 2691 2181; x_wconf 86' lang='lat' dir='ltr'><strong>fluentia</strong></span> 
     </span>
     <span class='ocr_line' id='line_1_17' title="bbox 400 2219 2687 2305; baseline 0.001 -20"><span class='ocrx_word' id='word_1_134' title='bbox 400 2220 700 2285; x_wconf 89' lang='lat' dir='ltr'><strong>deserunt</strong></span> <span class='ocrx_word' id='word_1_135' title='bbox 735 2219 1127 2303; x_wconf 86' lang='lat' dir='ltr'><strong>temporalia,</strong></span> <span class='ocrx_word' id='word_1_136' title='bbox 1160 2238 1320 2302; x_wconf 90' lang='lat' dir='ltr'><strong>quae</strong></span> <span class='ocrx_word' id='word_1_137' title='bbox 1359 2219 1709 2305; x_wconf 88' lang='lat' dir='ltr'><strong>diligimus,</strong></span> <span class='ocrx_word' id='word_1_138' title='bbox 1737 2221 2145 2303; x_wconf 87' lang='lat' dir='ltr'><strong>peccatorum</strong></span> <span class='ocrx_word' id='word_1_139' title='bbox 2174 2238 2409 2303; x_wconf 89' lang='lat' dir='ltr'><strong>poenas</strong></span> <span class='ocrx_word' id='word_1_140' title='bbox 2446 2220 2687 2287; x_wconf 90' lang='lat' dir='ltr'><strong>luimus</strong></span> 
     </span>
     <span class='ocr_line' id='line_1_18' title="bbox 399 2325 1751 2411; baseline -0.001 -20"><span class='ocrx_word' id='word_1_141' title='bbox 399 2328 463 2391; x_wconf 94' lang='lat' dir='ltr'><strong>et</strong></span> <span class='ocrx_word' id='word_1_142' title='bbox 510 2326 896 2411; x_wconf 89' lang='lat' dir='ltr'><strong>sempiterna</strong></span> <span class='ocrx_word' id='word_1_143' title='bbox 942 2325 1204 2410; x_wconf 90' lang='lat' dir='ltr'><strong>diligere</strong></span> <span class='ocrx_word' id='word_1_144' title='bbox 1253 2345 1751 2392; x_wconf 89' lang='lat' dir='ltr'><strong>commonemur.</strong></span> 
     </span>
     <span class='ocr_line' id='line_1_19' title="bbox 487 2432 2687 2518; baseline 0 -19"><span class='ocrx_word' id='word_1_145' title='bbox 487 2436 594 2499; x_wconf 86' lang='lat'><strong>42.</strong></span> <span class='ocrx_word' id='word_1_146' title='bbox 661 2434 803 2500; x_wconf 86' lang='lat' dir='ltr'><strong>Non</strong></span> <span class='ocrx_word' id='word_1_147' title='bbox 863 2452 1013 2518; x_wconf 88' lang='lat' dir='ltr'><strong>ergo</strong></span> <span class='ocrx_word' id='word_1_148' title='bbox 1068 2434 1134 2497; x_wconf 90' lang='lat' dir='ltr'><strong>in</strong></span> <span class='ocrx_word' id='word_1_149' title='bbox 1187 2433 1308 2499; x_wconf 89' lang='lat' dir='ltr'><strong>hac</strong></span> <span class='ocrx_word' id='word_1_150' title='bbox 1363 2432 1835 2517; x_wconf 86' lang='lat' dir='ltr'><strong>pulchritudine</strong></span> <span class='ocrx_word' id='word_1_151' title='bbox 1892 2451 2288 2516; x_wconf 86' lang='lat' dir='ltr'><strong>quaeramus,</strong></span> <span class='ocrx_word' id='word_1_152' title='bbox 2346 2433 2517 2518; x_wconf 90' lang='lat' dir='ltr'><strong>quod</strong></span> <span class='ocrx_word' id='word_1_153' title='bbox 2562 2454 2687 2501; x_wconf 89' lang='lat' dir='ltr'><strong>non</strong></span> 
     </span>
     <span class='ocr_line' id='line_1_20' title="bbox 400 2540 2687 2625; baseline 0.001 -21"><span class='ocrx_word' id='word_1_154' title='bbox 400 2541 684 2625; x_wconf 88' lang='lat' dir='ltr'><strong>accepit;</strong></span> <span class='ocrx_word' id='word_1_155' title='bbox 751 2558 910 2623; x_wconf 88' lang='lat' dir='ltr'><strong>quae</strong></span> <span class='ocrx_word' id='word_1_156' title='bbox 975 2540 1120 2605; x_wconf 89' lang='lat' dir='ltr'><strong>ideo</strong></span> <span class='ocrx_word' id='word_1_157' title='bbox 1185 2540 1403 2605; x_wconf 86' lang='lat' dir='ltr'><strong>infima</strong></span> <span class='ocrx_word' id='word_1_158' title='bbox 1465 2543 1593 2619; x_wconf 89' lang='lat' dir='ltr'><strong>est,</strong></span> <span class='ocrx_word' id='word_1_159' title='bbox 1662 2540 1811 2623; x_wconf 85' lang='lat' dir='ltr'><strong>quia</strong></span> <span class='ocrx_word' id='word_1_160' title='bbox 1875 2540 2043 2623; x_wconf 90' lang='lat' dir='ltr'><strong>quod</strong></span> <span class='ocrx_word' id='word_1_161' title='bbox 2106 2540 2497 2623; x_wconf 77' lang='lat' dir='ltr'><strong>quaerimuS,</strong></span> <span class='ocrx_word' id='word_1_162' title='bbox 2563 2561 2687 2607; x_wconf 90' lang='lat' dir='ltr'><strong>non</strong></span> 
     </span>
     <span class='ocr_line' id='line_1_21' title="bbox 305 2646 2689 2731; baseline -0 -19"><span class='ocrx_word' id='word_1_163' title='bbox 305 2664 360 2704; x_wconf 73' lang='lat'><strong>2⁰</strong></span> <span class='ocrx_word' id='word_1_164' title='bbox 402 2648 683 2731; x_wconf 89' lang='lat' dir='ltr'><strong>accepit;</strong></span> <span class='ocrx_word' id='word_1_165' title='bbox 734 2651 799 2713; x_wconf 90' lang='lat' dir='ltr'><strong>et</strong></span> <span class='ocrx_word' id='word_1_166' title='bbox 841 2648 907 2712; x_wconf 89' lang='lat' dir='ltr'><strong>in</strong></span> <span class='ocrx_word' id='word_1_167' title='bbox 956 2666 1051 2726; x_wconf 92' lang='lat' dir='ltr'><strong>eo,</strong></span> <span class='ocrx_word' id='word_1_168' title='bbox 1102 2646 1272 2731; x_wconf 89' lang='lat' dir='ltr'><strong>quod</strong></span> <span class='ocrx_word' id='word_1_169' title='bbox 1318 2648 1580 2731; x_wconf 88' lang='lat' dir='ltr'><strong>accepit,</strong></span> <span class='ocrx_word' id='word_1_170' title='bbox 1627 2647 1964 2712; x_wconf 88' lang='lat' dir='ltr'><strong>laudemus</strong></span> <span class='ocrx_word' id='word_1_171' title='bbox 2005 2647 2216 2726; x_wconf 91' lang='lat' dir='ltr'><strong>deum,</strong></span> <span class='ocrx_word' id='word_1_172' title='bbox 2255 2646 2405 2729; x_wconf 89' lang='lat' dir='ltr'><strong>quia</strong></span> <span class='ocrx_word' id='word_1_173' title='bbox 2438 2649 2689 2731; x_wconf 83' lang='lat' dir='ltr'><strong>tantum</strong></span> 
     </span>
     <span class='ocr_line' id='line_1_22' title="bbox 399 2744 2739 2837; baseline -0.001 -18"><span class='ocrx_word' id='word_1_174' title='bbox 399 2755 636 2837; x_wconf 89' lang='lat' dir='ltr'><strong>speciei</strong></span> <span class='ocrx_word' id='word_1_175' title='bbox 671 2755 912 2821; x_wconf 89' lang='lat' dir='ltr'><strong>bonum</strong></span> <span class='ocrx_word' id='word_1_176' title='bbox 952 2752 1144 2820; x_wconf 89' lang='lat' dir='ltr'><strong>etiam</strong></span> <span class='ocrx_word' id='word_1_177' title='bbox 1183 2751 1334 2817; x_wconf 91' lang='lat' dir='ltr'><strong>huic</strong></span> <span class='ocrx_word' id='word_1_178' title='bbox 1373 2753 1667 2835; x_wconf 86' lang='lat' dir='ltr'><strong>quamuis</strong></span> <span class='ocrx_word' id='word_1_179' title='bbox 1703 2753 1957 2818; x_wconf 89' lang='lat' dir='ltr'><strong>infimae</strong></span> <span class='ocrx_word' id='word_1_180' title='bbox 1995 2752 2189 2820; x_wconf 87' lang='lat' dir='ltr'><strong>dedit.</strong></span> <span class='ocrx_word' id='word_1_181' title='bbox 2229 2771 2344 2818; x_wconf 90' lang='lat' dir='ltr'><strong>nec</strong></span> <span class='ocrx_word' id='word_1_182' title='bbox 2382 2752 2441 2817; x_wconf 89' lang='lat' dir='ltr'><strong>ei</strong></span> <span class='ocrx_word' id='word_1_183' title='bbox 2474 2756 2687 2817; x_wconf 88' lang='lat' dir='ltr'><strong>tamen</strong></span> <span class='ocrx_word' id='word_1_184' title='bbox 2736 2744 2739 2749; x_wconf 70' lang='grc'><strong>’</strong></span> 
     </span>
     <span class='ocr_line' id='line_1_23' title="bbox 397 2859 2687 2939; baseline -0.001 -14"><span class='ocrx_word' id='word_1_185' title='bbox 397 2864 475 2925; x_wconf 87' lang='lat' dir='ltr'><strong>ut</strong></span> <span class='ocrx_word' id='word_1_186' title='bbox 537 2866 851 2927; x_wconf 85' lang='lat' dir='ltr'><strong>amatores</strong></span> <span class='ocrx_word' id='word_1_187' title='bbox 918 2861 1056 2926; x_wconf 90' lang='lat' dir='ltr'><strong>eius</strong></span> <span class='ocrx_word' id='word_1_188' title='bbox 1123 2859 1587 2939; x_wconf 73' lang='lat' dir='ltr'><strong>inhaereamus,</strong></span> <span class='ocrx_word' id='word_1_189' title='bbox 1654 2860 1768 2926; x_wconf 89' lang='lat' dir='ltr'><strong>sed</strong></span> <span class='ocrx_word' id='word_1_190' title='bbox 1832 2866 1908 2925; x_wconf 90' lang='lat' dir='ltr'><strong>ut</strong></span> <span class='ocrx_word' id='word_1_191' title='bbox 1967 2860 2069 2926; x_wconf 81' lang='lat' dir='ltr'><strong>dei</strong></span> <span class='ocrx_word' id='word_1_192' title='bbox 2130 2860 2492 2925; x_wconf 85' lang='lat' dir='ltr'><strong>laudatores</strong></span> <span class='ocrx_word' id='word_1_193' title='bbox 2548 2878 2687 2923; x_wconf 89' lang='lat' dir='ltr'><strong>eam</strong></span> 
     </span>
     <span class='ocr_line' id='line_1_24' title="bbox 397 2963 2688 3051; baseline -0.001 -19"><span class='ocrx_word' id='word_1_194' title='bbox 397 2966 951 3051; x_wconf 87' lang='lat' dir='ltr'><strong>transgrediamur,</strong></span> <span class='ocrx_word' id='word_1_195' title='bbox 1021 2968 1096 3030; x_wconf 93' lang='lat' dir='ltr'><strong>ut</strong></span> <span class='ocrx_word' id='word_1_196' title='bbox 1160 2982 1350 3049; x_wconf 89' lang='lat' dir='ltr'><strong>supra</strong></span> <span class='ocrx_word' id='word_1_197' title='bbox 1416 2984 1556 3029; x_wconf 88' lang='lat' dir='ltr'><strong>eam</strong></span> <span class='ocrx_word' id='word_1_198' title='bbox 1622 2964 1937 3031; x_wconf 87' lang='lat' dir='ltr'><strong>conlocati</strong></span> <span class='ocrx_word' id='word_1_199' title='bbox 1999 2965 2075 3030; x_wconf 93' lang='lat' dir='ltr'><strong>de</strong></span> <span class='ocrx_word' id='word_1_200' title='bbox 2138 2964 2251 3029; x_wconf 87' lang='lat' dir='ltr'><strong>illa</strong></span> <span class='ocrx_word' id='word_1_201' title='bbox 2310 2963 2688 3043; x_wconf 89' lang='lat' dir='ltr'><strong>iudicemus,</strong></span> 
     </span>
     <span class='ocr_line' id='line_1_25' title="bbox 399 3070 2687 3155; baseline 0 -18"><span class='ocrx_word' id='word_1_202' title='bbox 399 3092 525 3138; x_wconf 89' lang='lat' dir='ltr'><strong>non</strong></span> <span class='ocrx_word' id='word_1_203' title='bbox 565 3073 622 3138; x_wconf 90' lang='lat' dir='ltr'><strong>ei</strong></span> <span class='ocrx_word' id='word_1_204' title='bbox 653 3073 880 3153; x_wconf 56' lang='lat' dir='ltr'><strong>¹conexi</strong></span> <span class='ocrx_word' id='word_1_205' title='bbox 916 3072 981 3137; x_wconf 89' lang='lat' dir='ltr'><strong>in</strong></span> <span class='ocrx_word' id='word_1_206' title='bbox 1017 3072 1134 3136; x_wconf 88' lang='lat' dir='ltr'><strong>illa</strong></span> <span class='ocrx_word' id='word_1_207' title='bbox 1160 3072 1534 3141; x_wconf 86' lang='lat' dir='ltr'><strong>iudicemur.</strong></span> <span class='ocrx_word' id='word_1_208' title='bbox 1572 3072 2077 3155; x_wconf 85' lang='lat' dir='ltr'><strong>festinemusque</strong></span> <span class='ocrx_word' id='word_1_209' title='bbox 2115 3070 2195 3135; x_wconf 88' lang='lat' dir='ltr'><strong>ad</strong></span> <span class='ocrx_word' id='word_1_210' title='bbox 2230 3071 2395 3135; x_wconf 87' lang='lat' dir='ltr'><strong>illud</strong></span> <span class='ocrx_word' id='word_1_211' title='bbox 2426 3072 2687 3138; x_wconf 85' lang='lat' dir='ltr'><strong>bonum.</strong></span> 
     </span>
     <span class='ocr_line' id='line_1_26' title="bbox 307 3154 2688 3265; baseline -0.001 -21"><span class='ocrx_word' id='word_1_212' title='bbox 307 3196 360 3235; x_wconf 76' lang='lat'><strong>25</strong></span> <span class='ocrx_word' id='word_1_213' title='bbox 401 3180 570 3264; x_wconf 90' lang='lat' dir='ltr'><strong>quod</strong></span> <span class='ocrx_word' id='word_1_214' title='bbox 600 3154 718 3245; x_wconf 63' lang='lat' dir='ltr'><strong>nec</strong></span> <span class='ocrx_word' id='word_1_215' title='bbox 748 3179 908 3245; x_wconf 88' lang='lat' dir='ltr'><strong>loeis</strong></span> <span class='ocrx_word' id='word_1_216' title='bbox 949 3183 1276 3265; x_wconf 87' lang='lat' dir='ltr'><strong>grassatur</strong></span> <span class='ocrx_word' id='word_1_217' title='bbox 1309 3198 1425 3245; x_wconf 88' lang='lat' dir='ltr'><strong>nec</strong></span> <span class='ocrx_word' id='word_1_218' title='bbox 1461 3182 1747 3263; x_wconf 90' lang='lat' dir='ltr'><strong>tempore</strong></span> <span class='ocrx_word' id='word_1_219' title='bbox 1782 3179 2070 3245; x_wconf 89' lang='lat' dir='ltr'><strong>uoluitur</strong></span> <span class='ocrx_word' id='word_1_220' title='bbox 2104 3181 2172 3244; x_wconf 90' lang='lat' dir='ltr'><strong>et</strong></span> <span class='ocrx_word' id='word_1_221' title='bbox 2206 3177 2373 3243; x_wconf 88' lang='lat' dir='ltr'><strong>unde</strong></span> <span class='ocrx_word' id='word_1_222' title='bbox 2410 3177 2688 3261; x_wconf 87' lang='lat' dir='ltr'><strong>speciem</strong></span> 
     </span>
     <span class='ocr_line' id='line_1_27' title="bbox 395 3284 2689 3369; baseline -0.002 -18"><span class='ocrx_word' id='word_1_223' title='bbox 395 3287 786 3369; x_wconf 88' lang='lat' dir='ltr'><strong>formamque</strong></span> <span class='ocrx_word' id='word_1_224' title='bbox 853 3286 1173 3368; x_wconf 89' lang='lat' dir='ltr'><strong>accipiunt</strong></span> <span class='ocrx_word' id='word_1_225' title='bbox 1238 3303 1456 3351; x_wconf 88' lang='lat' dir='ltr'><strong>omnes</strong></span> <span class='ocrx_word' id='word_1_226' title='bbox 1521 3286 1765 3352; x_wconf 86' lang='lat' dir='ltr'><strong>locales</strong></span> <span class='ocrx_word' id='word_1_227' title='bbox 1831 3284 2341 3367; x_wconf 86' lang='lat' dir='ltr'><strong>temporalesque</strong></span> <span class='ocrx_word' id='word_1_228' title='bbox 2406 3284 2689 3347; x_wconf 88' lang='lat' dir='ltr'><strong>naturae.</strong></span> 
     </span>
     <span class='ocr_line' id='line_1_28' title="bbox 397 3388 2689 3474; baseline -0.001 -18"><span class='ocrx_word' id='word_1_229' title='bbox 397 3392 474 3456; x_wconf 87' lang='lat' dir='ltr'><strong>ad</strong></span> <span class='ocrx_word' id='word_1_230' title='bbox 530 3390 698 3474; x_wconf 91' lang='lat' dir='ltr'><strong>quod</strong></span> <span class='ocrx_word' id='word_1_231' title='bbox 752 3389 1101 3455; x_wconf 89' lang='lat' dir='ltr'><strong>uidendum</strong></span> <span class='ocrx_word' id='word_1_232' title='bbox 1157 3390 1538 3456; x_wconf 87' lang='lat' dir='ltr'><strong>mundemus</strong></span> <span class='ocrx_word' id='word_1_233' title='bbox 1600 3409 1708 3455; x_wconf 90' lang='lat' dir='ltr'><strong>cor</strong></span> <span class='ocrx_word' id='word_1_234' title='bbox 1765 3410 1877 3474; x_wconf 86' lang='lat' dir='ltr'><strong>per</strong></span> <span class='ocrx_word' id='word_1_235' title='bbox 1931 3389 2120 3454; x_wconf 92' lang='lat' dir='ltr'><strong>fidem</strong></span> <span class='ocrx_word' id='word_1_236' title='bbox 2187 3389 2423 3454; x_wconf 90' lang='lat' dir='ltr'><strong>domini</strong></span> <span class='ocrx_word' id='word_1_237' title='bbox 2486 3388 2689 3453; x_wconf 89' lang='lat' dir='ltr'><strong>nost-ri</strong></span> 
     </span>
    </p>
   </div>
   <div class='ocr_carea' id='block_1_3' title="bbox 391 3606 2683 3865">
    <p class='ocr_par' dir='ltr' id='par_1_3' title="bbox 391 3606 2683 3865">
     <span class='ocr_line' id='line_1_29' title="bbox 469 3606 2683 3680; baseline -0.002 -14"><span class='ocrx_word' id='word_1_238' title='bbox 469 3613 494 3666; x_wconf 92' lang='lat'>1</span> <span class='ocrx_word' id='word_1_239' title='bbox 525 3610 701 3680; x_wconf 86' lang='lat' dir='ltr'><strong>uides]</strong></span> <span class='ocrx_word' id='word_1_240' title='bbox 729 3613 793 3664; x_wconf 88' lang='lat' dir='ltr'><strong>ut</strong></span> <span class='ocrx_word' id='word_1_241' title='bbox 819 3608 914 3664; x_wconf 81' lang='lat' dir='ltr'><strong>des</strong></span> <span class='ocrx_word' id='word_1_242' title='bbox 933 3608 986 3663; x_wconf 99' lang='lat' dir='ltr'><em>T</em></span> <span class='ocrx_word' id='word_1_243' title='bbox 1051 3610 1084 3663; x_wconf 89' lang='lat'><strong>3</strong></span> <span class='ocrx_word' id='word_1_244' title='bbox 1113 3609 1316 3680; x_wconf 87' lang='lat' dir='ltr'><strong>quurP</strong></span> <span class='ocrx_word' id='word_1_245' title='bbox 1455 3608 1611 3663; x_wconf 89' lang='lat' dir='ltr'><strong>dedit</strong></span> <span class='ocrx_word' id='word_1_246' title='bbox 1639 3607 1771 3664; x_wconf 86' lang='lat' dir='ltr'><strong>deus</strong></span> <span class='ocrx_word' id='word_1_247' title='bbox 1784 3609 1853 3663; x_wconf 89' lang='lat' dir='ltr'><strong><em>H</em></strong></span> <span class='ocrx_word' id='word_1_248' title='bbox 1857 3606 2109 3663; x_wconf 80' lang='lat' dir='ltr'><strong><em>TVGSL</em></strong></span> <span class='ocrx_word' id='word_1_249' title='bbox 2182 3610 2215 3662; x_wconf 83' lang='lat'>5</span> <span class='ocrx_word' id='word_1_250' title='bbox 2242 3608 2597 3662; x_wconf 86' lang='lat' dir='ltr'><strong>iustissimum</strong></span> <span class='ocrx_word' id='word_1_251' title='bbox 2627 3612 2683 3662; x_wconf 90' lang='lat' dir='ltr'><strong>et</strong></span> 
     </span>
     <span class='ocr_line' id='line_1_30' title="bbox 393 3696 2681 3767; baseline -0.001 -13"><span class='ocrx_word' id='word_1_252' title='bbox 393 3699 848 3756; x_wconf 80' lang='lat' dir='ltr'><strong>ordinatissimum</strong></span> <span class='ocrx_word' id='word_1_253' title='bbox 876 3700 931 3753; x_wconf 87' lang='lat' dir='ltr'><strong><em>V</em></strong></span> <span class='ocrx_word' id='word_1_254' title='bbox 1034 3698 1066 3751; x_wconf 88' lang='grc'>6</span> <span class='ocrx_word' id='word_1_255' title='bbox 1105 3699 1301 3753; x_wconf 82' lang='lat' dir='ltr'><strong>emissa</strong></span> <span class='ocrx_word' id='word_1_256' title='bbox 1317 3697 1439 3753; x_wconf 87' lang='lat' dir='ltr'><strong>PH</strong></span> <span class='ocrx_word' id='word_1_257' title='bbox 1443 3697 1552 3751; x_wconf 87' lang='lat' dir='ltr'><strong>VT</strong></span> <span class='ocrx_word' id='word_1_258' title='bbox 1666 3698 1697 3751; x_wconf 87' lang='grc'><strong>7</strong></span> <span class='ocrx_word' id='word_1_259' title='bbox 1735 3702 1919 3753; x_wconf 90' lang='lat' dir='ltr'><strong>noster</strong></span> <span class='ocrx_word' id='word_1_260' title='bbox 1940 3698 2016 3767; x_wconf 92' lang='lat' dir='ltr'><strong>et]</strong></span> <span class='ocrx_word' id='word_1_261' title='bbox 2034 3699 2220 3752; x_wconf 89' lang='lat' dir='ltr'><strong>noster</strong></span> <span class='ocrx_word' id='word_1_262' title='bbox 2241 3712 2303 3750; x_wconf 85' lang='lat' dir='ltr'><strong>ex</strong></span> <span class='ocrx_word' id='word_1_263' title='bbox 2321 3696 2391 3751; x_wconf 87' lang='lat' dir='ltr'><strong><em>H</em></strong></span> <span class='ocrx_word' id='word_1_264' title='bbox 2395 3697 2444 3750; x_wconf 89' lang='lat' dir='ltr'><em>T</em></span> <span class='ocrx_word' id='word_1_265' title='bbox 2452 3696 2681 3752; x_wconf 77' lang='lat' dir='ltr'><strong><em>VSGRb</em></strong></span> 
     </span>
     <span class='ocr_line' id='line_1_31' title="bbox 391 3782 2681 3865; baseline -0.002 -23"><span class='ocrx_word' id='word_1_266' title='bbox 391 3788 670 3857; x_wconf 74' lang='lat' dir='ltr'><strong>peantium</strong></span> <span class='ocrx_word' id='word_1_267' title='bbox 717 3789 748 3843; x_wconf 87' lang='lat' dir='ltr'><strong><em>b</em></strong></span> <span class='ocrx_word' id='word_1_268' title='bbox 927 3788 961 3843; x_wconf 91' lang='grc'>8</span> <span class='ocrx_word' id='word_1_269' title='bbox 1017 3804 1079 3843; x_wconf 85' lang='lat' dir='ltr'><strong>ac</strong></span> <span class='ocrx_word' id='word_1_270' title='bbox 1132 3788 1465 3842; x_wconf 86' lang='lat' dir='ltr'><strong>successione</strong></span> <span class='ocrx_word' id='word_1_271' title='bbox 1520 3802 1625 3842; x_wconf 86' lang='lat' dir='ltr'><strong>om.</strong></span> <span class='ocrx_word' id='word_1_272' title='bbox 1682 3786 1730 3841; x_wconf 80' lang='lat' dir='ltr'><strong><em>S</em></strong></span> <span class='ocrx_word' id='word_1_273' title='bbox 1906 3789 1961 3840; x_wconf 90' lang='lat' dir='ltr'><strong>et</strong></span> <span class='ocrx_word' id='word_1_274' title='bbox 2015 3802 2118 3841; x_wconf 84' lang='lat' dir='ltr'><strong>om.</strong></span> <span class='ocrx_word' id='word_1_275' title='bbox 2174 3782 2335 3840; x_wconf 66' lang='grc' dir='ltr'><strong>ΗΕΒ</strong></span> <span class='ocrx_word' id='word_1_276' title='bbox 2481 3785 2546 3865; x_wconf 79' lang='grc'><strong>11</strong></span> <span class='ocrx_word' id='word_1_277' title='bbox 2607 3783 2681 3853; x_wconf 90' lang='lat' dir='ltr'><strong>et]</strong></span> 
     </span>
    </p>
   </div>
   <div class='ocr_carea' id='block_1_4' title="bbox 387 3866 2689 4420">
    <p class='ocr_par' dir='ltr' id='par_1_4' title="bbox 387 3866 2689 4420">
     <span class='ocr_line' id='line_1_32' title="bbox 391 3866 2688 3973; baseline -0.002 -16"><span class='ocrx_word' id='word_1_278' title='bbox 391 3870 454 3957; x_wconf 67' lang='lat' dir='ltr'><strong>dt</strong></span> <span class='ocrx_word' id='word_1_279' title='bbox 497 3907 662 3972; x_wconf 80' lang='lat' dir='ltr'><strong>(corr.</strong></span> <span class='ocrx_word' id='word_1_280' title='bbox 707 3921 776 3959; x_wconf 86' lang='lat' dir='ltr'><strong>m.</strong></span> <span class='ocrx_word' id='word_1_281' title='bbox 823 3908 880 3973; x_wconf 88' lang='lat'><strong>1)</strong></span> <span class='ocrx_word' id='word_1_282' title='bbox 926 3904 982 3958; x_wconf 92' lang='lat' dir='ltr'><strong><em>P</em></strong></span> <span class='ocrx_word' id='word_1_283' title='bbox 1087 3904 1153 3959; x_wconf 86' lang='grc'><strong>12</strong></span> <span class='ocrx_word' id='word_1_284' title='bbox 1192 3903 1342 3958; x_wconf 86' lang='lat' dir='ltr'><strong>cuius</strong></span> <span class='ocrx_word' id='word_1_285' title='bbox 1387 3919 1430 3957; x_wconf 82' lang='lat' dir='ltr'><strong>s.</strong></span> <span class='ocrx_word' id='word_1_286' title='bbox 1480 3902 1515 3957; x_wconf 80' lang='lat'><strong>1.</strong></span> <span class='ocrx_word' id='word_1_287' title='bbox 1561 3901 1631 3956; x_wconf 89' lang='lat' dir='ltr'><strong><em>H</em></strong></span> <span class='ocrx_word' id='word_1_288' title='bbox 1672 3901 1867 3972; x_wconf 87' lang='lat' dir='ltr'><strong>quuius</strong></span> <span class='ocrx_word' id='word_1_289' title='bbox 1915 3902 1970 3955; x_wconf 94' lang='lat' dir='ltr'><strong><em>P</em></strong></span> <span class='ocrx_word' id='word_1_290' title='bbox 2075 3902 2145 3955; x_wconf 90' lang='lat'><strong>14</strong></span> <span class='ocrx_word' id='word_1_291' title='bbox 2192 3866 2473 3955; x_wconf 61' lang='lat' dir='ltr'><strong>aderamus</strong></span> <span class='ocrx_word' id='word_1_292' title='bbox 2512 3866 2585 3971; x_wconf 72' lang='lat' dir='ltr'><strong>qd</strong></span> <span class='ocrx_word' id='word_1_293' title='bbox 2618 3899 2688 3953; x_wconf 83' lang='lat' dir='ltr'><em>H</em></span> 
     </span>
     <span class='ocr_line' id='line_1_33' title="bbox 392 3988 2689 4065; baseline -0.003 -18"><span class='ocrx_word' id='word_1_294' title='bbox 392 3994 458 4047; x_wconf 87' lang='lat'><strong>15</strong></span> <span class='ocrx_word' id='word_1_295' title='bbox 495 3992 644 4065; x_wconf 86' lang='lat' dir='ltr'><strong>dum]</strong></span> <span class='ocrx_word' id='word_1_296' title='bbox 683 4010 802 4048; x_wconf 91' lang='lat' dir='ltr'><strong>cum</strong></span> <span class='ocrx_word' id='word_1_297' title='bbox 841 3994 873 4047; x_wconf 85' lang='lat' dir='ltr'><strong><em>b</em></strong></span> <span class='ocrx_word' id='word_1_298' title='bbox 1057 3994 1124 4049; x_wconf 88' lang='grc'><strong>16</strong></span> <span class='ocrx_word' id='word_1_299' title='bbox 1166 3998 1290 4062; x_wconf 78' lang='lat' dir='ltr'><strong>post</strong></span> <span class='ocrx_word' id='word_1_300' title='bbox 1335 3992 1614 4063; x_wconf 85' lang='lat' dir='ltr'><strong>diligimus</strong></span> <span class='ocrx_word' id='word_1_301' title='bbox 1661 3990 1793 4045; x_wconf 80' lang='lat' dir='ltr'><strong>add.</strong></span> <span class='ocrx_word' id='word_1_302' title='bbox 1842 3994 1897 4045; x_wconf 89' lang='lat' dir='ltr'><strong>et</strong></span> <span class='ocrx_word' id='word_1_303' title='bbox 1934 3990 2000 4045; x_wconf 90' lang='lat' dir='ltr'><strong><em>H</em></strong></span> <span class='ocrx_word' id='word_1_304' title='bbox 2006 3989 2237 4045; x_wconf 79' lang='lat' dir='ltr'><em>TVOSb</em></span> <span class='ocrx_word' id='word_1_305' title='bbox 2416 4004 2582 4060; x_wconf 70' lang='lat' dir='ltr'><strong>penas</strong></span> <span class='ocrx_word' id='word_1_306' title='bbox 2638 3988 2689 4041; x_wconf 89' lang='lat' dir='ltr'><em>T</em></span> 
     </span>
     <span class='ocr_line' id='line_1_34' title="bbox 393 4076 2681 4154; baseline -0.002 -19"><span class='ocrx_word' id='word_1_307' title='bbox 393 4082 457 4135; x_wconf 89' lang='lat'><strong>17</strong></span> <span class='ocrx_word' id='word_1_308' title='bbox 498 4081 748 4154; x_wconf 82' lang='lat' dir='ltr'><strong>diligere]</strong></span> <span class='ocrx_word' id='word_1_309' title='bbox 785 4080 973 4137; x_wconf 88' lang='lat' dir='ltr'><strong>diliere</strong></span> <span class='ocrx_word' id='word_1_310' title='bbox 1014 4081 1098 4135; x_wconf 78' lang='grc' dir='ltr'><strong>Ηι</strong></span> <span class='ocrx_word' id='word_1_311' title='bbox 1209 4080 1276 4135; x_wconf 88' lang='lat'><strong>18</strong></span> <span class='ocrx_word' id='word_1_312' title='bbox 1315 4096 1599 4151; x_wconf 84' lang='lat' dir='ltr'><strong>queramus</strong></span> <span class='ocrx_word' id='word_1_313' title='bbox 1636 4078 1689 4133; x_wconf 98' lang='lat' dir='ltr'><em>T</em></span> <span class='ocrx_word' id='word_1_314' title='bbox 1794 4078 1859 4134; x_wconf 87' lang='grc'><strong>19</strong></span> <span class='ocrx_word' id='word_1_315' title='bbox 1898 4076 2061 4148; x_wconf 89' lang='lat' dir='ltr'><strong>quod]</strong></span> <span class='ocrx_word' id='word_1_316' title='bbox 2102 4093 2205 4149; x_wconf 89' lang='lat' dir='ltr'><strong>que</strong></span> <span class='ocrx_word' id='word_1_317' title='bbox 2254 4076 2307 4131; x_wconf 85' lang='lat' dir='ltr'><strong><em>V</em></strong></span> <span class='ocrx_word' id='word_1_318' title='bbox 2408 4078 2479 4131; x_wconf 82' lang='grc'><strong>20</strong></span> <span class='ocrx_word' id='word_1_319' title='bbox 2518 4077 2610 4149; x_wconf 86' lang='lat' dir='ltr'><strong>qui</strong></span> <span class='ocrx_word' id='word_1_320' title='bbox 2650 4078 2681 4131; x_wconf 86' lang='lat' dir='ltr'><strong><em>b</em></strong></span> 
     </span>
     <span class='ocr_line' id='line_1_35' title="bbox 390 4164 2687 4242; baseline -0.001 -19"><span class='ocrx_word' id='word_1_321' title='bbox 390 4171 457 4226; x_wconf 89' lang='grc'><strong>21</strong></span> <span class='ocrx_word' id='word_1_322' title='bbox 477 4171 622 4242; x_wconf 87' lang='lat' dir='ltr'><strong>huic]</strong></span> <span class='ocrx_word' id='word_1_323' title='bbox 643 4171 822 4226; x_wconf 84' lang='lat' dir='ltr'><strong>fuitP</strong></span> <span class='ocrx_word' id='word_1_324' title='bbox 925 4171 1106 4225; x_wconf 87' lang='lat' dir='ltr'><strong>infime</strong></span> <span class='ocrx_word' id='word_1_325' title='bbox 1134 4168 1187 4223; x_wconf 98' lang='lat' dir='ltr'><em>T</em></span> <span class='ocrx_word' id='word_1_326' title='bbox 1251 4169 1322 4223; x_wconf 84' lang='lat'><strong>22</strong></span> <span class='ocrx_word' id='word_1_327' title='bbox 1349 4168 1691 4223; x_wconf 80' lang='lat' dir='ltr'><strong>inhereamus</strong></span> <span class='ocrx_word' id='word_1_328' title='bbox 1709 4168 1823 4222; x_wconf 87' lang='lat' dir='ltr'><strong>PT</strong></span> <span class='ocrx_word' id='word_1_329' title='bbox 1890 4168 1959 4222; x_wconf 84' lang='lat'><strong>23</strong></span> <span class='ocrx_word' id='word_1_330' title='bbox 1979 4167 2095 4237; x_wconf 85' lang='lat' dir='ltr'><strong>illa]</strong></span> <span class='ocrx_word' id='word_1_331' title='bbox 2120 4166 2233 4221; x_wconf 83' lang='lat' dir='ltr'><strong>eab</strong></span> <span class='ocrx_word' id='word_1_332' title='bbox 2308 4166 2378 4221; x_wconf 82' lang='grc'><strong>24</strong></span> <span class='ocrx_word' id='word_1_333' title='bbox 2397 4166 2619 4223; x_wconf 79' lang='lat' dir='ltr'><strong>connexi</strong></span> <span class='ocrx_word' id='word_1_334' title='bbox 2640 4164 2687 4220; x_wconf 78' lang='lat' dir='ltr'><strong><em>S</em></strong></span> 
     </span>
     <span class='ocr_line' id='line_1_36' title="bbox 389 4253 2681 4332; baseline -0.003 -17"><span class='ocrx_word' id='word_1_335' title='bbox 389 4260 811 4332; x_wconf 86' lang='lat' dir='ltr'><strong>festinemusque</strong></span> <span class='ocrx_word' id='word_1_336' title='bbox 829 4262 936 4315; x_wconf 78' lang='lat' dir='ltr'><strong>ine.</strong></span> <span class='ocrx_word' id='word_1_337' title='bbox 957 4276 1078 4329; x_wconf 77' lang='lat' dir='ltr'><strong>cap.</strong></span> <span class='ocrx_word' id='word_1_338' title='bbox 1114 4262 1191 4313; x_wconf 77' lang='lat'><strong>42</strong></span> <span class='ocrx_word' id='word_1_339' title='bbox 1215 4259 1279 4312; x_wconf 74' lang='lat' dir='ltr'><strong>in</strong></span> <span class='ocrx_word' id='word_1_340' title='bbox 1298 4258 1329 4312; x_wconf 82' lang='lat' dir='ltr'><strong><em>b</em></strong></span> <span class='ocrx_word' id='word_1_341' title='bbox 1427 4258 1745 4312; x_wconf 86' lang='lat' dir='ltr'><strong>festinemus</strong></span> <span class='ocrx_word' id='word_1_342' title='bbox 1766 4256 1896 4329; x_wconf 87' lang='lat' dir='ltr'><strong>quia</strong></span> <span class='ocrx_word' id='word_1_343' title='bbox 1914 4256 1967 4310; x_wconf 94' lang='lat' dir='ltr'><strong><em>P</em></strong></span> <span class='ocrx_word' id='word_1_344' title='bbox 2036 4256 2107 4310; x_wconf 87' lang='grc'><strong>25</strong></span> <span class='ocrx_word' id='word_1_345' title='bbox 2129 4258 2396 4309; x_wconf 85' lang='lat' dir='ltr'><strong>crassatur</strong></span> <span class='ocrx_word' id='word_1_346' title='bbox 2416 4253 2483 4308; x_wconf 85' lang='lat' dir='ltr'><em>H</em></span> <span class='ocrx_word' id='word_1_347' title='bbox 2487 4254 2681 4311; x_wconf 85' lang='lat' dir='ltr'><em>VLTb</em></span> 
     </span>
     <span class='ocr_line' id='line_1_37' title="bbox 387 4344 1763 4420; baseline -0.002 -17"><span class='ocrx_word' id='word_1_348' title='bbox 387 4352 626 4420; x_wconf 87' lang='lat' dir='ltr'><strong>tempore</strong></span> <span class='ocrx_word' id='word_1_349' title='bbox 665 4352 758 4418; x_wconf 88' lang='lat' dir='ltr'><strong>(m.</strong></span> <span class='ocrx_word' id='word_1_350' title='bbox 795 4350 888 4415; x_wconf 80' lang='lat' dir='ltr'><strong>er.)</strong></span> <span class='ocrx_word' id='word_1_351' title='bbox 928 4347 995 4402; x_wconf 88' lang='lat' dir='ltr'><strong><em>H</em></strong></span> <span class='ocrx_word' id='word_1_352' title='bbox 1095 4348 1164 4402; x_wconf 90' lang='grc'><strong>26</strong></span> <span class='ocrx_word' id='word_1_353' title='bbox 1201 4347 1532 4417; x_wconf 86' lang='lat' dir='ltr'><strong>formamque</strong></span> <span class='ocrx_word' id='word_1_354' title='bbox 1569 4364 1672 4401; x_wconf 86' lang='lat' dir='ltr'><strong>om.</strong></span> <span class='ocrx_word' id='word_1_355' title='bbox 1711 4344 1763 4400; x_wconf 90' lang='lat' dir='ltr'><strong><em>L</em></strong></span> 
     </span>
    </p>
   </div>
  </div>
 </body>
</html>
