3159 4984
506 465 634 528 620
1214 463 1266 513 S.
1323 461 1599 514 Aureli
1655 461 2087 530 Augustini

502 676 627 722 non
677 657 945 721 absurde
993 657 1262 720 fortasse
1312 655 1558 720 dicatur
1600 657 1665 720 in
1714 675 1943 740 genere
2000 675 2136 730 suo,
2196 659 2505 737 quantum
2561 652 2805 720 distant

503 765 825 830 schemata
873 767 938 827 et
972 763 1375 845 metaplasmi
1413 762 1745 828 doctorum
1784 783 1821 827 a
1857 762 2251 828 soloecismis
2290 765 2356 826 et
2388 761 2806 827 barbarismis

499 871 934 955 inperitorum,
965 873 1215 934 tantum
1249 869 1483 934 distare
1520 869 1793 954 figurata
1827 871 1998 935 facta
2031 870 2479 953 prophetarum
2520 888 2557 933 a
2590 869 2807 934 libidi-

503 980 676 1044 nosis
714 978 993 1062 peccatis
1031 978 1393 1060 iniquorum
1425 1030 1438 1044 .
1471 996 1544 1041 ac
1579 996 1693 1059 per
1728 977 1849 1042 hoc
1886 976 2055 1042 sicut
2097 995 2255 1059 puer
2298 974 2360 1038 in
2407 975 2807 1041 barbarismo

499 1085 917 1170 reprehensus
984 1085 1039 1149 si
1105 1085 1182 1149 de
1247 1084 1492 1168 Uergili
1562 1084 1979 1167 metaplasmo
2046 1103 2115 1150 se
2179 1085 2381 1149 uellet
2444 1082 2805 1148 defendere.
2876 1105 2905 1141 ,ε

499 1193 720 1257 ferulis
789 1191 1193 1268 caederetur,
1260 1191 1352 1254 ita
1416 1190 1705 1273 quisquis
1772 1209 1918 1255 cum
1992 1190 2224 1255 ancilla
2287 1209 2439 1255 suae
2506 1188 2806 1272 coniugis

501 1300 832 1365 uolutatus
878 1297 1167 1364 Abrahae
1213 1298 1474 1376 factum,
1536 1297 1707 1380 quod
1754 1297 1829 1362 de
1875 1297 2046 1381 Agar
2088 1298 2330 1380 prolem
2376 1295 2684 1380 genuerit,
2736 1294 2803 1358 in

500 1407 856 1488 exemplum
905 1404 1289 1470 defensionis
1337 1405 1783 1488 adsumpserit,
1831 1405 2074 1469 utinam
2129 1424 2253 1470 non
2308 1403 2495 1486 plane
2553 1402 2803 1479 feruIiS,

499 1513 611 1580 sed
657 1513 764 1577 uel
809 1512 1090 1578 fustibus
1139 1512 1451 1578 coercitus
1500 1512 1887 1592 emendetur,
1926 1532 2003 1577 ne
2044 1531 2188 1577 cum
2227 1509 2453 1576 ceteris
2492 1508 2804 1574 adulteris

499 1625 750 1686 aeterno
821 1619 1133 1702 subplicio
1200 1619 1518 1704 puniatur.
1586 1620 1885 1708 minimae
1942 1619 2198 1702 quidem
2250 1618 2401 1682 illae
2456 1635 2580 1693 res,
2634 1616 2805 1680 istae
2852 1635 2911 1670 ιο

496 1731 712 1791 autem
772 1745 1040 1812 magnae
1106 1729 1275 1806 sunt,
1331 1747 1448 1792 nec
1505 1727 1585 1790 ad
1638 1727 1761 1792 hoc
1813 1727 1959 1792 inde
2016 1726 2210 1790 ducta
2264 1723 2619 1790 similitudo
2676 1725 2803 1790 est.

495 1837 570 1898 ut
623 1835 882 1900 schema
935 1837 1328 1898 sacramento
1386 1837 1452 1898 et
1505 1833 1925 1900 soloecismus
1980 1833 2291 1898 adulterio
2348 1833 2736 1912 coaequetur
2786 1878 2802 1893 .

494 1944 935 2009 uerumtamen
1001 1941 1405 2025 proportione
1470 1940 1570 2004 sui
1627 1941 1936 2022 cuiusque
1993 1939 2240 2024 generis
2320 1938 2491 2022 quod
2544 1938 2609 2002 in
2664 1937 2803 2002 iuis

495 2048 892 2114 locutionum
960 2047 1340 2130 quibusdam
1405 2047 1756 2112 uirtutibus
1824 2066 1938 2112 seu
2000 2046 2181 2111 uitiis
2243 2047 2473 2130 peritia
2534 2045 2645 2109 uel
2704 2043 2803 2108 in-

492 2154 737 2237 peritia,
795 2155 918 2219 hoc
973 2154 1038 2217 in
1093 2154 1195 2218 his
1250 2171 1500 2219 morum
1556 2154 1852 2236 quamuis
1906 2154 2097 2239 longe
2150 2154 2216 2218 in
2266 2154 2519 2219 diuerso
2567 2171 2801 2236 genere
2846 2167 2903 2205 1⁵

491 2260 842 2325 uirtutibus
890 2280 1005 2326 seu
1053 2262 1229 2326 uitiis
1280 2261 1592 2344 sapientia
1634 2261 1741 2325 uel
1784 2261 2151 2343 insipientia
2194 2261 2388 2324 ualet.

585 2368 688 2430 26.
759 2365 1156 2450 Quapropter
1209 2387 1286 2431 ne
1341 2369 1406 2432 in
1464 2388 1752 2453 quaeque
1807 2367 2122 2433 laudanda
2182 2367 2291 2432 uel
2353 2365 2799 2451 uituperanda.

493 2474 848 2538 accusanda
885 2475 993 2538 uel
1031 2475 1439 2554 defendenda,
1481 2476 1873 2542 cohercenda
1909 2476 2016 2540 uel
2050 2475 2402 2552 relaxanda,
2442 2472 2805 2538 damnanda

491 2580 597 2644 uel
663 2580 1070 2666 absoluenda,
1139 2581 1492 2664 adpetenda
1553 2583 1664 2648 uel
1716 2583 1979 2646 uitanda
2030 2585 2270 2647 temere
2322 2581 2673 2660 inruamuS,
2730 2581 2801 2643 in

493 2688 724 2770 quibus
775 2687 1068 2752 omnibus
1115 2691 1378 2770 peccata
1425 2708 1539 2753 seu
1586 2691 1757 2755 recte
1801 2690 1971 2755 facta
2014 2691 2370 2766 uersantur,
2417 2686 2593 2771 prius
2642 2686 2807 2768 quid
2840 2705 2897 2743 πο

494 2795 579 2860 sit
614 2799 952 2878 peccatum
991 2795 1386 2860 considerare
1427 2795 1735 2862 debemus
1758 2847 1773 2876 ,
1822 2799 1977 2861 tunc
2014 2797 2239 2861 deinde
2275 2796 2587 2878 inspicere
2624 2793 2803 2858 facta

494 2904 857 2966 sanctorum
905 2901 1084 2966 libris
1134 2903 1490 2984 conscripta
1537 2902 1791 2982 diuiniS,
1838 2906 1916 2967 ut
1961 2903 2019 2968 si
2063 2921 2188 2986 qua
2226 2905 2293 2967 et
2323 2903 2611 2986 ipsorum
2648 2919 2799 2985 pec-

491 2996 633 3072 cata
677 3008 1130 3086 inuenerimus,
1180 3009 1259 3075 ob
1309 3029 1498 3092 quam
1545 3010 1890 3075 utilitatem
1940 3010 2071 3076 sint
2116 3011 2306 3074 etiam
2351 3011 2492 3093 ipsa
2538 3008 2799 3074 condita

490 3115 723 3180 litteris
789 3115 1255 3197 memoriaeque
1319 3116 1618 3181 mandata
1681 3115 1992 3201 diligenti,
2050 3120 2356 3201 quantum
2421 3133 2797 3199 possumus,

491 3221 734 3286 ratione
781 3220 1132 3287 uideamus,
1201 3241 1360 3305 quae
1409 3225 1625 3288 autem
1671 3224 2132 3308 reppererimus
2180 3224 2399 3290 stultis
2446 3242 2563 3288 seu
2608 3222 2797 3286 mali-
2836 3235 2891 3274 2⁵

493 3328 660 3393 uolis
715 3329 920 3393 uideri
972 3332 1234 3412 peccata
1290 3348 1450 3409 esse,
1510 3349 1673 3412 quae
1728 3349 1852 3396 non
1908 3333 2077 3410 sunt,
2134 3349 2251 3396 nec
2304 3333 2517 3395 tamen
2572 3329 2639 3394 in
2698 3329 2797 3394 eis

495 3435 774 3498 eminent
837 3436 1048 3518 aliqua
1114 3437 1398 3520 exempla
1460 3437 1803 3514 uirtutum,
1871 3437 2026 3502 haec
2093 3457 2341 3520 quoque
2406 3437 2794 3513 intueamur,

568 3660 591 3712 1
637 3659 900 3715 absurdae
937 3661 990 3714 L
1169 3662 1442 3718 indicatur
1484 3663 1532 3717 (J
1718 3666 1753 3718 2
1789 3664 2121 3718 soloecismis
2169 3664 2255 3735 (oe
2302 3665 2367 3717 in
2398 3663 2535 3732 ras.)
2574 3662 2623 3718 S
2654 3663 2789 3718 soli-

493 3751 671 3805 cismis
707 3749 871 3805 LPG
909 3751 1205 3805 solecismis
1243 3755 1295 3819 (e
1333 3767 1469 3806 corr.
1509 3768 1575 3806 cx
1610 3753 1652 3818 i)
1692 3753 1765 3806 M
1901 3752 2299 3808 barbarissimis
2337 3751 2439 3808 86-
2588 3753 2625 3805 4
2660 3751 2789 3806 bar-

493 3838 726 3894 barismo
768 3845 842 3908 (m
877 3841 941 3894 in
973 3841 1110 3908 ras.)
1141 3839 1190 3895 S
1290 3842 1325 3894 5
1353 3840 1744 3911 repraehensus
1772 3842 1878 3896 Lo
2017 3841 2217 3912 uergili
2245 3840 2347 3895 LS
2368 3841 2577 3913 uirgilii
2604 3839 2792 3896 mol>

493 3925 710 3996 bergilii
781 3927 958 3983 G¹M¹
1142 3931 1175 3984 6
1240 3929 1520 3985 cederetur
1571 3930 1689 3985 LC
1828 3931 2025 3985 ancilla
2090 3930 2131 3999 (i
2195 3945 2239 3986 s,
2306 3931 2342 3984 l.
2409 3947 2448 3984 a
2500 3948 2570 3986 m.
2626 3933 2679 4000 1)
2734 3929 2793 3985 L

494 4016 525 4068 7
563 4017 870 4071 nolu-ratus
910 4019 968 4083 (n
1005 4019 1099 4085 er.)
1137 4019 1185 4073 0
1320 4019 1587 4084 factatum
1618 4019 1671 4074 G·
1778 4021 1813 4075 8
1850 4019 2204 4089 assumpserit
2228 4019 2283 4074 L
2390 4020 2423 4074 9
2461 4018 2571 4091 uel]
2601 4019 2681 4074 fel
2712 4018 2789 4074 G*

498 4103 565 4157 10
600 4106 820 4160 minime
857 4107 910 4160 L
1053 4109 1120 4162 11
1163 4113 1248 4164 est
1283 4108 1582 4165 similitudo
1629 4110 1677 4165 Ο
1816 4109 1886 4166 12
1932 4113 2267 4165 sacramento
2315 4109 2369 4178 (o
2418 4127 2461 4164 s.
2508 4125 2629 4179 exp.
2680 4127 2713 4163 a
2752 4127 2791 4164 a

491 4209 562 4246 m.
598 4197 650 4261 1>
690 4193 742 4248 G
887 4195 1234 4251 soloecismus
1275 4199 1327 4265 (o
1364 4213 1406 4254 ε.
1448 4199 1482 4254 Ζ.
1524 4217 1562 4253 a
1595 4216 1666 4253 m.
1706 4203 1765 4269 2)
1806 4199 1853 4254 S
1885 4200 2201 4254 solecismus
2244 4199 2297 4254 G
2332 4199 2637 4254 solicismus
2666 4198 2797 4252 LM

496 4282 561 4334 17
609 4297 712 4351 que
758 4299 862 4352 que
913 4283 962 4337 Ο
1135 4286 1203 4340 18
1249 4286 1579 4342 cohercenda
1616 4288 1681 4342 8¹
1729 4287 2023 4344 coercenda
2074 4288 2123 4344 0
2300 4290 2367 4344 19
2412 4288 2683 4342 irruamus
2720 4287 2791 4342 8²

496 4369 564 4422 23
601 4371 961 4424 inueniremus
1004 4372 1227 4426 G²LM²
1334 4375 1407 4428 25
1441 4375 1833 4446 reppererimus
1872 4375 1915 4431 S
1951 4378 2283 4448 repperimus
2321 4377 2407 4433 Lb
