3159 4984
491 402 625 466 282
1203 399 1255 453 S.
1311 398 1589 451 Aureli
1642 398 2075 468 Augustini

491 593 924 657 infirmitatem
965 593 1155 675 paulo
1194 594 1343 675 post
1380 591 1571 657 dicit:
1624 593 2053 657 saecularia
2098 592 2340 677 igitur
2383 592 2671 657 iudicia
2718 593 2780 658 si

491 700 958 765 habueritis,
1019 718 1144 764 eos
1204 699 1332 781 qui
1391 699 2016 782 contemptibiles
2073 702 2251 766 sunt
2311 700 2385 765 in
2454 700 2781 765 ecclesia

493 806 630 873 hos
698 808 1114 872 conlocate.
1182 824 1384 889 neque
1444 806 1614 870 enim
1668 806 1766 870 illi
1822 807 1962 883 soli,
2022 808 2131 890 qui
2186 810 2261 871 ut
2314 807 2446 871 sint
2496 806 2779 890 perfecti,

491 914 777 978 uendunt
841 914 960 1009 uel·
1014 913 1346 977 dimittunt
1410 913 1621 977 omnia
1686 931 1803 977 sua
1868 916 1932 977 et
2018 918 2369 997 sequuntur
2432 913 2779 991 dominum,

487 1020 807 1103 pertinent
853 1020 931 1083 ad
979 1038 1245 1103 regnum
1304 1021 1643 1090 caelorum.
1712 1020 1821 1085 sed
1879 1021 2028 1086 huic
2082 1020 2349 1097 militiae
2405 1020 2781 1087 christianae
2842 1040 2868 1079 5

487 1132 746 1210 propter
773 1126 1088 1209 quoddam
1121 1128 1302 1209 quasi
1340 1128 1791 1192 commercium
1831 1128 2111 1193 caritatis
2150 1127 2555 1212 subiungitur
2590 1126 2781 1190 etiam

485 1233 798 1316 quaedam
848 1233 1260 1316 stipendiaria
1303 1235 1675 1310 multitudo,
1726 1236 1830 1299 cui
1877 1234 2123 1299 dicetur
2164 1235 2230 1298 in
2275 1233 2435 1299 fine:
2494 1231 2781 1298 esuriui

489 1344 566 1405 et
611 1340 942 1405 dedistis
993 1340 1178 1404 mihi
1225 1341 1676 1405 manducare
1727 1344 1791 1406 et
1839 1344 2066 1406 cetera.
2118 1341 2398 1424 alioquin
2444 1340 2784 1405 damnandi

485 1450 681 1511 erunt
725 1447 843 1521 illi,
884 1466 1154 1529 quorum
1206 1447 1434 1513 domus
1481 1451 1614 1512 tam
1665 1448 1956 1533 diligenti
2005 1451 2070 1512 et
2116 1448 2398 1513 sollicita
2442 1466 2593 1511 cura
2637 1466 2783 1513 con-

481 1553 671 1637 ponit
734 1554 1068 1635 apostolus
1135 1573 1401 1619 monens
1465 1555 1770 1619 mulieres
1836 1554 2129 1619 subditas
2195 1574 2337 1619 esse
2401 1553 2559 1618 uiris
2624 1554 2872 1631 suis,1o

487 1661 664 1725 uiros
731 1660 994 1744 diligere
1060 1681 1288 1727 uxores
1365 1680 1554 1738 suas:
1629 1661 1797 1727 filios
1876 1662 2315 1745 obtemperare
2390 1662 2783 1745 parentibus-

485 1770 782 1851 parentes
847 1768 1016 1833 filios
1082 1769 1323 1833 nutrire
1385 1768 1452 1832 in
1520 1768 1861 1852 disciplina
1924 1771 1991 1833 et
2054 1770 2445 1852 correptione
2480 1767 2779 1842 ·domini;

483 1893 711 1940 seruos
761 1874 1058 1940 oboedire
1107 1893 1254 1939 cum
1301 1878 1478 1940 metu
1527 1875 1803 1941 dominis
1853 1876 2233 1950 carnalibuS,
2275 1875 2566 1940 dominos
2614 1874 2783 1956 quod

485 1981 733 2045 iustum
782 1984 884 2047 est
931 1985 994 2047 et
1041 2000 1316 2064 aequum
1366 1983 1570 2049 seruis
1618 1987 1963 2067 praestare.
2024 1983 2136 2047 sed
2185 1982 2372 2057 absit,
2420 1985 2495 2045 ut
2536 1982 2699 2047 istos
2746 2000 2781 2044 a

485 2087 806 2152 mandatis
880 2088 1270 2172 euangelicis
1345 2090 1589 2155 alienos
1656 2093 1721 2154 et
1785 2109 1821 2153 a
1884 2090 2021 2153 uita
2084 2092 2338 2153 aeterna
2400 2087 2783 2171 separandos
2812 2100 2863 2140 1⁵

487 2195 754 2273 iudicet,
795 2195 944 2277 quia
985 2194 1099 2260 ubi
1137 2194 1229 2259 ait
1265 2194 1601 2260 dominus:
1650 2196 1714 2259 si
1761 2196 1929 2277 quis
1976 2215 2119 2260 non
2166 2195 2437 2259 tulerit
2484 2212 2779 2259 crucem

482 2305 823 2367 suamet
860 2304 1180 2365 secutus
1218 2320 1330 2365 me
1367 2302 1626 2367 fuerit.
1666 2323 1807 2368 non
1847 2305 2105 2385 potest
2144 2321 2308 2367 esse
2348 2301 2779 2384 discipulus

481 2427 718 2483 meua
771 2407 1110 2473 exhortans
1148 2407 1459 2474 firmiores
1499 2408 1580 2473 ad
1615 2410 2093 2492 perfectionem,
2131 2409 2222 2473 ibi
2262 2408 2481 2475 statim
2520 2412 2586 2472 et
2620 2408 2781 2473 istos

479 2514 856 2579 consolatus
917 2516 1016 2579 est
1073 2513 1326 2579 dicens:
1396 2515 1522 2598 qui
1575 2516 1956 2598 receperit
2010 2517 2295 2580 iustum
2354 2514 2427 2579 in
2486 2514 2780 2580 nomine

485 2620 700 2697 iusti,
748 2621 1170 2685 mercedem
1215 2622 1407 2686 iusti
1465 2622 1825 2706 aecipiet3
1886 2625 1961 2687 et
2015 2622 2140 2705 qui
2196 2622 2574 2705 receperit
2626 2640 2779 2705 pro·
2816 2634 2871 2673 ²⁰

481 2726 789 2809 phetam
855 2727 930 2792 in
998 2729 1293 2792 nomine
1359 2728 1805 2812 prophetae,
1872 2729 2296 2794 mercedem
2368 2728 2780 2812 prophetae

480 2833 836 2916 accipiet.
897 2834 1064 2899 unde
1114 2854 1235 2899 non
1286 2838 1531 2899 tantum
1585 2836 1694 2917 qui
1738 2835 2063 2901 modicum
2120 2836 2253 2899 uini
2298 2834 2632 2899 Timotheo
2679 2833 2782 2898 de—

479 2938 649 3003 derit
703 2942 964 3024 propter
1023 2942 1425 3006 stomachum
1478 2945 1543 3006 et
1587 2942 1953 3025 frequentes
1996 2942 2399 3007 infirmitates
2454 2941 2612 3005 eius.
2668 2940 2781 3005 sed

476 3046 676 3110 etiam
743 3047 852 3129 qui
921 3048 1154 3113 saniori
1221 3052 1410 3130 atque
1473 3049 1719 3114 fortiori
1776 3048 2087 3113 calicem
2148 3067 2378 3130 aquae
2426 3046 2769 3129 frigidae

492 3154 920 3235 porrexerit
956 3157 1250 3219 tantum
1289 3156 1362 3219 in
1401 3155 1696 3221 nomine
1736 3156 2124 3239 discipuli,
2159 3156 2329 3221 sicut
2354 3156 2443 3219 ibi
2472 3158 2761 3238 sequitur
2819 3164 2872 3205 *ὅ

485 3278 629 3323 11011
676 3260 948 3343 perdet
994 3261 1411 3326 mercedem
1461 3281 1689 3327 suam.

577 3368 679 3431 10.
749 3364 917 3446 Quid
983 3371 1198 3432 autem
1264 3370 1490 3435 fallitis
1559 3370 1881 3435 auditores
1944 3372 2220 3443 uestros,
2279 3371 2389 3452 qui
2443 3389 2586 3435 cum
2644 3370 2779 3435 suis

663 3572 684 3621 1
731 3570 758 3623 I
796 3569 915 3624 Cor.
957 3572 1005 3633 6,
1043 3572 1080 3624 4
1116 3588 1233 3643 sqq.
1409 3575 1438 3625 ’ἲ
1481 3573 1679 3627 Matth.
1718 3574 1804 3636 25,
1844 3574 1912 3625 35
2052 3573 2120 3628 10
2159 3574 2226 3627 cf.
2265 3571 2380 3628 col.
2420 3573 2471 3637 3,
2514 3572 2614 3636 18;
2652 3574 2705 3633 4.
2746 3574 2773 3627 1

487 3659 552 3711 16
590 3658 789 3713 Matth.
844 3662 914 3724 10,
956 3661 1025 3716 38
1065 3679 1184 3732 sqq.
1295 3663 1364 3715 23
1403 3663 1467 3717 cf.
1507 3662 1536 3716 1
1573 3662 1709 3716 Tim.
1750 3662 1799 3725 5,
1839 3662 1908 3715 23
2018 3662 2089 3716 24
2126 3662 2322 3717 Matth.
2364 3662 2446 3725 10,
2486 3662 2555 3715 42

555 3784 579 3835 1
623 3784 885 3838 secularia
928 3784 976 3838 G
1099 3784 1132 3836 ‘2
1172 3785 1432 3840 aecclesia
1475 3786 1522 3840 C'
1646 3786 1677 3839 3
1719 3785 1997 3839 conlocate
2035 3784 2113 3839 L¹
2238 3788 2273 3839 4
2310 3783 2468 3839 suaa-2
2495 3784 2549 3839 L
2692 3802 2777 3841 se·

474 3876 676 3926 cuntur
709 3872 757 3925 0
860 3874 892 3924 5
923 3874 1352 3944 militiaexplane
1381 3878 1602 3944 propter
1638 3872 1909 3943 quoddam
1949 3874 2105 3943 quasi
2134 3875 2505 3929 commertium
2534 3876 2778 3929 caritatis

474 3959 574 4015 ubi
599 3961 848 4031 iungitur
867 3962 915 4017 S
1022 3964 1054 4017 6
1086 3964 1461 4017 commertium
1497 3962 1598 4017 OG
1743 3961 2093 4033 subiungitur
2122 3966 2169 4030 (s
2196 3980 2241 4017 ε.
2273 3964 2307 4017 l.
2339 3970 2391 4017 et
2418 3964 2449 4017 b
2479 3965 2543 4017 in
2568 3970 2703 4029 ras.)
2726 3964 2779 4017 L

479 4048 510 4100 7
541 4047 770 4117 quedam
799 4048 845 4102 G
951 4050 984 4103 8
1018 4054 1198 4120 cetera
1217 4050 1271 4105 L
1415 4052 1659 4121 alioquin
1689 4054 1740 4122 (o
1768 4068 1813 4107 8.
1836 4054 1870 4105 Ζ.
1893 4052 2023 4106 add.
2044 4069 2111 4107 m.
2134 4056 2193 4120 2)
2216 4053 2269 4106 L
2404 4054 2435 4107 9
2466 4052 2653 4107 domos
2672 4052 2779 4107 Mb

481 4136 542 4190 11
567 4140 940 4207 optemperare
959 4137 1083 4191 CL²
1163 4141 1228 4193 14
1247 4144 1488 4209 prestare
1502 4140 1611 4195 LO
1683 4140 1745 4193 21
1772 4140 2151 4211 propheteLC'
2219 4141 2287 4194 22
2309 4140 2778 4197 deditLCSMGb

483 4224 547 4277 23
602 4224 935 4279 sthomacum
992 4228 1068 4280 M
1073 4230 1084 4262 ¹
1141 4232 1437 4283 stomacum
1483 4228 1536 4282 L
1718 4230 1791 4283 24
1837 4229 1948 4300 qui]
1991 4230 2148 4300 quasi
2187 4230 2219 4283 b
2365 4231 2576 4285 fortiori
2614 4234 2777 4302 atque

445 4312 676 4365 ·saniori
711 4314 768 4367 C
909 4314 1105 4385 frigide
1144 4316 1296 4372 LCS
