3159 4984
892 446 978 501 v1.
1037 446 1325 500 Contra
1378 446 1748 500 Faustum
1807 446 1936 499 lib.
1995 446 2175 502 XIIII.
2548 452 2673 512 411

389 644 744 717 suaderent.
796 642 967 725 quod
1016 642 1308 707 Christus
1356 642 1672 705 fallaciter
1717 660 1967 724 passm,
2024 642 2336 705 fallaciter
2387 646 2684 706 mortuus

388 750 491 826 sit,
538 750 851 813 fallaciter
897 748 1224 813 cicatrices
1274 746 1642 823 ostenderit,
1691 747 1758 811 id
1805 751 1904 812 est
1949 768 2072 812 non
2111 768 2260 812 uere
2299 768 2528 831 passus
2566 768 2682 813 nec

385 876 533 922 uere
578 861 873 921 mortuus
923 856 1009 920 sit
1054 876 1170 921 nec
1217 856 1364 919 illae
1422 874 1610 919 uerae
1665 856 1905 920 fuerint
1963 875 2034 919 ex
2088 856 2258 920 ueris
2306 856 2682 921 uulneribus

386 964 763 1029 cicatrices?
814 983 971 1046 quae
1022 965 1173 1027 sunt
1218 963 1646 1028 euidentiores
1695 962 2015 1028 doctrinae
2053 962 2682 1044 mendaciloquorum

330 1099 354 1135 ε»
387 1071 859 1135 daemoniorum
928 1089 1117 1152 quam
1183 1070 1377 1145 istae..
1424 1069 1657 1151 quibus
1715 1068 2134 1152 persuadetur
2186 1069 2392 1133 filium
2446 1068 2568 1147 dei,
2616 1069 2682 1132 id

385 1182 487 1243 est
532 1178 735 1261 ipsam
777 1178 1115 1241 ueritatem
1156 1196 1296 1241 esse
1333 1176 1758 1241 mendacem?
1807 1176 1919 1240 sed
1966 1176 2078 1240 isti
2121 1176 2186 1239 in
2236 1175 2520 1240 doctrina
2565 1195 2686 1240 sua

384 1285 619 1348 habent
666 1288 731 1349 et
778 1287 1057 1367 apertam
1105 1303 1229 1349 non
1280 1282 1535 1365 quidem
1576 1282 2074 1358 daemoniorum,
2115 1282 2226 1347 sed
2263 1286 2476 1346 tamen
2515 1301 2681 1347 crea-

383 1396 561 1455 turae
610 1391 948 1467 culturam.
1007 1410 1197 1473 quam
1254 1390 1513 1454 damnat
1580 1391 1909 1473 apostolus
1979 1390 2232 1453 dicens:
2303 1393 2374 1453 et
2439 1390 2683 1455 colue-

382 1502 561 1561 runt
608 1500 682 1561 et
728 1498 1169 1562 seruierunt
1216 1498 1612 1560 creaturae
1659 1496 1917 1578 potius
1967 1515 2182 1577 quam
2232 1496 2579 1560 creatori.

289 1632 344 1670 ιο
475 1607 577 1668 11.
645 1604 919 1669 Proinde
977 1604 1089 1667 isti
1141 1603 1207 1667 in
1262 1603 1728 1686 phantasmatis
1786 1604 2146 1668 fabularum
2202 1623 2462 1668 suarum
2507 1604 2684 1669 idola

383 1714 449 1775 et
496 1710 827 1776 daemonia
871 1710 1231 1775 nescientes
1281 1711 1537 1784 colunt;
1605 1710 1669 1773 in
1728 1712 1861 1775 sole
1918 1714 2132 1775 autem
2181 1713 2246 1775 et
2287 1712 2444 1775 luna
2487 1729 2682 1775 noue·

378 1822 527 1882 runt
577 1838 643 1882 se
693 1818 929 1882 seruire
980 1819 1319 1881 creaturae.
1390 1819 1455 1881 et
1520 1817 1691 1899 quod
1756 1819 1986 1899 putant
2041 1836 2108 1881 se
2167 1817 2358 1881 etiam
2416 1816 2682 1881 creatori

380 1925 639 2001 seruire,
697 1925 977 1988 multum
1036 1924 1381 1999 falluntur;
1447 1924 1881 2007 phantasmati
1949 1924 2115 1988 enim
2182 1943 2300 1988 suo
2367 1924 2676 2000 seruiunt,

380 2032 646 2097 creatori
693 2034 907 2095 autem
956 2030 1133 2095 nullo
1178 2030 1369 2095 modo
1419 2030 1729 2107 seruiunt,
1787 2030 2038 2112 quando
2088 2048 2162 2093 ea
2207 2033 2442 2113 negant
2487 2030 2677 2093 deum

288 2163 341 2201 15
380 2156 657 2213 creasse,
738 2156 897 2219 quae
966 2140 1179 2219 aperte
1246 2137 1573 2219 apostolus
1643 2136 1720 2199 ad
1789 2138 1888 2200 dei
1955 2140 2307 2201 creaturam
2371 2138 2684 2220 pertinere

380 2245 777 2310 demonstrat
824 2245 1062 2315 dicens.
1122 2264 1267 2307 cum
1318 2244 1394 2308 de
1444 2244 1604 2308 cibis
1655 2247 1720 2308 et
1765 2245 2058 2309 carnibus
2115 2248 2369 2329 ageret:
2439 2246 2681 2309 omnis

385 2353 581 2416 enim
632 2352 988 2415 creatura
1035 2351 1154 2414 dei
1190 2350 1385 2414 bona
1424 2354 1559 2425 est,
1603 2353 1676 2414 et
1710 2350 1906 2413 nihil
1944 2351 2443 2427 abiciendum.
2485 2352 2681 2433 quod

380 2477 545 2523 curn
596 2459 1016 2542 gratiarum
1066 2458 1365 2523 actione
1416 2458 1858 2540 percipitur.
1908 2458 2144 2529 uidete.
2195 2458 2348 2540 quid
2395 2460 2481 2524 sit
2528 2478 2686 2523 sana

378 2564 681 2641 doctrina,
722 2583 912 2646 quam
958 2584 1082 2630 non
1134 2564 1410 2629 ferentes
1460 2585 1579 2630 uos
1629 2565 1704 2628 ad
1753 2566 2002 2630 fabulas
2051 2567 2478 2631 conuertistis.
2529 2587 2680 2649 quo-

285 2690 339 2730 20
375 2670 563 2735 1110ᾱο
614 2670 943 2754 apostolus
998 2674 1064 2735 et
1111 2674 1463 2735 creaturam
1515 2671 1618 2735 dei
1663 2671 1886 2735 laudat
1934 2675 1997 2735 et
2054 2672 2110 2736 ei
2165 2676 2376 2736 tamen
2435 2673 2680 2737 cultum

377 2776 705 2860 religionis
772 2777 1053 2842 exhiberi
1117 2780 1317 2853 uetat,
1386 2778 1477 2841 sic
1544 2782 1610 2841 et
1661 2779 1943 2863 Moyse8‚
2003 2778 2110 2860 qui
2173 2779 2360 2843 uobis
2425 2779 2681 2843 uidetur

378 2883 543 2946 nulli
593 2883 953 2947 diuinorum
1004 2885 1363 2967 pepercisse
1403 2922 1490 2931 —
1527 2905 1651 2950 non
1693 2884 1772 2948 ob
1813 2884 1986 2948 aliud
2025 2886 2332 2967 suspicor,
2370 2885 2494 2949 nisi
2533 2886 2682 2967 quia

380 2990 583 3053 solem
635 2994 699 3054 et
743 2991 963 3053 lunam
1009 2991 1222 3055 uetuit
1268 2990 1535 3068 adorari,
1575 2991 1655 3054 ad
1703 3011 1972 3073 quorum
2023 2992 2358 3056 circuitum
2407 3011 2524 3056 uos
2571 3011 2684 3075 per

380 3115 603 3161 omnes
669 3098 937 3180 angulos
1003 3097 1277 3175 uertitis‚
1335 3099 1411 3160 ut
1464 3116 1575 3163 eos
1632 3097 1905 3162 adoretis
1953 3135 2039 3144 —
2087 3098 2288 3163 solem
2342 3101 2408 3162 et
2459 3099 2677 3162 lunam

288 3226 342 3267 25
380 3221 531 3266 uera
595 3203 784 3267 laude
852 3204 1163 3280 laudauit,
1230 3223 1376 3268 cum
1444 3224 1553 3269 eos
1618 3203 1824 3268 factos
1895 3223 1931 3268 a
1994 3204 2111 3269 deo
2171 3210 2234 3268 et
2295 3205 2359 3268 in
2419 3205 2680 3270 caelesti

381 3310 597 3375 ordine
648 3311 727 3374 ad
772 3311 1131 3395 peragenda
1176 3330 1295 3375 sua
1342 3330 1533 3394 opera
1579 3311 1964 3387 conlocatOS,
2024 3312 2193 3375 sicut
2241 3317 2360 3387 est,
2405 3312 2498 3375 ita
2543 3328 2678 3376 nar-

375 3416 581 3481 rauit:
644 3418 883 3482 solem
929 3418 1001 3481 in
1051 3420 1515 3500 potestatem
1568 3417 1742 3493 diei,
1792 3419 2042 3482 lunam
2094 3418 2164 3481 in
2211 3420 2674 3501 potestatem

378 3524 647 3591 noctis.
697 3525 877 3590 falsis
924 3529 1139 3589 autem
1176 3526 1409 3589 uestris
1450 3526 1750 3589 laudibus
1779 3526 1888 3621 ’sol
1928 3529 1991 3589 et
2026 3526 2179 3589 luna
2213 3545 2337 3590 non
2378 3525 2675 3607 gaudent.

558 3767 593 3821 8
628 3768 782 3821 Rom.
822 3770 870 3831 1,
910 3768 979 3821 25
1128 3770 1191 3824 16
1229 3769 1258 3821 Ι
1295 3768 1431 3823 Τ1111.
1469 3771 1520 3833 4,
1556 3770 1596 3823 4
1740 3768 1807 3822 23
1847 3767 1912 3822 cf.
1951 3766 2113 3821 Deut.
2158 3768 2240 3828 17,
2279 3768 2312 3820 3
2433 3767 2500 3820 27
2541 3767 2673 3821 Gen.

382 3856 429 3917 1,
470 3856 563 3920 16;
601 3856 689 3913 Ps.
731 3857 850 3921 135,
890 3856 923 3910 8
961 3874 1041 3926 sq.

455 4009 482 4060 1
523 4006 668 4075 quod
706 4010 863 4073 (corr.
904 4024 968 4059 m:
1006 4024 1139 4077 quos
1177 4024 1241 4061 m.
1283 4008 1337 4075 2)
1379 4006 1543 4061 SML
1581 4024 1716 4077 quos
1760 4007 1810 4061 G
1929 4008 1960 4060 3
2001 4007 2094 4061 ille
2139 4006 2230 4060 OS
2406 4022 2531 4058 uere
2574 4004 2680 4057 Lo

382 4094 409 4146 5
450 4093 555 4163 iste
596 4093 783 4163 (0add.
825 4110 891 4147 m.
932 4098 991 4163 2)
1030 4093 1085 4147 L
1262 4094 1298 4147 8
1346 4092 1607 4163 dampnat
1649 4095 1696 4148 (J
1843 4095 1904 4151 10
1953 4093 2296 4147 fantasmatis
2344 4092 2419 4145 L·
2467 4092 2676 4145 fantas-

380 4182 618 4236 matibus
662 4180 710 4235 G
740 4181 1212 4252 phantasmatibus
1251 4182 1283 4236 b
1396 4184 1459 4235 11
1498 4183 1754 4237 nouerint
1793 4185 1822 4237 b
1937 4183 2001 4236 13
2048 4182 2362 4237 fantasmati
2400 4180 2676 4235 LOSMG

384 4272 450 4323 15
487 4270 765 4339 apostolus
803 4274 987 4339 aperte
1024 4271 1071 4323 0
1210 4272 1395 4340 aperto
1426 4270 1473 4325 S
1641 4271 1709 4325 23
1749 4272 1976 4325 circuitu
2006 4271 2037 4322 b
2184 4272 2254 4323 24
2291 4270 2519 4339 angulas
2550 4276 2613 4335 (s,
2643 4286 2677 4323 a

379 4375 641 4428 superam
682 4376 711 4412 0
753 4376 789 4411 a
824 4374 892 4411 m.
932 4363 981 4425 1)
1022 4358 1075 4411 L
1185 4360 1251 4411 27
1291 4362 1564 4428 potestate
1605 4359 1746 4426 (bis)
1788 4358 1921 4413 SGb
