3159 4984
454 450 583 513 512
1156 448 1207 499 S.
1266 448 1539 500 Aureli
1597 447 2032 515 Augustini

450 644 788 724 omnisque
836 643 996 706 ritus
1044 643 1153 706 ille
1204 662 1547 707 sacrorum.
1600 661 1767 707 nunc
1815 648 2030 707 autem
2077 645 2360 709 reuelata
2421 648 2522 711 est
2571 645 2757 723 fides,

453 749 516 811 in
566 768 757 830 quam
807 749 1148 814 conclusus
1208 753 1342 814 erat
1394 750 1693 833 populus,
1753 751 2003 833 quando
2063 752 2180 815 sub
2239 752 2382 835 lege
2441 753 2759 819 custodie-

452 856 658 933 batur,
702 860 767 921 et
813 858 982 939 quod
1029 856 1325 922 fidelibus
1371 857 1771 941 promittitur
1815 857 1879 921 in
1925 856 2182 935 iudicio,
2223 858 2350 922 iam
2391 860 2760 940 conpletum

454 965 556 1026 est
600 963 664 1025 in
715 963 999 1046 exemplo
1055 982 1169 1045 per
1224 983 1391 1041 eum‚
1451 964 1559 1045 qui
1615 964 1828 1047 legem
1885 967 1950 1027 et
2003 965 2344 1048 prophetas
2401 984 2524 1029 non
2582 966 2760 1029 uenit

454 1067 723 1145 soluere‚
774 1069 885 1133 sed
932 1070 1273 1153 adinplere.
2835 1094 2868 1131 5

550 1178 651 1242 15.
696 1174 1092 1259 Quapropter
1125 1178 1446 1258 quaeritur
1474 1176 1730 1259 quidem
1769 1178 1935 1241 inter
1972 1180 2358 1242 scrutatores
2397 1179 2762 1241 sanctarum

456 1284 951 1365 scripturarum,
1016 1286 1229 1347 utrum
1298 1286 1547 1349 tantum
1612 1283 1920 1367 profuerit
1994 1283 2270 1366 antiquis
2346 1284 2533 1347 iustis
2599 1283 2763 1347 fides

454 1389 704 1472 passuri
754 1393 819 1453 et
865 1390 1279 1455 resurrecturi
1326 1390 1563 1455 Christi
1611 1410 1802 1473 quam
1851 1391 1959 1454 uel
2003 1390 2500 1454 reuelationibus
2559 1390 2762 1454 disce-

454 1497 611 1559 bant
673 1496 780 1561 uel
845 1496 907 1560 in
974 1496 1301 1579 prophetis
1366 1496 1845 1580 intellegebant,
1913 1500 2224 1577 quantum
2281 1516 2446 1561 nunc
2501 1497 2766 1580 prodest

460 1602 619 1667 fides
666 1604 841 1685 passi
890 1607 956 1667 et
1000 1604 1383 1681 resuscitati,
1435 1624 1509 1667 an
1566 1604 1708 1686 ipsa
1767 1604 1989 1669 effusio
2049 1604 2375 1687 sanguinis
2433 1604 2578 1689 agni
2636 1604 2762 1669 dei.
2807 1624 2870 1661 ιο

456 1728 621 1791 quae
661 1710 831 1773 facta
869 1713 987 1786 est,
1029 1710 1197 1774 sicut
1236 1711 1371 1793 ipse
1412 1710 1588 1780 dicit,
1628 1730 1757 1793 pro
1807 1710 2074 1775 multis
2121 1711 2191 1774 in
2231 1711 2764 1775 remissionem

458 1819 969 1898 peccatorum.
1020 1818 1263 1899 aliquid
1311 1818 1610 1881 utilitatis
1661 1821 1725 1881 et
1771 1817 2163 1901 purgationis
2208 1818 2316 1881 uel
2366 1817 2608 1897 dederit
2653 1819 2767 1882 uel

456 1922 774 1986 addiderit
840 1924 1027 1987 etiam
1096 1924 1217 2001 his,
1287 1925 1397 2007 qui
1464 1926 1586 1990 hoc
1650 1925 1935 1989 futurum
2004 1923 2351 1999 credente&
2419 1928 2766 2006 antequam

458 2030 657 2106 fieret,
702 2050 771 2093 ex
814 2030 931 2093 hac
969 2031 1107 2095 uita
1146 2032 1631 2114 emigrauerant,
1674 2035 1738 2095 et
1775 2034 1989 2095 utrum
2029 2051 2200 2096 mors
2241 2031 2379 2095 eius
2419 2032 2498 2095 ad
2535 2031 2758 2095 libera·

456 2137 701 2201 tionem
741 2138 932 2201 etiam
970 2141 1256 2202 mortuos
1298 2137 1681 2201 uisitauerit.
1735 2137 1846 2202 sed
1883 2156 2049 2201 nunc
2085 2136 2276 2201 istam
2317 2138 2760 2219 quaestionem
2805 2154 2870 2193 1⁵

460 2245 567 2307 uel
612 2244 1052 2327 pertractando
1104 2245 1421 2309 discutere
1477 2246 1586 2309 uel
1644 2243 1885 2326 aliquid
1940 2243 2003 2308 in
2063 2262 2134 2307 ea
2189 2248 2509 2326 repertum
2566 2245 2762 2308 etiam

464 2350 888 2414 confirmando
939 2352 1195 2416 definire
1246 2355 1310 2415 et
1356 2352 1620 2436 longum
1671 2354 1770 2415 est
1819 2354 1884 2413 et
1929 2351 2078 2414 huic
2136 2351 2309 2432 operi
2363 2370 2486 2415 non
2543 2368 2764 2415 neces—

457 2456 715 2520 sarium.
2168 2530 2173 2539 ι

554 2565 655 2628 16.
722 2564 983 2628 Interim
1050 2566 1357 2630 aduersus
1426 2566 1882 2630 calumniosam
1949 2564 2308 2647 inperitiam
2373 2564 2597 2628 Fausti
2654 2564 2762 2627 de·

458 2674 808 2735 monstrare
859 2672 1200 2749 suffecerit,
1250 2674 1487 2751 quanto
1538 2690 1742 2736 errore
1791 2671 2078 2749 delirent,
2129 2670 2239 2751 qui
2284 2673 2513 2753 putant
2560 2670 2764 2753 signis
2803 2684 2862 2723 20

460 2779 1001 2859 sacramentisque
1057 2779 1324 2843 mutat-is
1384 2779 1569 2841 etiam
1631 2799 1731 2843 res
1787 2779 1960 2861 ipsas
2029 2796 2168 2841 esse
2236 2777 2538 2854 diuersas,
2597 2795 2763 2859 quas

460 2885 621 2949 ritus
670 2886 1077 2967 propheticus
1126 2885 1599 2967 praenuntiauit
1644 2884 2008 2967 promissae,
2060 2886 2124 2948 et
2171 2902 2328 2966 quas
2368 2883 2530 2947 ritus
2569 2902 2762 2947 euan-

462 2992 707 3074 gelicus
760 2991 1159 3055 adnuntiauit
1214 2992 1505 3074 inpletas,
1556 2994 1669 3055 aut
1707 2991 1820 3073 qui
1857 2993 2137 3069 censent,
2179 3009 2323 3053 cum
2361 3008 2462 3053 res
2503 2989 2762 3053 eaedem

461 3098 611 3166 sint.
662 3118 783 3163 nou
835 3118 940 3163 eas
998 3098 1139 3161 aliis
1198 3098 1607 3161 sacramentis
1667 3097 2022 3161 adnuntiari
2081 3096 2376 3160 debuisse
2434 3096 2764 3178 conpletas

464 3223 657 3286 quam
704 3206 805 3283 iis,
856 3205 1089 3287 quibus
1137 3204 1342 3269 adhuc
1391 3204 1776 3287 conplendae
1821 3203 2442 3287 praenuntiabantur.
2491 3202 2546 3267 si
2592 3203 2766 3265 enim
2809 3216 2866 3254 2⁵

462 3312 603 3377 soni
660 3312 1019 3389 uerborum,
1080 3311 1311 3391 quibus
1368 3311 1711 3391 loquimur,
1777 3330 1888 3393 pro
1947 3314 2231 3393 tempore
2289 3311 2760 3377 conmutantur.

464 3418 811 3501 eademque
869 3438 967 3483 res
1024 3419 1207 3482 alit-er
1264 3418 1674 3481 adnuntiatur
1728 3417 2033 3493 facienda,
2100 3417 2284 3481 aliter
2338 3416 2524 3483 facta.
2591 3414 2766 3479 sicut

643 3614 676 3663 2
716 3612 780 3666 cf.
813 3610 929 3665 Gal.
970 3611 1019 3675 3,
1060 3610 1128 3663 23
1242 3610 1303 3663 11
1346 3610 1543 3677 Matth.
1583 3610 1672 3674 26,
1711 3609 1780 3663 28

535 3738 569 3787 4
619 3736 711 3805 qui
758 3745 820 3802 (s,
871 3736 927 3801 l.)
971 3736 1016 3790 S
1227 3736 1261 3789 6
1314 3734 1556 3804 queritur
1600 3734 1646 3788 Ο
1860 3735 2183 3787 scrutatores
2229 3741 2316 3797 (ex
2362 3730 2670 3800 scriptores)
2719 3730 2768 3783 G

466 3828 497 3880 8
538 3827 821 3881 discebant
860 3826 916 3893 (d
952 3827 1015 3879 in
1049 3826 1083 3879 b
1124 3828 1281 3889 corr.)
1330 3826 1373 3877 C
1454 3826 1513 3877 .9
1552 3822 1823 3893 proph&is
1862 3824 1936 3877 L¹
2084 3824 2345 3891 quantum
2399 3822 2486 3885 (nc
2525 3834 2660 3874 corr.
2697 3820 2766 3871 in

463 3920 537 3983 m)
586 3916 634 3969 C
740 3916 801 3967 11
844 3912 1159 3967 remissione
1196 3911 1366 3967 ΗΜΘ
1478 3913 1545 3965 14
1582 3912 1776 3965 fierent
1813 3909 2085 3964 L¹MGS¹
2236 3910 2628 3979 emigrauerani
2683 3906 2764 3959 L¹

464 4006 833 4075 migrauerant
892 4004 922 4056 b
1158 4001 1481 4055 liberatione
1541 3999 1594 4054 G
1661 3999 2052 4053 deliberatione
2125 4002 2214 4065 (ev
2274 3998 2405 4052 add.
2466 4014 2534 4049 m.
2583 3998 2644 4063 2)
2695 3996 2770 4048 M

466 4095 532 4147 16
570 4096 878 4164 reppertum
916 4095 967 4147 L
1117 4092 1181 4145 19
1235 4090 1459 4144 aduersa
1511 4090 1562 4145 G
1611 4089 1824 4144 aduersi
1863 4088 1908 4142 S
2048 4088 2120 4141 20
2167 4086 2428 4141 sufficerit
2465 4084 2768 4140 ML¹S¹G2

469 4186 535 4237 22
576 4182 987 4253 praenunciauit
1030 4180 1077 4235 G
1222 4180 1607 4250 euuangelicus
1648 4179 1692 4233 C
1889 4180 1957 4233 23
2005 4180 2230 4231 censent
2266 4176 2389 4245 (cen
2423 4175 2488 4228 in
2519 4174 2656 4241 ras.)
2701 4174 2762 4237 S,

466 4280 521 4338 (n
576 4288 698 4340 sup.
757 4288 825 4325 er.
882 4288 929 4329 s)
978 4270 1023 4323 0
1159 4268 1359 4323 eaedem
1419 4268 1493 4335 1ae
1558 4284 1626 4321 m.
1685 4271 1726 4321 2
1793 4284 1852 4321 ex
1910 4268 1962 4325 a)
2019 4266 2070 4318 L
2133 4269 2138 4274 '
2217 4265 2288 4317 24
2343 4262 2655 4317 annunciari
2723 4262 2776 4316 G

464 4362 534 4413 25
570 4359 654 4414 his
693 4358 952 4414 LSGJIb
1061 4358 1127 4411 27
1169 4357 1501 4427 eandemque
1546 4357 1597 4411 G
