<?xml version="1.0" encoding="UTF-8"?>
<!DOCTYPE html PUBLIC "-//W3C//DTD XHTML 1.0 Transitional//EN"
    "http://www.w3.org/TR/xhtml1/DTD/xhtml1-transitional.dtd">
<html xmlns="http://www.w3.org/1999/xhtml" xml:lang="en" lang="en">
 <head>
  <title>
</title>
<meta http-equiv="Content-Type" content="text/html;charset=utf-8" />
  <meta name='ocr-system' content='tesseract 3.04.00' />
  <meta name='ocr-capabilities' content='ocr_page ocr_carea ocr_par ocr_line ocrx_word'/>
</head>
<body>
  <div class='ocr_page' id='page_1' title='image "./corpusscriptoru27wissgoog_0104.png"; bbox 0 0 3159 4984; ppageno 0'>
   <div class='ocr_carea' id='block_1_1' title="bbox 633 448 2200 520">
    <p class='ocr_par' dir='ltr' id='par_1_1' title="bbox 633 448 2200 520">
     <span class='ocr_line' id='line_1_1' title="bbox 633 448 2200 520; baseline 0.003 -20"><span class='ocrx_word' id='word_1_1' title='bbox 633 448 716 513; x_wconf 88' lang='grc'>96</span> <span class='ocrx_word' id='word_1_2' title='bbox 1324 450 1376 502; x_wconf 92' lang='lat' dir='ltr'>S.</span> <span class='ocrx_word' id='word_1_3' title='bbox 1432 450 1701 504; x_wconf 85' lang='lat' dir='ltr'><strong>Aureli</strong></span> <span class='ocrx_word' id='word_1_4' title='bbox 1760 450 2200 520; x_wconf 78' lang='lat' dir='ltr'><strong>Augustini</strong></span> 
     </span>
    </p>
   </div>
   <div class='ocr_carea' id='block_1_2' title="bbox 565 642 2965 3389">
    <p class='ocr_par' dir='ltr' id='par_1_2' title="bbox 627 642 2895 818">
     <span class='ocr_line' id='line_1_2' title="bbox 723 642 2895 728; baseline 0.003 -23"><span class='ocrx_word' id='word_1_5' title='bbox 723 642 823 705; x_wconf 86' lang='lat'>18.</span> <span class='ocrx_word' id='word_1_6' title='bbox 879 642 1053 707; x_wconf 75' lang='lat' dir='ltr'>Ans.</span> <span class='ocrx_word' id='word_1_7' title='bbox 1103 644 1293 709; x_wconf 79' lang='lat' dir='ltr'>dixit:</span> <span class='ocrx_word' id='word_1_8' title='bbox 1361 645 1706 722; x_wconf 77' lang='lat' dir='ltr'>Memento,</span> <span class='ocrx_word' id='word_1_9' title='bbox 1766 646 1931 728; x_wconf 86' lang='lat' dir='ltr'>quod</span> <span class='ocrx_word' id='word_1_10' title='bbox 1989 648 2317 728; x_wconf 86' lang='lat' dir='ltr'>apostolus</span> <span class='ocrx_word' id='word_1_11' title='bbox 2376 648 2611 712; x_wconf 77' lang='lat' dir='ltr'>dixerit</span> <span class='ocrx_word' id='word_1_12' title='bbox 2666 667 2895 713; x_wconf 86' lang='lat' dir='ltr'>conuer-</span> 
     </span>
     <span class='ocr_line' id='line_1_3' title="bbox 627 749 1850 818; baseline 0.004 -5"><span class='ocrx_word' id='word_1_13' title='bbox 627 749 871 815; x_wconf 84' lang='lat' dir='ltr'>satione</span> <span class='ocrx_word' id='word_1_14' title='bbox 917 770 1034 816; x_wconf 90' lang='lat' dir='ltr'>nos</span> <span class='ocrx_word' id='word_1_15' title='bbox 1083 752 1390 817; x_wconf 86' lang='lat' dir='ltr'>alienatos</span> <span class='ocrx_word' id='word_1_16' title='bbox 1438 771 1474 815; x_wconf 84' lang='lat' dir='ltr'>a</span> <span class='ocrx_word' id='word_1_17' title='bbox 1521 752 1638 818; x_wconf 89' lang='lat' dir='ltr'>deo</span> <span class='ocrx_word' id='word_1_18' title='bbox 1688 772 1850 818; x_wconf 86' lang='lat' dir='ltr'>esse.</span> 
     </span>
    </p>

    <p class='ocr_par' dir='ltr' id='par_1_3' title="bbox 623 858 2959 1369">
     <span class='ocr_line' id='line_1_4' title="bbox 713 858 2892 943; baseline 0.002 -20"><span class='ocrx_word' id='word_1_19' title='bbox 713 858 929 923; x_wconf 79' lang='lat' dir='ltr'><strong>FORT.</strong></span> <span class='ocrx_word' id='word_1_20' title='bbox 980 859 1172 923; x_wconf 84' lang='lat' dir='ltr'>dixit:</span> <span class='ocrx_word' id='word_1_21' title='bbox 1239 858 1440 923; x_wconf 86' lang='lat' dir='ltr'>Trado</span> <span class='ocrx_word' id='word_1_22' title='bbox 1499 878 1617 943; x_wconf 90' lang='lat' dir='ltr'>ego</span> <span class='ocrx_word' id='word_1_23' title='bbox 1677 860 1834 925; x_wconf 85' lang='lat' dir='ltr'>duas</span> <span class='ocrx_word' id='word_1_24' title='bbox 1894 861 2285 925; x_wconf 86' lang='lat' dir='ltr'>substantias</span> <span class='ocrx_word' id='word_1_25' title='bbox 2341 862 2580 927; x_wconf 83' lang='lat' dir='ltr'>fuisse:</span> <span class='ocrx_word' id='word_1_26' title='bbox 2637 864 2701 926; x_wconf 88' lang='lat' dir='ltr'>in</span> <span class='ocrx_word' id='word_1_27' title='bbox 2751 862 2892 927; x_wconf 84' lang='lat' dir='ltr'>lucis</span> 
     </span>
     <span class='ocr_line' id='line_1_5' title="bbox 625 965 2889 1053; baseline 0.003 -24"><span class='ocrx_word' id='word_1_28' title='bbox 625 965 987 1030; x_wconf 84' lang='lat' dir='ltr'>substantia</span> <span class='ocrx_word' id='word_1_29' title='bbox 1033 965 1250 1029; x_wconf 89' lang='lat' dir='ltr'>haberi</span> <span class='ocrx_word' id='word_1_30' title='bbox 1298 965 1506 1043; x_wconf 77' lang='lat' dir='ltr'>deum,</span> <span class='ocrx_word' id='word_1_31' title='bbox 1554 970 1630 1029; x_wconf 91' lang='lat' dir='ltr'>ut</span> <span class='ocrx_word' id='word_1_32' title='bbox 1675 966 1966 1050; x_wconf 89' lang='lat' dir='ltr'>superius</span> <span class='ocrx_word' id='word_1_33' title='bbox 2007 967 2299 1045; x_wconf 80' lang='lat' dir='ltr'>diximus,</span> <span class='ocrx_word' id='word_1_34' title='bbox 2336 969 2889 1053; x_wconf 77' lang='lat' dir='ltr'>incorruptibilem:</span> 
     </span>
     <span class='ocr_line' id='line_1_6' title="bbox 623 1071 2959 1140; baseline 0.001 -5"><span class='ocrx_word' id='word_1_35' title='bbox 623 1071 823 1137; x_wconf 81' lang='lat' dir='ltr'>fuisse</span> <span class='ocrx_word' id='word_1_36' title='bbox 869 1091 1020 1138; x_wconf 88' lang='lat' dir='ltr'>uero</span> <span class='ocrx_word' id='word_1_37' title='bbox 1069 1072 1443 1137; x_wconf 72' lang='lat' dir='ltr'>contraiiam</span> <span class='ocrx_word' id='word_1_38' title='bbox 1490 1075 1779 1137; x_wconf 87' lang='lat' dir='ltr'>naturam</span> <span class='ocrx_word' id='word_1_39' title='bbox 1827 1074 2247 1140; x_wconf 83' lang='lat' dir='ltr'>tenebrarum.</span> <span class='ocrx_word' id='word_1_40' title='bbox 2327 1094 2464 1139; x_wconf 87' lang='lat' dir='ltr'>eam</span> <span class='ocrx_word' id='word_1_41' title='bbox 2521 1076 2757 1139; x_wconf 88' lang='lat' dir='ltr'>uirtute</span> <span class='ocrx_word' id='word_1_42' title='bbox 2808 1075 2893 1138; x_wconf 87' lang='lat' dir='ltr'>dei</span> <span class='ocrx_word' id='word_1_43' title='bbox 2943 1094 2959 1130; x_wconf 82' lang='lat'>⁵</span> 
     </span>
     <span class='ocr_line' id='line_1_7' title="bbox 623 1177 2895 1264; baseline 0.002 -23"><span class='ocrx_word' id='word_1_44' title='bbox 623 1178 795 1242; x_wconf 89' lang='lat' dir='ltr'>uinci</span> <span class='ocrx_word' id='word_1_45' title='bbox 840 1177 1154 1260; x_wconf 86' lang='lat' dir='ltr'>hodieque</span> <span class='ocrx_word' id='word_1_46' title='bbox 1215 1178 1533 1255; x_wconf 86' lang='lat' dir='ltr'>confiteor,</span> <span class='ocrx_word' id='word_1_47' title='bbox 1592 1182 1657 1243; x_wconf 86' lang='lat' dir='ltr'>et</span> <span class='ocrx_word' id='word_1_48' title='bbox 1712 1178 1792 1242; x_wconf 85' lang='lat' dir='ltr'>ad</span> <span class='ocrx_word' id='word_1_49' title='bbox 1845 1200 2058 1244; x_wconf 90' lang='lat' dir='ltr'>meum</span> <span class='ocrx_word' id='word_1_50' title='bbox 2116 1200 2475 1264; x_wconf 87' lang='lat' dir='ltr'>regressum</span> <span class='ocrx_word' id='word_1_51' title='bbox 2533 1182 2895 1245; x_wconf 88' lang='lat' dir='ltr'>saluatorem</span> 
     </span>
     <span class='ocr_line' id='line_1_8' title="bbox 624 1283 2575 1369; baseline 0.002 -21"><span class='ocrx_word' id='word_1_52' title='bbox 624 1303 763 1349; x_wconf 90' lang='lat' dir='ltr'>esse</span> <span class='ocrx_word' id='word_1_53' title='bbox 814 1283 1135 1350; x_wconf 85' lang='lat' dir='ltr'>Christum</span> <span class='ocrx_word' id='word_1_54' title='bbox 1186 1284 1511 1360; x_wconf 87' lang='lat' dir='ltr'>emissum,</span> <span class='ocrx_word' id='word_1_55' title='bbox 1560 1288 1635 1349; x_wconf 84' lang='lat' dir='ltr'>ut</span> <span class='ocrx_word' id='word_1_56' title='bbox 1681 1288 1825 1349; x_wconf 88' lang='lat' dir='ltr'>ante</span> <span class='ocrx_word' id='word_1_57' title='bbox 1872 1286 2042 1350; x_wconf 90' lang='lat' dir='ltr'>idem</span> <span class='ocrx_word' id='word_1_58' title='bbox 2092 1289 2419 1369; x_wconf 85' lang='lat' dir='ltr'>apostolus</span> <span class='ocrx_word' id='word_1_59' title='bbox 2467 1288 2575 1351; x_wconf 86' lang='lat' dir='ltr'>ait.</span> 
     </span>
    </p>

    <p class='ocr_par' dir='ltr' id='par_1_4' title="bbox 565 1391 2965 3389">
     <span class='ocr_line' id='line_1_9' title="bbox 716 1391 2897 1459; baseline 0.001 -5"><span class='ocrx_word' id='word_1_60' title='bbox 716 1392 816 1455; x_wconf 88' lang='lat'>19.</span> <span class='ocrx_word' id='word_1_61' title='bbox 871 1393 1047 1456; x_wconf 87' lang='lat' dir='ltr'><strong><em>AUG.</em></strong></span> <span class='ocrx_word' id='word_1_62' title='bbox 1097 1391 1288 1455; x_wconf 83' lang='lat' dir='ltr'>dixit:</span> <span class='ocrx_word' id='word_1_63' title='bbox 1355 1391 1732 1457; x_wconf 84' lang='lat' dir='ltr'>Rationibus</span> <span class='ocrx_word' id='word_1_64' title='bbox 1780 1394 1855 1455; x_wconf 92' lang='lat' dir='ltr'>ut</span> <span class='ocrx_word' id='word_1_65' title='bbox 1900 1392 2364 1458; x_wconf 81' lang='lat' dir='ltr'>discuteremus</span> <span class='ocrx_word' id='word_1_66' title='bbox 2413 1394 2678 1459; x_wconf 86' lang='lat' dir='ltr'>duarum</span> <span class='ocrx_word' id='word_1_67' title='bbox 2736 1398 2897 1457; x_wconf 85' lang='lat' dir='ltr'>natu-</span> 
     </span>
     <span class='ocr_line' id='line_1_10' title="bbox 618 1497 2901 1580; baseline -0 -18"><span class='ocrx_word' id='word_1_68' title='bbox 618 1518 828 1563; x_wconf 84' lang='lat' dir='ltr'>rarum</span> <span class='ocrx_word' id='word_1_69' title='bbox 874 1500 1083 1573; x_wconf 85' lang='lat' dir='ltr'>fidem,</span> <span class='ocrx_word' id='word_1_70' title='bbox 1133 1497 1578 1580; x_wconf 88' lang='lat' dir='ltr'>interpositum</span> <span class='ocrx_word' id='word_1_71' title='bbox 1636 1500 1735 1563; x_wconf 89' lang='lat' dir='ltr'>est</span> <span class='ocrx_word' id='word_1_72' title='bbox 1791 1498 1867 1561; x_wconf 87' lang='lat' dir='ltr'>ab</span> <span class='ocrx_word' id='word_1_73' title='bbox 1924 1498 2045 1577; x_wconf 88' lang='lat' dir='ltr'>his,</span> <span class='ocrx_word' id='word_1_74' title='bbox 2106 1500 2216 1580; x_wconf 88' lang='lat' dir='ltr'>qui</span> <span class='ocrx_word' id='word_1_75' title='bbox 2272 1518 2385 1565; x_wconf 91' lang='lat' dir='ltr'>nos</span> <span class='ocrx_word' id='word_1_76' title='bbox 2454 1500 2737 1565; x_wconf 87' lang='lat' dir='ltr'>audiunt.</span> <span class='ocrx_word' id='word_1_77' title='bbox 2800 1498 2901 1563; x_wconf 86' lang='lat' dir='ltr'>sed</span> 
     </span>
     <span class='ocr_line' id='line_1_11' title="bbox 619 1604 2963 1689; baseline -0.001 -20"><span class='ocrx_word' id='word_1_78' title='bbox 619 1606 916 1687; x_wconf 90' lang='lat' dir='ltr'>quoniam</span> <span class='ocrx_word' id='word_1_79' title='bbox 965 1606 1044 1669; x_wconf 90' lang='lat' dir='ltr'>ad</span> <span class='ocrx_word' id='word_1_80' title='bbox 1092 1605 1436 1687; x_wconf 86' lang='lat' dir='ltr'>scripturas</span> <span class='ocrx_word' id='word_1_81' title='bbox 1479 1604 1711 1668; x_wconf 89' lang='lat' dir='ltr'>iterum</span> <span class='ocrx_word' id='word_1_82' title='bbox 1750 1604 2117 1689; x_wconf 81' lang='lat' dir='ltr'>confugisti,</span> <span class='ocrx_word' id='word_1_83' title='bbox 2166 1605 2246 1669; x_wconf 88' lang='lat' dir='ltr'>ad</span> <span class='ocrx_word' id='word_1_84' title='bbox 2294 1624 2398 1669; x_wconf 89' lang='lat' dir='ltr'>eas</span> <span class='ocrx_word' id='word_1_85' title='bbox 2438 1624 2555 1689; x_wconf 86' lang='lat' dir='ltr'>ego</span> <span class='ocrx_word' id='word_1_86' title='bbox 2596 1605 2893 1670; x_wconf 83' lang='lat' dir='ltr'>descendo</span> <span class='ocrx_word' id='word_1_87' title='bbox 2930 1630 2963 1667; x_wconf 80' lang='grc' dir='ltr'>ιο</span> 
     </span>
     <span class='ocr_line' id='line_1_12' title="bbox 619 1710 2895 1796; baseline -0 -21"><span class='ocrx_word' id='word_1_88' title='bbox 619 1730 692 1775; x_wconf 87' lang='lat' dir='ltr'>ac</span> <span class='ocrx_word' id='word_1_89' title='bbox 735 1712 896 1775; x_wconf 87' lang='lat' dir='ltr'>nihil</span> <span class='ocrx_word' id='word_1_90' title='bbox 939 1710 1569 1796; x_wconf 84' lang='lat' dir='ltr'>praetermittendum</span> <span class='ocrx_word' id='word_1_91' title='bbox 1616 1729 1757 1775; x_wconf 89' lang='lat' dir='ltr'>esse</span> <span class='ocrx_word' id='word_1_92' title='bbox 1801 1712 2081 1793; x_wconf 85' lang='lat' dir='ltr'>postulo,</span> <span class='ocrx_word' id='word_1_93' title='bbox 2129 1730 2208 1775; x_wconf 91' lang='lat' dir='ltr'>ne</span> <span class='ocrx_word' id='word_1_94' title='bbox 2256 1711 2635 1794; x_wconf 85' lang='lat' dir='ltr'>quibusdam</span> <span class='ocrx_word' id='word_1_95' title='bbox 2692 1711 2895 1794; x_wconf 88' lang='lat' dir='ltr'>capiti-</span> 
     </span>
     <span class='ocr_line' id='line_1_13' title="bbox 618 1816 2893 1900; baseline 0 -19"><span class='ocrx_word' id='word_1_96' title='bbox 618 1817 740 1883; x_wconf 87' lang='lat' dir='ltr'>bus</span> <span class='ocrx_word' id='word_1_97' title='bbox 805 1821 1060 1882; x_wconf 88' lang='lat' dir='ltr'>utentes</span> <span class='ocrx_word' id='word_1_98' title='bbox 1125 1817 1388 1881; x_wconf 84' lang='lat' dir='ltr'>nebulas</span> <span class='ocrx_word' id='word_1_99' title='bbox 1453 1816 1809 1881; x_wconf 81' lang='lat' dir='ltr'>adferamus</span> <span class='ocrx_word' id='word_1_100' title='bbox 1860 1818 1971 1893; x_wconf 89' lang='lat' dir='ltr'>eis,</span> <span class='ocrx_word' id='word_1_101' title='bbox 2032 1817 2264 1900; x_wconf 87' lang='lat' dir='ltr'>quibus</span> <span class='ocrx_word' id='word_1_102' title='bbox 2320 1822 2505 1882; x_wconf 87' lang='lat' dir='ltr'>notae</span> <span class='ocrx_word' id='word_1_103' title='bbox 2562 1818 2893 1900; x_wconf 78' lang='lat' dir='ltr'>scripturae</span> 
     </span>
     <span class='ocr_line' id='line_1_14' title="bbox 616 1922 2889 2006; baseline -0.001 -19"><span class='ocrx_word' id='word_1_104' title='bbox 616 1943 740 1988; x_wconf 91' lang='lat' dir='ltr'>non</span> <span class='ocrx_word' id='word_1_105' title='bbox 807 1928 975 1988; x_wconf 90' lang='lat' dir='ltr'>sunt.</span> <span class='ocrx_word' id='word_1_106' title='bbox 1045 1943 1082 1987; x_wconf 88' lang='lat' dir='ltr'>a</span> <span class='ocrx_word' id='word_1_107' title='bbox 1147 1924 1351 2005; x_wconf 87' lang='lat' dir='ltr'>capite</span> <span class='ocrx_word' id='word_1_108' title='bbox 1417 1922 1616 2006; x_wconf 86' lang='lat' dir='ltr'>igitur</span> <span class='ocrx_word' id='word_1_109' title='bbox 1680 1923 1849 2005; x_wconf 91' lang='lat' dir='ltr'>quod</span> <span class='ocrx_word' id='word_1_110' title='bbox 1920 1923 2111 1986; x_wconf 86' lang='lat' dir='ltr'>habet</span> <span class='ocrx_word' id='word_1_111' title='bbox 2166 1925 2494 2005; x_wconf 85' lang='lat' dir='ltr'>apostolus</span> <span class='ocrx_word' id='word_1_112' title='bbox 2550 1924 2787 1987; x_wconf 86' lang='lat' dir='ltr'>Paulus</span> <span class='ocrx_word' id='word_1_113' title='bbox 2836 1922 2889 1985; x_wconf 91' lang='lat' dir='ltr'>in</span> 
     </span>
     <span class='ocr_line' id='line_1_15' title="bbox 618 2029 2891 2113; baseline -0.002 -19"><span class='ocrx_word' id='word_1_114' title='bbox 618 2030 895 2112; x_wconf 84' lang='lat' dir='ltr'>epistula</span> <span class='ocrx_word' id='word_1_115' title='bbox 940 2049 1058 2095; x_wconf 88' lang='lat' dir='ltr'>sua</span> <span class='ocrx_word' id='word_1_116' title='bbox 1105 2030 1180 2093; x_wconf 86' lang='lat' dir='ltr'>ad</span> <span class='ocrx_word' id='word_1_117' title='bbox 1227 2030 1544 2094; x_wconf 85' lang='lat' dir='ltr'>Romanos</span> <span class='ocrx_word' id='word_1_118' title='bbox 1594 2029 2085 2095; x_wconf 66' lang='lat' dir='ltr'>consideremus</span> <span class='ocrx_word' id='word_1_119' title='bbox 2133 2030 2199 2093; x_wconf 89' lang='lat' dir='ltr'>in</span> <span class='ocrx_word' id='word_1_120' title='bbox 2235 2030 2440 2112; x_wconf 85' lang='lat' dir='ltr'>prima</span> <span class='ocrx_word' id='word_1_121' title='bbox 2474 2031 2641 2094; x_wconf 87' lang='lat' dir='ltr'>enim</span> <span class='ocrx_word' id='word_1_122' title='bbox 2680 2029 2891 2113; x_wconf 84' lang='lat' dir='ltr'>pagina</span> 
     </span>
     <span class='ocr_line' id='line_1_16' title="bbox 617 2137 2957 2219; baseline -0.001 -18"><span class='ocrx_word' id='word_1_123' title='bbox 617 2141 734 2213; x_wconf 90' lang='lat' dir='ltr'>est,</span> <span class='ocrx_word' id='word_1_124' title='bbox 795 2137 960 2219; x_wconf 92' lang='lat' dir='ltr'>quod</span> <span class='ocrx_word' id='word_1_125' title='bbox 1016 2138 1424 2202; x_wconf 87' lang='lat' dir='ltr'>uehementer</span> <span class='ocrx_word' id='word_1_126' title='bbox 1479 2142 1698 2202; x_wconf 86' lang='lat' dir='ltr'>contra</span> <span class='ocrx_word' id='word_1_127' title='bbox 1759 2156 1877 2202; x_wconf 91' lang='lat' dir='ltr'>uos</span> <span class='ocrx_word' id='word_1_128' title='bbox 1944 2142 2059 2201; x_wconf 88' lang='lat' dir='ltr'>est.</span> <span class='ocrx_word' id='word_1_129' title='bbox 2129 2138 2285 2201; x_wconf 89' lang='lat' dir='ltr'>dicit</span> <span class='ocrx_word' id='word_1_130' title='bbox 2350 2138 2553 2202; x_wconf 90' lang='lat' dir='ltr'>enim:</span> <span class='ocrx_word' id='word_1_131' title='bbox 2619 2138 2885 2202; x_wconf 86' lang='lat' dir='ltr'>Paulus</span> <span class='ocrx_word' id='word_1_132' title='bbox 2920 2159 2957 2199; x_wconf 80' lang='lat'>1⁵</span> 
     </span>
     <span class='ocr_line' id='line_1_17' title="bbox 617 2243 2884 2326; baseline -0.001 -18"><span class='ocrx_word' id='word_1_133' title='bbox 617 2261 886 2308; x_wconf 89' lang='lat' dir='ltr'>seruus</span> <span class='ocrx_word' id='word_1_134' title='bbox 915 2244 1088 2308; x_wconf 87' lang='lat' dir='ltr'>Iesu</span> <span class='ocrx_word' id='word_1_135' title='bbox 1123 2243 1428 2319; x_wconf 88' lang='lat' dir='ltr'>Christi,</span> <span class='ocrx_word' id='word_1_136' title='bbox 1459 2247 1781 2308; x_wconf 87' lang='lat' dir='ltr'>uocatus</span> <span class='ocrx_word' id='word_1_137' title='bbox 1817 2245 2233 2326; x_wconf 82' lang='lat' dir='ltr'>apostoluS,</span> <span class='ocrx_word' id='word_1_138' title='bbox 2282 2244 2884 2326; x_wconf 81' lang='lat' dir='ltr'>praedestinatus</span> 
     </span>
     <span class='ocr_line' id='line_1_18' title="bbox 613 2349 2886 2434; baseline 0.001 -21"><span class='ocrx_word' id='word_1_139' title='bbox 613 2349 686 2413; x_wconf 90' lang='lat' dir='ltr'>in</span> <span class='ocrx_word' id='word_1_140' title='bbox 754 2350 1238 2433; x_wconf 86' lang='lat' dir='ltr'>euangelium</span> <span class='ocrx_word' id='word_1_141' title='bbox 1306 2349 1442 2413; x_wconf 90' lang='lat' dir='ltr'>dei.</span> <span class='ocrx_word' id='word_1_142' title='bbox 1526 2349 1721 2431; x_wconf 90' lang='lat' dir='ltr'>quod</span> <span class='ocrx_word' id='word_1_143' title='bbox 1796 2352 1966 2413; x_wconf 85' lang='lat' dir='ltr'>ante</span> <span class='ocrx_word' id='word_1_144' title='bbox 2033 2350 2489 2432; x_wconf 85' lang='lat' dir='ltr'>promiserat</span> <span class='ocrx_word' id='word_1_145' title='bbox 2552 2371 2683 2433; x_wconf 87' lang='lat' dir='ltr'>per</span> <span class='ocrx_word' id='word_1_146' title='bbox 2743 2370 2886 2434; x_wconf 89' lang='lat' dir='ltr'>pro-</span> 
     </span>
     <span class='ocr_line' id='line_1_19' title="bbox 615 2455 2885 2539; baseline -0.001 -19"><span class='ocrx_word' id='word_1_147' title='bbox 615 2457 885 2539; x_wconf 90' lang='lat' dir='ltr'>phetas</span> <span class='ocrx_word' id='word_1_148' title='bbox 935 2476 1112 2521; x_wconf 89' lang='lat' dir='ltr'>suos</span> <span class='ocrx_word' id='word_1_149' title='bbox 1161 2458 1230 2519; x_wconf 91' lang='lat' dir='ltr'>in</span> <span class='ocrx_word' id='word_1_150' title='bbox 1283 2457 1693 2539; x_wconf 87' lang='lat' dir='ltr'>scripturis</span> <span class='ocrx_word' id='word_1_151' title='bbox 1744 2457 2055 2527; x_wconf 86' lang='lat' dir='ltr'>sanctis,</span> <span class='ocrx_word' id='word_1_152' title='bbox 2106 2456 2189 2520; x_wconf 93' lang='lat' dir='ltr'>de</span> <span class='ocrx_word' id='word_1_153' title='bbox 2236 2455 2428 2530; x_wconf 89' lang='lat' dir='ltr'>filio,</span> <span class='ocrx_word' id='word_1_154' title='bbox 2478 2458 2605 2539; x_wconf 90' lang='lat' dir='ltr'>qui</span> <span class='ocrx_word' id='word_1_155' title='bbox 2653 2458 2885 2522; x_wconf 85' lang='lat' dir='ltr'>faetus</span> 
     </span>
     <span class='ocr_line' id='line_1_20' title="bbox 615 2562 2885 2646; baseline -0.001 -18"><span class='ocrx_word' id='word_1_156' title='bbox 615 2565 730 2628; x_wconf 87' lang='lat' dir='ltr'>est</span> <span class='ocrx_word' id='word_1_157' title='bbox 785 2563 852 2627; x_wconf 91' lang='lat' dir='ltr'>ei</span> <span class='ocrx_word' id='word_1_158' title='bbox 911 2582 989 2627; x_wconf 84' lang='lat' dir='ltr'>ex</span> <span class='ocrx_word' id='word_1_159' title='bbox 1047 2564 1332 2627; x_wconf 87' lang='lat' dir='ltr'>semine</span> <span class='ocrx_word' id='word_1_160' title='bbox 1379 2563 1624 2627; x_wconf 89' lang='lat' dir='ltr'>Dauid</span> <span class='ocrx_word' id='word_1_161' title='bbox 1686 2562 2094 2627; x_wconf 87' lang='lat' dir='ltr'>secundum</span> <span class='ocrx_word' id='word_1_162' title='bbox 2155 2582 2468 2632; x_wconf 85' lang='lat' dir='ltr'>carnem,</span> <span class='ocrx_word' id='word_1_163' title='bbox 2529 2564 2657 2645; x_wconf 87' lang='lat' dir='ltr'>qui</span> <span class='ocrx_word' id='word_1_164' title='bbox 2703 2580 2885 2646; x_wconf 86' lang='lat' dir='ltr'>prae-</span> 
     </span>
     <span class='ocr_line' id='line_1_21' title="bbox 616 2669 2961 2753; baseline 0 -20"><span class='ocrx_word' id='word_1_165' title='bbox 616 2670 1058 2735; x_wconf 87' lang='lat' dir='ltr'>destinatus</span> <span class='ocrx_word' id='word_1_166' title='bbox 1093 2673 1208 2733; x_wconf 89' lang='lat' dir='ltr'>est</span> <span class='ocrx_word' id='word_1_167' title='bbox 1235 2670 1456 2734; x_wconf 87' lang='lat' dir='ltr'>filius</span> <span class='ocrx_word' id='word_1_168' title='bbox 1499 2670 1615 2733; x_wconf 86' lang='lat' dir='ltr'>dei</span> <span class='ocrx_word' id='word_1_169' title='bbox 1654 2669 1725 2734; x_wconf 88' lang='lat' dir='ltr'>in</span> <span class='ocrx_word' id='word_1_170' title='bbox 1766 2669 2057 2733; x_wconf 91' lang='lat' dir='ltr'>uirtute</span> <span class='ocrx_word' id='word_1_171' title='bbox 2099 2670 2512 2734; x_wconf 89' lang='lat' dir='ltr'>secundum</span> <span class='ocrx_word' id='word_1_172' title='bbox 2552 2669 2885 2753; x_wconf 85' lang='lat' dir='ltr'>spiritum</span> <span class='ocrx_word' id='word_1_173' title='bbox 2920 2692 2961 2733; x_wconf 69' lang='lat' dir='ltr'>a</span> 
     </span>
     <span class='ocr_line' id='line_1_22' title="bbox 614 2774 2889 2841; baseline -0.002 0"><span class='ocrx_word' id='word_1_174' title='bbox 614 2776 1282 2841; x_wconf 81' lang='lat' dir='ltr'>sanctificationis</span> <span class='ocrx_word' id='word_1_175' title='bbox 1369 2796 1452 2841; x_wconf 83' lang='lat' dir='ltr'>ex</span> <span class='ocrx_word' id='word_1_176' title='bbox 1532 2776 2099 2840; x_wconf 88' lang='lat' dir='ltr'>resurrectione</span> <span class='ocrx_word' id='word_1_177' title='bbox 2192 2779 2651 2840; x_wconf 86' lang='lat' dir='ltr'>mortuorum</span> <span class='ocrx_word' id='word_1_178' title='bbox 2733 2774 2889 2839; x_wconf 88' lang='lat' dir='ltr'>Iesu</span> 
     </span>
     <span class='ocr_line' id='line_1_23' title="bbox 565 2881 2887 2965; baseline -0.002 -17"><span class='ocrx_word' id='word_1_179' title='bbox 565 2906 567 2909; x_wconf 49' lang='lat'><strong>⁴</strong></span> <span class='ocrx_word' id='word_1_180' title='bbox 617 2882 906 2949; x_wconf 87' lang='lat' dir='ltr'>Christi</span> <span class='ocrx_word' id='word_1_181' title='bbox 944 2882 1226 2947; x_wconf 88' lang='lat' dir='ltr'>domini</span> <span class='ocrx_word' id='word_1_182' title='bbox 1265 2883 1526 2947; x_wconf 89' lang='lat' dir='ltr'>nostri.</span> <span class='ocrx_word' id='word_1_183' title='bbox 1567 2882 1861 2947; x_wconf 88' lang='lat' dir='ltr'>uidemus</span> <span class='ocrx_word' id='word_1_184' title='bbox 1900 2883 2263 2965; x_wconf 85' lang='lat' dir='ltr'>apostolum</span> <span class='ocrx_word' id='word_1_185' title='bbox 2292 2882 2369 2945; x_wconf 87' lang='lat' dir='ltr'>de</span> <span class='ocrx_word' id='word_1_186' title='bbox 2398 2881 2653 2947; x_wconf 90' lang='lat' dir='ltr'>domino</span> <span class='ocrx_word' id='word_1_187' title='bbox 2690 2884 2887 2945; x_wconf 88' lang='lat' dir='ltr'>nostro</span> 
     </span>
     <span class='ocr_line' id='line_1_24' title="bbox 612 2982 2889 3072; baseline -0.002 -19"><span class='ocrx_word' id='word_1_188' title='bbox 612 3008 727 3055; x_wconf 87' lang='lat' dir='ltr'>nos</span> <span class='ocrx_word' id='word_1_189' title='bbox 776 2990 1018 3063; x_wconf 90' lang='lat' dir='ltr'>docere,</span> <span class='ocrx_word' id='word_1_190' title='bbox 1069 2992 1145 3052; x_wconf 92' lang='lat' dir='ltr'>ut</span> <span class='ocrx_word' id='word_1_191' title='bbox 1181 2992 1248 3052; x_wconf 90' lang='lat' dir='ltr'>et</span> <span class='ocrx_word' id='word_1_192' title='bbox 1283 2988 1521 3052; x_wconf 84' lang='lat' dir='ltr'>uirtute</span> <span class='ocrx_word' id='word_1_193' title='bbox 1562 2987 1663 3053; x_wconf 91' lang='lat' dir='ltr'>dei</span> <span class='ocrx_word' id='word_1_194' title='bbox 1702 2990 1846 3051; x_wconf 89' lang='lat' dir='ltr'>ante</span> <span class='ocrx_word' id='word_1_195' title='bbox 1886 3007 2136 3052; x_wconf 87' lang='lat' dir='ltr'>carnem</span> <span class='ocrx_word' id='word_1_196' title='bbox 2171 2982 2678 3072; x_wconf 83' lang='lat' dir='ltr'>praedestinatus</span> <span class='ocrx_word' id='word_1_197' title='bbox 2714 2986 2889 3051; x_wconf 84' lang='lat' dir='ltr'>suerit</span> 
     </span>
     <span class='ocr_line' id='line_1_25' title="bbox 615 3093 2891 3159; baseline -0.002 0"><span class='ocrx_word' id='word_1_198' title='bbox 615 3097 680 3159; x_wconf 90' lang='lat' dir='ltr'>et</span> <span class='ocrx_word' id='word_1_199' title='bbox 726 3095 1076 3159; x_wconf 89' lang='lat' dir='ltr'>secundum</span> <span class='ocrx_word' id='word_1_200' title='bbox 1125 3112 1373 3158; x_wconf 87' lang='lat' dir='ltr'>carnem</span> <span class='ocrx_word' id='word_1_201' title='bbox 1420 3093 1629 3158; x_wconf 84' lang='lat' dir='ltr'>sactus</span> <span class='ocrx_word' id='word_1_202' title='bbox 1680 3093 1765 3158; x_wconf 92' lang='lat' dir='ltr'>sit</span> <span class='ocrx_word' id='word_1_203' title='bbox 1811 3095 1867 3159; x_wconf 91' lang='lat' dir='ltr'>ei</span> <span class='ocrx_word' id='word_1_204' title='bbox 1918 3093 1993 3157; x_wconf 93' lang='lat' dir='ltr'>de</span> <span class='ocrx_word' id='word_1_205' title='bbox 2042 3094 2280 3159; x_wconf 83' lang='lat' dir='ltr'>semine</span> <span class='ocrx_word' id='word_1_206' title='bbox 2326 3094 2556 3159; x_wconf 85' lang='lat' dir='ltr'>Dauid.</span> <span class='ocrx_word' id='word_1_207' title='bbox 2623 3094 2741 3158; x_wconf 89' lang='lat' dir='ltr'>hoc</span> <span class='ocrx_word' id='word_1_208' title='bbox 2784 3110 2891 3157; x_wconf 89' lang='lat' dir='ltr'>uos</span> 
     </span>
     <span class='ocr_line' id='line_1_26' title="bbox 613 3197 2965 3285; baseline 0 -20"><span class='ocrx_word' id='word_1_209' title='bbox 613 3220 758 3265; x_wconf 87' lang='lat' dir='ltr'>cum</span> <span class='ocrx_word' id='word_1_210' title='bbox 807 3218 1059 3283; x_wconf 89' lang='lat' dir='ltr'>semper</span> <span class='ocrx_word' id='word_1_211' title='bbox 1105 3199 1492 3284; x_wconf 87' lang='lat' dir='ltr'>negaueritis</span> <span class='ocrx_word' id='word_1_212' title='bbox 1539 3203 1605 3264; x_wconf 91' lang='lat' dir='ltr'>et</span> <span class='ocrx_word' id='word_1_213' title='bbox 1648 3201 1918 3285; x_wconf 88' lang='lat' dir='ltr'>negetis,</span> <span class='ocrx_word' id='word_1_214' title='bbox 1978 3200 2293 3282; x_wconf 90' lang='lat' dir='ltr'>quomodo</span> <span class='ocrx_word' id='word_1_215' title='bbox 2342 3200 2684 3282; x_wconf 86' lang='lat' dir='ltr'>scripturas</span> <span class='ocrx_word' id='word_1_216' title='bbox 2728 3197 2892 3282; x_wconf 78' lang='lat' dir='ltr'>flagi-</span> <span class='ocrx_word' id='word_1_217' title='bbox 2921 3225 2965 3266; x_wconf 67' lang='grc' dir='ltr'>ιε»</span> 
     </span>
     <span class='ocr_line' id='line_1_27' title="bbox 609 3306 2211 3389; baseline 0.001 -20"><span class='ocrx_word' id='word_1_218' title='bbox 609 3307 783 3380; x_wconf 86' lang='lat' dir='ltr'>tatis,</span> <span class='ocrx_word' id='word_1_219' title='bbox 831 3310 908 3370; x_wconf 92' lang='lat' dir='ltr'>ut</span> <span class='ocrx_word' id='word_1_220' title='bbox 955 3306 1306 3371; x_wconf 88' lang='lat' dir='ltr'>secundum</span> <span class='ocrx_word' id='word_1_221' title='bbox 1353 3325 1460 3371; x_wconf 84' lang='lat' dir='ltr'>eas</span> <span class='ocrx_word' id='word_1_222' title='bbox 1506 3306 1721 3389; x_wconf 86' lang='lat' dir='ltr'>potius</span> <span class='ocrx_word' id='word_1_223' title='bbox 1774 3307 2211 3373; x_wconf 79' lang='lat' dir='ltr'>disseramus?</span> 
     </span>
    </p>
   </div>
   <div class='ocr_carea' id='block_1_3' title="bbox 794 3516 1374 3585">
    <p class='ocr_par' dir='ltr' id='par_1_5' title="bbox 794 3516 1374 3585">
     <span class='ocr_line' id='line_1_28' title="bbox 794 3516 1374 3585; baseline 0 -16"><span class='ocrx_word' id='word_1_224' title='bbox 794 3517 860 3569; x_wconf 87' lang='grc'>15</span> <span class='ocrx_word' id='word_1_225' title='bbox 899 3516 1051 3569; x_wconf 88' lang='lat' dir='ltr'>Rom.</span> <span class='ocrx_word' id='word_1_226' title='bbox 1095 3518 1143 3577; x_wconf 86' lang='lat'>1,</span> <span class='ocrx_word' id='word_1_227' title='bbox 1188 3517 1216 3569; x_wconf 89' lang='lat'>1</span> <span class='ocrx_word' id='word_1_228' title='bbox 1259 3533 1374 3585; x_wconf 90' lang='lat' dir='ltr'>sqq.</span> 
     </span>
    </p>
   </div>
   <div class='ocr_carea' id='block_1_4' title="bbox 689 3692 2901 3759">
    <p class='ocr_par' dir='ltr' id='par_1_6' title="bbox 689 3692 2901 3759">
     <span class='ocr_line' id='line_1_29' title="bbox 689 3692 2901 3759; baseline 0 -14"><span class='ocrx_word' id='word_1_229' title='bbox 689 3693 722 3746; x_wconf 83' lang='lat'>2</span> <span class='ocrx_word' id='word_1_230' title='bbox 755 3708 868 3746; x_wconf 88' lang='lat' dir='ltr'>esse</span> <span class='ocrx_word' id='word_1_231' title='bbox 898 3709 930 3746; x_wconf 87' lang='lat' dir='ltr'>a</span> <span class='ocrx_word' id='word_1_232' title='bbox 958 3692 1059 3747; x_wconf 89' lang='lat' dir='ltr'>deo</span> <span class='ocrx_word' id='word_1_233' title='bbox 1090 3693 1143 3745; x_wconf 98' lang='lat' dir='ltr'><strong><em>A</em></strong></span> <span class='ocrx_word' id='word_1_234' title='bbox 1273 3709 1387 3747; x_wconf 87' lang='lat' dir='ltr'>esse</span> <span class='ocrx_word' id='word_1_235' title='bbox 1408 3709 1509 3747; x_wconf 86' lang='lat' dir='ltr'>om.</span> <span class='ocrx_word' id='word_1_236' title='bbox 1541 3703 1574 3738; x_wconf 48' lang='grc' dir='ltr'>ἡ</span> <span class='ocrx_word' id='word_1_237' title='bbox 1652 3695 1685 3746; x_wconf 88' lang='grc'><strong>4</strong></span> <span class='ocrx_word' id='word_1_238' title='bbox 1714 3693 1861 3748; x_wconf 82' lang='lat' dir='ltr'>aberi</span> <span class='ocrx_word' id='word_1_239' title='bbox 1889 3695 1944 3747; x_wconf 90' lang='lat' dir='ltr'><strong><em>A</em></strong></span> <span class='ocrx_word' id='word_1_240' title='bbox 2074 3694 2437 3749; x_wconf 70' lang='lat' dir='ltr'>ut--diximus</span> <span class='ocrx_word' id='word_1_241' title='bbox 2454 3712 2557 3749; x_wconf 81' lang='lat' dir='ltr'>om‚</span> <span class='ocrx_word' id='word_1_242' title='bbox 2578 3696 2633 3748; x_wconf 90' lang='lat' dir='ltr'><strong><em>A</em></strong></span> <span class='ocrx_word' id='word_1_243' title='bbox 2704 3694 2733 3747; x_wconf 85' lang='lat'>5</span> <span class='ocrx_word' id='word_1_244' title='bbox 2760 3692 2901 3759; x_wconf 81' lang='lat' dir='ltr'>eam]</span> 
     </span>
    </p>
   </div>
   <div class='ocr_carea' id='block_1_5' title="bbox 613 3764 2907 4326">
    <p class='ocr_par' dir='ltr' id='par_1_7' title="bbox 613 3764 2907 4326">
     <span class='ocr_line' id='line_1_30' title="bbox 617 3764 2901 3880; baseline -0.001 -18"><span class='ocrx_word' id='word_1_245' title='bbox 617 3823 736 3862; x_wconf 83' lang='lat' dir='ltr'>eam</span> <span class='ocrx_word' id='word_1_246' title='bbox 782 3824 942 3877; x_wconf 82' lang='lat' dir='ltr'>quam</span> <span class='ocrx_word' id='word_1_247' title='bbox 990 3808 1021 3860; x_wconf 88' lang='lat' dir='ltr'><strong><em>b</em></strong></span> <span class='ocrx_word' id='word_1_248' title='bbox 1132 3810 1164 3861; x_wconf 88' lang='grc'>6</span> <span class='ocrx_word' id='word_1_249' title='bbox 1210 3764 1453 3877; x_wconf 66' lang='lat' dir='ltr'>hodieque</span> <span class='ocrx_word' id='word_1_250' title='bbox 1498 3808 1554 3861; x_wconf 90' lang='grc' dir='ltr'><strong><em>Β</em></strong></span> <span class='ocrx_word' id='word_1_251' title='bbox 1596 3806 1865 3879; x_wconf 69' lang='lat' dir='ltr'>hodieque</span> <span class='ocrx_word' id='word_1_252' title='bbox 1911 3810 1966 3862; x_wconf 88' lang='lat' dir='ltr'><strong><em>A</em></strong></span> <span class='ocrx_word' id='word_1_253' title='bbox 2014 3808 2177 3865; x_wconf 89' lang='lat' dir='ltr'>hodie</span> <span class='ocrx_word' id='word_1_254' title='bbox 2226 3815 2284 3865; x_wconf 91' lang='lat' dir='ltr'>et</span> <span class='ocrx_word' id='word_1_255' title='bbox 2329 3811 2368 3863; x_wconf 90' lang='lat' dir='ltr'><strong><em>S</em></strong></span> <span class='ocrx_word' id='word_1_256' title='bbox 2407 3809 2569 3864; x_wconf 81' lang='lat' dir='ltr'>hodie</span> <span class='ocrx_word' id='word_1_257' title='bbox 2616 3824 2825 3880; x_wconf 86' lang='lat' dir='ltr'>quoque</span> <span class='ocrx_word' id='word_1_258' title='bbox 2872 3806 2901 3859; x_wconf 80' lang='lat' dir='ltr'>b</span> 
     </span>
     <span class='ocr_line' id='line_1_31' title="bbox 613 3896 2899 3969; baseline 0 -18"><span class='ocrx_word' id='word_1_259' title='bbox 613 3902 739 3965; x_wconf 66' lang='lat' dir='ltr'>xpm</span> <span class='ocrx_word' id='word_1_260' title='bbox 777 3913 892 3951; x_wconf 87' lang='lat' dir='ltr'>esse</span> <span class='ocrx_word' id='word_1_261' title='bbox 933 3898 1258 3951; x_wconf 81' lang='lat' dir='ltr'>saluatorem</span> <span class='ocrx_word' id='word_1_262' title='bbox 1295 3897 1350 3950; x_wconf 88' lang='lat' dir='ltr'><strong><em>A</em></strong></span> <span class='ocrx_word' id='word_1_263' title='bbox 1394 3897 1454 3949; x_wconf 88' lang='lat'>-7</span> <span class='ocrx_word' id='word_1_264' title='bbox 1494 3900 1622 3951; x_wconf 85' lang='lat' dir='ltr'>ante</span> <span class='ocrx_word' id='word_1_265' title='bbox 1660 3913 1762 3951; x_wconf 77' lang='lat' dir='ltr'>om.</span> <span class='ocrx_word' id='word_1_266' title='bbox 1791 3898 1846 3950; x_wconf 87' lang='lat' dir='ltr'><strong><em>A</em></strong></span> <span class='ocrx_word' id='word_1_267' title='bbox 1996 3900 2274 3969; x_wconf 82' lang='lat' dir='ltr'>apostolus</span> <span class='ocrx_word' id='word_1_268' title='bbox 2310 3900 2455 3954; x_wconf 90' lang='lat' dir='ltr'>idem</span> <span class='ocrx_word' id='word_1_269' title='bbox 2486 3900 2591 3955; x_wconf 87' lang='lat' dir='ltr'>AS</span> <span class='ocrx_word' id='word_1_270' title='bbox 2724 3896 2755 3951; x_wconf 89' lang='lat'>8</span> <span class='ocrx_word' id='word_1_271' title='bbox 2792 3900 2899 3952; x_wconf 76' lang='lat' dir='ltr'>tra-</span> 
     </span>
     <span class='ocr_line' id='line_1_32' title="bbox 617 3982 2901 4059; baseline 0.001 -22"><span class='ocrx_word' id='word_1_272' title='bbox 617 3982 916 4039; x_wconf 87' lang='lat' dir='ltr'>ditionibus</span> <span class='ocrx_word' id='word_1_273' title='bbox 953 3984 1094 4038; x_wconf 87' lang='lat' dir='ltr'>BPb</span> <span class='ocrx_word' id='word_1_274' title='bbox 1266 3986 1298 4039; x_wconf 88' lang='grc'>9</span> <span class='ocrx_word' id='word_1_275' title='bbox 1333 3985 1650 4056; x_wconf 87' lang='lat' dir='ltr'>impositum</span> <span class='ocrx_word' id='word_1_276' title='bbox 1690 3984 1737 4040; x_wconf 98' lang='lat' dir='ltr'><strong><em>S</em></strong></span> <span class='ocrx_word' id='word_1_277' title='bbox 1905 3988 1972 4042; x_wconf 89' lang='grc'>10</span> <span class='ocrx_word' id='word_1_278' title='bbox 2009 3988 2207 4043; x_wconf 88' lang='lat' dir='ltr'>iterum</span> <span class='ocrx_word' id='word_1_279' title='bbox 2244 4006 2349 4045; x_wconf 84' lang='lat' dir='ltr'>om.</span> <span class='ocrx_word' id='word_1_280' title='bbox 2384 3990 2440 4042; x_wconf 89' lang='lat' dir='ltr'><strong><em>A</em></strong></span> <span class='ocrx_word' id='word_1_281' title='bbox 2604 3990 2715 4059; x_wconf 85' lang='lat' dir='ltr'>eas]</span> <span class='ocrx_word' id='word_1_282' title='bbox 2752 4004 2816 4042; x_wconf 84' lang='lat' dir='ltr'>ea</span> <span class='ocrx_word' id='word_1_283' title='bbox 2850 3988 2901 4039; x_wconf 86' lang='lat' dir='ltr'><strong><em>A</em></strong></span> 
     </span>
     <span class='ocr_line' id='line_1_33' title="bbox 619 4074 2902 4147; baseline 0.002 -20"><span class='ocrx_word' id='word_1_284' title='bbox 619 4074 685 4127; x_wconf 89' lang='lat'>11</span> <span class='ocrx_word' id='word_1_285' title='bbox 725 4076 808 4144; x_wconf 82' lang='lat' dir='ltr'>ac]</span> <span class='ocrx_word' id='word_1_286' title='bbox 844 4074 946 4127; x_wconf 88' lang='lat' dir='ltr'>hac</span> <span class='ocrx_word' id='word_1_287' title='bbox 982 4075 1037 4127; x_wconf 88' lang='lat' dir='ltr'><strong><em>A</em></strong></span> <span class='ocrx_word' id='word_1_288' title='bbox 1181 4074 1651 4129; x_wconf 83' lang='lat' dir='ltr'>intermittendum</span> <span class='ocrx_word' id='word_1_289' title='bbox 1691 4075 1740 4130; x_wconf 89' lang='lat' dir='ltr'><strong><em>S</em></strong></span> <span class='ocrx_word' id='word_1_290' title='bbox 1808 4078 1875 4130; x_wconf 84' lang='lat'>12</span> <span class='ocrx_word' id='word_1_291' title='bbox 1904 4078 2132 4133; x_wconf 85' lang='lat' dir='ltr'>nebulos</span> <span class='ocrx_word' id='word_1_292' title='bbox 2167 4077 2281 4131; x_wconf 79' lang='grc' dir='ltr'>ΑΡ</span> <span class='ocrx_word' id='word_1_293' title='bbox 2313 4078 2540 4133; x_wconf 86' lang='lat' dir='ltr'>nebulas</span> <span class='ocrx_word' id='word_1_294' title='bbox 2581 4081 2633 4147; x_wconf 95' lang='lat' dir='ltr'>(o</span> <span class='ocrx_word' id='word_1_295' title='bbox 2670 4094 2805 4134; x_wconf 80' lang='lat' dir='ltr'>corr.</span> <span class='ocrx_word' id='word_1_296' title='bbox 2842 4078 2902 4131; x_wconf 70' lang='lat' dir='ltr'>iu</span> 
     </span>
     <span class='ocr_line' id='line_1_34' title="bbox 619 4156 2901 4239; baseline 0 -23"><span class='ocrx_word' id='word_1_297' title='bbox 619 4166 670 4229; x_wconf 85' lang='lat' dir='ltr'>a)</span> <span class='ocrx_word' id='word_1_298' title='bbox 718 4163 774 4217; x_wconf 91' lang='lat' dir='ltr'><em>B</em></span> <span class='ocrx_word' id='word_1_299' title='bbox 919 4164 985 4217; x_wconf 87' lang='lat'>13</span> <span class='ocrx_word' id='word_1_300' title='bbox 1035 4180 1067 4217; x_wconf 87' lang='lat' dir='ltr'>a</span> <span class='ocrx_word' id='word_1_301' title='bbox 1113 4163 1310 4234; x_wconf 87' lang='lat' dir='ltr'>capite]</span> <span class='ocrx_word' id='word_1_302' title='bbox 1357 4164 1587 4235; x_wconf 75' lang='lat' dir='ltr'>accipite</span> <span class='ocrx_word' id='word_1_303' title='bbox 1633 4165 1688 4218; x_wconf 89' lang='lat' dir='ltr'><strong><em>B</em></strong></span> <span class='ocrx_word' id='word_1_304' title='bbox 1836 4168 1903 4221; x_wconf 87' lang='lat'>14</span> <span class='ocrx_word' id='word_1_305' title='bbox 1948 4184 2049 4221; x_wconf 80' lang='lat' dir='ltr'>sua</span> <span class='ocrx_word' id='word_1_306' title='bbox 2093 4184 2195 4223; x_wconf 87' lang='lat' dir='ltr'>om.</span> <span class='ocrx_word' id='word_1_307' title='bbox 2242 4166 2346 4223; x_wconf 89' lang='lat' dir='ltr'>PS</span> <span class='ocrx_word' id='word_1_308' title='bbox 2494 4169 2563 4223; x_wconf 84' lang='lat'>16</span> <span class='ocrx_word' id='word_1_309' title='bbox 2598 4156 2688 4239; x_wconf 51' lang='lat' dir='ltr'>fii</span> <span class='ocrx_word' id='word_1_310' title='bbox 2720 4167 2835 4222; x_wconf 85' lang='lat' dir='ltr'>iesu</span> <span class='ocrx_word' id='word_1_311' title='bbox 2872 4164 2901 4217; x_wconf 81' lang='lat' dir='ltr'>b</span> 
     </span>
     <span class='ocr_line' id='line_1_35' title="bbox 621 4252 2907 4326; baseline 0.002 -22"><span class='ocrx_word' id='word_1_312' title='bbox 621 4252 896 4321; x_wconf 83' lang='lat' dir='ltr'>apostolus</span> <span class='ocrx_word' id='word_1_313' title='bbox 929 4253 1012 4317; x_wconf 75' lang='lat' dir='ltr'>(in</span> <span class='ocrx_word' id='word_1_314' title='bbox 1037 4268 1206 4321; x_wconf 74' lang='lat' dir='ltr'>mary.</span> <span class='ocrx_word' id='word_1_315' title='bbox 1228 4270 1296 4308; x_wconf 87' lang='lat' dir='ltr'>m.</span> <span class='ocrx_word' id='word_1_316' title='bbox 1321 4255 1362 4305; x_wconf 78' lang='lat'><strong><em>2</em></strong></span> <span class='ocrx_word' id='word_1_317' title='bbox 1389 4252 1542 4321; x_wconf 82' lang='lat' dir='ltr'>add.)</span> <span class='ocrx_word' id='word_1_318' title='bbox 1572 4253 1629 4306; x_wconf 89' lang='lat' dir='ltr'><em>B</em></span> <span class='ocrx_word' id='word_1_319' title='bbox 1705 4254 1771 4308; x_wconf 89' lang='lat'>18</span> <span class='ocrx_word' id='word_1_320' title='bbox 1800 4254 1911 4308; x_wconf 88' lang='lat' dir='ltr'>filio</span> <span class='ocrx_word' id='word_1_321' title='bbox 1942 4272 2038 4309; x_wconf 91' lang='lat' dir='ltr'>suo</span> <span class='ocrx_word' id='word_1_322' title='bbox 2068 4255 2195 4310; x_wconf 81' lang='lat' dir='ltr'>PSb</span> <span class='ocrx_word' id='word_1_323' title='bbox 2342 4256 2718 4326; x_wconf 84' lang='lat' dir='ltr'>qui—carnem</span> <span class='ocrx_word' id='word_1_324' title='bbox 2743 4273 2845 4310; x_wconf 79' lang='lat' dir='ltr'>om.</span> <span class='ocrx_word' id='word_1_325' title='bbox 2866 4255 2907 4309; x_wconf 90' lang='lat' dir='ltr'><strong><em>S</em></strong></span> 
     </span>
    </p>
   </div>
   <div class='ocr_carea' id='block_1_6' title="bbox 621 4338 2529 4441">
    <p class='ocr_par' dir='ltr' id='par_1_8' title="bbox 621 4338 2529 4441">
     <span class='ocr_line' id='line_1_36' title="bbox 621 4338 2529 4441; baseline 0.003 -22"><span class='ocrx_word' id='word_1_326' title='bbox 621 4366 691 4419; x_wconf 87' lang='lat'>23</span> <span class='ocrx_word' id='word_1_327' title='bbox 729 4367 803 4436; x_wconf 89' lang='lat' dir='ltr'>et]</span> <span class='ocrx_word' id='word_1_328' title='bbox 844 4384 904 4421; x_wconf 84' lang='lat' dir='ltr'>ex</span> <span class='ocrx_word' id='word_1_329' title='bbox 945 4366 990 4420; x_wconf 91' lang='lat' dir='ltr'><strong><em>S</em></strong></span> <span class='ocrx_word' id='word_1_330' title='bbox 1130 4367 1334 4421; x_wconf 71' lang='lat' dir='ltr'>uirtute</span> <span class='ocrx_word' id='word_1_331' title='bbox 1372 4368 1426 4420; x_wconf 82' lang='lat' dir='ltr'><strong><em>A</em></strong></span> <span class='ocrx_word' id='word_1_332' title='bbox 1535 4368 1605 4422; x_wconf 85' lang='lat'>24</span> <span class='ocrx_word' id='word_1_333' title='bbox 1644 4368 1733 4439; x_wconf 91' lang='lat' dir='ltr'>de]</span> <span class='ocrx_word' id='word_1_334' title='bbox 1772 4386 1833 4423; x_wconf 87' lang='lat' dir='ltr'>ex</span> <span class='ocrx_word' id='word_1_335' title='bbox 1860 4368 1993 4424; x_wconf 84' lang='lat' dir='ltr'>ASb</span> <span class='ocrx_word' id='word_1_336' title='bbox 2104 4370 2175 4425; x_wconf 83' lang='lat'>25</span> <span class='ocrx_word' id='word_1_337' title='bbox 2213 4338 2455 4441; x_wconf 74' lang='lat' dir='ltr'>quomod²</span> <span class='ocrx_word' id='word_1_338' title='bbox 2474 4372 2529 4424; x_wconf 91' lang='grc' dir='ltr'><strong><em>Β</em></strong></span> 
     </span>
    </p>
   </div>
   <div class='ocr_carea' id='block_1_7' title="bbox 3076 3646 3078 4946">
    <p class='ocr_par' dir='ltr' id='par_1_9' title="bbox 3076 3646 3078 4946">
     <span class='ocr_line' id='line_1_37' title="bbox 3076 3646 3078 4946; baseline 0 0"><span class='ocrx_word' id='word_1_339' title='bbox 3076 3646 3078 4946; x_wconf 95' lang='lat' dir='ltr'> </span> 
     </span>
    </p>
   </div>
  </div>
 </body>
</html>
