3159 4984
936 382 1359 438 VLContra
1394 379 1766 434 Faustum
1819 377 1950 431 lib.
1988 375 2240 430 XXXIII.
2593 375 2710 439 79]

437 583 581 646 inde
647 581 968 664 prolatum
1033 578 1246 653 suerit,
1313 595 1435 641 non
1504 593 1644 640 esse
1710 573 1952 637 dictum
2009 571 2085 634 ab
2144 571 2454 653 apostole,
2521 570 2635 634 sed
2690 589 2726 632 a

435 688 649 754 nescio
716 705 841 769 quo
908 683 1164 749 falsario
1233 682 1352 747 sub
1419 681 1555 745 eius
1622 679 1874 745 nomine
1940 678 2247 761 scriptum
2314 696 2453 742 esse
2521 675 2726 741 dicere

435 795 777 858 audeatis?
842 811 1047 875 usque
1097 789 1253 854 adeo
1301 809 1338 852 a
1385 788 1730 852 christiana
1785 784 2072 852 doctrina
2116 785 2328 866 aperte
2376 784 2583 847 aliena
2628 789 2728 849 est

434 921 624 984 quam
689 898 1071 982 praedicatis
1141 895 1424 961 doctrina
1489 894 1986 969 daemoniorum,
2053 895 2128 956 ut
2191 909 2328 955 eam
2388 892 2506 956 sub
2565 890 2722 955 chri-

366 1035 391 1074 5
432 1008 684 1072 stianae'
744 1005 1062 1071 doctrinae
1130 1003 1382 1068 nomine
1448 1001 1780 1066 defendere
1846 1000 2024 1065 nulla
2079 1018 2150 1063 ex
2205 1001 2382 1081 parte
2437 997 2721 1080 possitiS,

432 1113 555 1178 nisi
614 1111 842 1176 dicatis
900 1111 1095 1174 falsas
1155 1128 1295 1174 esse
1352 1109 1698 1190 scripturas
1756 1106 2208 1190 apostolorum.
2274 1105 2561 1170 infelices
2607 1103 2722 1168 ini-

432 1219 581 1282 mici
629 1216 873 1282 animae
920 1217 1203 1280 uestrae!
1258 1233 1418 1296 quae
1476 1232 1779 1295 umquam
1834 1213 2084 1276 litterae
2139 1212 2345 1276 ullum
2401 1211 2727 1274 habebunt

430 1326 677 1408 pondus
737 1323 1159 1398 auctoritem,
1220 1322 1275 1386 si
1331 1321 1760 1404 euangelicam,
1821 1319 1875 1384 si
1932 1319 2317 1401 apostolicae
2365 1337 2488 1382 non
2535 1317 2722 1381 habe-

427 1435 641 1496 bunt?
710 1431 787 1495 de
838 1449 962 1512 quo
1009 1429 1173 1493 libro
1223 1430 1466 1492 certum
1526 1427 1666 1504 erit,
1726 1427 1906 1491 cuius
1965 1426 2068 1500 sit,
2127 1425 2182 1490 si
2235 1425 2506 1502 litterae,
2565 1441 2720 1506 quas

342 1570 390 1609 ιο
430 1539 865 1622 apostolorum
934 1536 1093 1601 dicit
1157 1538 1223 1599 et
1283 1537 1463 1599 tenet
1527 1533 1798 1599 ecclesia
1863 1532 1939 1596 ab
2004 1531 2162 1615 ipsis
2220 1531 2525 1614 apostolis
2581 1549 2720 1614 pro-

426 1648 657 1728 pagata
706 1647 769 1708 et
814 1663 926 1727 per
973 1661 1191 1707 omnes
1240 1646 1463 1725 gentes
1510 1643 1690 1704 tanta
1736 1638 2076 1703 eminentia
2123 1637 2459 1714 declarata,
2507 1639 2720 1700 utrum

427 1753 863 1836 apostolorum
914 1749 1044 1813 sint
1086 1749 1397 1813 incertum
1449 1750 1597 1811 est?
1657 1750 1720 1810 et
1766 1747 1886 1811 hoc
1935 1746 2054 1809 erit
2099 1748 2342 1809 certum
2391 1743 2722 1826 scripsisse

427 1858 777 1940 apostolos,
846 1854 1017 1937 quod
1083 1855 1234 1918 huic
1300 1853 1608 1918 ecclesiae
1674 1852 1972 1918 contrarii
2035 1851 2336 1915 haeretici
2396 1850 2722 1934 proferunt

424 1969 756 2029 auctorum
828 1982 1086 2027 suorum
1156 1961 1518 2027 nominibus
1586 1959 1887 2042 appellati
1948 1962 2136 2044 longe
2193 1962 2341 2042 post
2395 1958 2718 2042 apostolos

340 2105 391 2142 15
427 2069 892 2134 existentium?
943 2067 1127 2150 quasi
1164 2087 1316 2132 uero
1358 2069 1422 2132 et
1456 2067 1520 2131 in
1558 2066 1790 2131 litteris
1831 2065 2260 2131 saecularibus
2298 2084 2422 2130 non
2461 2064 2722 2128 fuerunt

424 2175 769 2240 certissimi
808 2177 1122 2252 auctoreS‚
1164 2175 1284 2240 sub
1333 2193 1603 2256 quorum
1651 2173 2012 2239 nominibus
2057 2176 2283 2256 postea
2327 2172 2534 2236 multa
2576 2192 2714 2255 pro·

421 2284 555 2348 lata
602 2286 755 2346 sunt
803 2285 867 2346 et
910 2281 1055 2347 ideo
1104 2281 1453 2366 repudiata,
1504 2281 1654 2363 quia
1698 2281 1804 2346 uel
1851 2280 1971 2357 his,
2031 2300 2190 2362 quae
2244 2279 2528 2363 ipsorum
2577 2298 2718 2344 esse

423 2391 783 2466 constaret,
858 2388 1121 2453 minime
1198 2390 1632 2471 congruerunt
1705 2388 1813 2452 uel
1879 2407 1951 2453 eo
2025 2391 2346 2470 tempore,
2425 2404 2548 2468 quo
2619 2386 2718 2450 illi

421 2494 810 2578 scripserint,
870 2513 1269 2576 nequaquam
1325 2495 1722 2559 innotescere
1781 2497 1844 2557 et
1899 2513 2010 2576 per
2063 2493 2236 2577 ipsos
2294 2494 2399 2557 uel
2453 2492 2719 2556 familia-

336 2640 387 2676 20
424 2602 715 2666 rissimos
765 2620 982 2664 eorum
1032 2601 1095 2663 in
1144 2603 1432 2682 posteros
1487 2600 1668 2682 prodi
1725 2599 2274 2681 commendarique
2333 2605 2715 2662 meruerunt.

420 2727 647 2784 nonne,
706 2709 781 2769 ut
838 2706 1017 2770 alios·
1058 2706 1371 2782 omittam,
1432 2707 1550 2770 sub
1599 2707 2006 2789 Hippocratis
2053 2706 2287 2770 medici
2331 2704 2718 2770 nobilissimi

420 2812 673 2878 nomine
742 2811 999 2895 quidam
1057 2811 1198 2876 libri
1268 2813 1495 2894 prolati
1553 2813 1618 2876 in
1677 2813 2120 2877 auctoritatem
2180 2832 2216 2876 a
2268 2812 2533 2877 medicis
2591 2829 2712 2878 non

418 2919 659 3003 recepti
706 2921 908 2984 sunt?
957 2938 1072 2982 nec
1112 2937 1221 2982 eos
1262 2918 1511 2982 adiuuit
1548 2920 1851 2985 nonnulla
1889 2919 2240 2984 similitudo
2277 2937 2484 2982 rerum
2527 2921 2715 3000 atque

419 3025 784 3103 uerborum,
844 3026 1098 3107 quando
1157 3027 1480 3109 conparati
1537 3027 1651 3104 eis,
1709 3045 1869 3110 quos
1926 3045 2074 3090 uere
2121 3025 2528 3109 Hippocratis
2576 3044 2717 3090 esse

322 3170 373 3207 25
424 3135 762 3210 constaret,
822 3133 1073 3215 inpares
1130 3131 1397 3196 iudicati
1444 3135 1613 3211 sunt,
1664 3137 1728 3196 et
1773 3131 1944 3216 quod
1990 3132 2066 3196 ab
2118 3151 2190 3197 eo
2237 3136 2522 3214 tempore
2589 3151 2715 3215 quo

418 3241 482 3302 et
528 3241 737 3302 cetera
784 3239 1019 3321 scripta
1067 3238 1203 3304 eius
1263 3258 1385 3303 non
1424 3238 1856 3307 innotuerunt,
1900 3240 2070 3322 quod
2107 3258 2256 3304 uere
2297 3240 2434 3304 eius
2474 3241 2710 3303 essent.

414 3344 531 3408 hos
600 3347 814 3407 autem
880 3344 1097 3420 libro&
1167 3344 1401 3426 quibus
1467 3345 1583 3410 illi.
1649 3345 1758 3427 qui
1815 3346 1892 3409 de
1948 3348 2232 3410 trauerso
2289 3344 2712 3427 proferuntur,

485 3501 517 3553 2
557 3499 691 3569 quof
724 3499 917 3552 alsario
958 3499 1004 3553 S
1128 3499 1159 3552 3
1199 3517 1230 3552 a
1266 3515 1309 3554 ε.
1352 3500 1385 3554 l.
1430 3499 1481 3554 G
1628 3500 1920 3570 christiane
1959 3500 2202 3570 doctrine
2245 3501 2291 3554 0
2394 3502 2426 3552 4
2467 3488 2706 3554 demoni'-

412 3605 560 3641 orum
606 3587 653 3641 0
808 3587 1097 3641 christiane
1142 3587 1185 3640 Ο
1346 3589 1380 3640 6
1416 3588 1555 3643 falsa
1599 3589 1803 3642 GL¹P1
1843 3589 2006 3644 falsas
2044 3593 2091 3655 (s
2128 3592 2224 3657 fin.
2261 3606 2305 3644 s.
2346 3591 2404 3654 l.)
2441 3588 2710 3643 L²P³SM

412 3678 441 3732 7
476 3677 660 3730 littere
694 3675 742 3729 G
880 3675 1049 3729 ullum
1088 3677 1144 3740 (u
1179 3677 1302 3730 init.
1338 3693 1381 3732 s.
1420 3677 1439 3730 i
1479 3694 1516 3730 a
1556 3695 1620 3732 m.
1660 3679 1716 3739 25
1746 3677 1918 3733 LSM
1983 3679 2016 3732 8
2055 3679 2368 3748 euangelice
2404 3678 2453 3733 Ο
2523 3677 2588 3732 10
2619 3694 2702 3731 ec-

409 3765 574 3818 clesia
612 3767 686 3832 (m
725 3771 817 3830 er.)
850 3761 1017 3816 SMP
1050 3765 1192 3832 (erp.
1230 3782 1298 3820 m.
1333 3769 1389 3829 3)
1423 3766 1700 3819 ecclesiam
1736 3765 1786 3820 G
1900 3770 1962 3821 11
1995 3767 2267 3821 declarata
2297 3767 2477 3831 (decla
2503 3783 2547 3821 3.
2577 3767 2635 3828 l.)
2666 3765 2713 3820 S

411 3853 475 3904 13
504 3850 629 3905 huic
660 3852 766 3915 (uic
794 3867 914 3918 sup.
945 3867 1065 3918 exp.
1093 3852 1201 3914 inc)
1234 3851 1282 3906 S
1376 3853 1603 3908 heretici
1623 3853 1731 3908 Lo
1837 3857 1904 3908 15
1934 3857 2135 3909 fuerint
2165 3855 2198 3908 b
2311 3856 2377 3910 18
2408 3855 2553 3926 quod
2583 3855 2706 3910 8¹6

409 3957 513 4011 quo
570 3939 627 4010 (d
682 3941 774 4008 er.)
829 3939 953 3993 LM
1164 3939 1272 3994 illi·
1335 3941 1381 3994 0
1559 3944 1627 3996 19
1683 3943 2117 3999 familiarissimis
2175 3945 2250 4000 L¹
2446 3947 2512 3999 21
2569 3962 2703 4014 ypo-

409 4029 569 4084 cratis
610 4033 665 4098 (y
703 4034 751 4081 et
789 4045 821 4081 a
857 4030 919 4082 in
962 4033 1097 4094 ras.)
1147 4029 1298 4082 LM²
1348 4032 1642 4102 ippocratis
1699 4031 1746 4085 Ο
1784 4033 2043 4103 ypocritis
2091 4031 2284 4088 SGM1
2331 4035 2601 4104 ypocratis
2648 4035 2703 4103 (p

408 4136 476 4175 m.
508 4122 545 4171 3
571 4134 613 4172 s.
654 4119 689 4172 Ζ.
730 4117 897 4186 add.;
935 4121 953 4171 i
990 4119 1053 4171 in
1091 4135 1122 4172 a
1160 4135 1295 4174 corr.
1332 4137 1401 4173 m.
1441 4121 1495 4187 2)
1538 4121 1590 4174 Ρ
1695 4122 1762 4174 22
1801 4122 1983 4175 nomin
2022 4121 2074 4175 L
2181 4123 2251 4175 24
2287 4123 2547 4193 ypocritis
2583 4121 2702 4177 128¹

404 4208 713 4278 yppocratis
750 4207 796 4260 0
817 4208 1089 4277 ypocratis
1115 4208 1166 4261 G
1266 4209 1335 4261 27
1363 4215 1671 4264 transuerso
1701 4214 1784 4279 (ns
1811 4227 1854 4264 s.
1887 4213 1920 4264 l.
1954 4229 1990 4265 a
2017 4228 2085 4264 m.
2117 4211 2169 4278 2)
2193 4211 2245 4264 L
2390 4229 2451 4266 ex
2479 4211 2705 4266 aduerso

408 4297 490 4353 rin
514 4313 658 4361 ras.;
686 4313 729 4352 s.
761 4297 795 4349 l.
828 4313 865 4349 a
892 4313 959 4352 m.
991 4297 1058 4350 2:
1091 4297 1177 4351 uel
1207 4297 1273 4351 de
1302 4302 1471 4366 trans)
1496 4299 1567 4352 M
1729 4301 2071 4370 proferuntur
2097 4303 2238 4369 (sup.
2279 4319 2312 4354 u
2353 4317 2390 4354 a
2416 4317 2486 4354 m.
2513 4305 2546 4354 1
2573 4303 2624 4368 e)
2654 4301 2706 4354 L
