<?xml version="1.0" encoding="UTF-8"?>
<!DOCTYPE html PUBLIC "-//W3C//DTD XHTML 1.0 Transitional//EN"
    "http://www.w3.org/TR/xhtml1/DTD/xhtml1-transitional.dtd">
<html xmlns="http://www.w3.org/1999/xhtml" xml:lang="en" lang="en">
 <head>
  <title>
</title>
<meta http-equiv="Content-Type" content="text/html;charset=utf-8" />
  <meta name='ocr-system' content='tesseract 3.04.00' />
  <meta name='ocr-capabilities' content='ocr_page ocr_carea ocr_par ocr_line ocrx_word'/>
</head>
<body>
  <div class='ocr_page' id='page_1' title='image "./corpusscriptoru27wissgoog_0265.png"; bbox 0 0 3159 4984; ppageno 0'>
   <div class='ocr_carea' id='block_1_1' title="bbox 883 464 2633 531">
    <p class='ocr_par' dir='ltr' id='par_1_1' title="bbox 883 464 2633 531">
     <span class='ocr_line' id='line_1_1' title="bbox 883 464 2633 531; baseline 0.003 -14"><span class='ocrx_word' id='word_1_1' title='bbox 883 465 977 520; x_wconf 86' lang='lat' dir='ltr'><strong>VI.</strong></span> <span class='ocrx_word' id='word_1_2' title='bbox 1035 464 1329 521; x_wconf 79' lang='lat' dir='ltr'>Contra</span> <span class='ocrx_word' id='word_1_3' title='bbox 1381 468 1752 521; x_wconf 83' lang='lat' dir='ltr'><strong>Faustum</strong></span> <span class='ocrx_word' id='word_1_4' title='bbox 1808 464 1943 519; x_wconf 90' lang='lat' dir='ltr'><strong>lib.</strong></span> <span class='ocrx_word' id='word_1_5' title='bbox 2004 465 2075 518; x_wconf 94' lang='lat'><strong>11.</strong></span> <span class='ocrx_word' id='word_1_6' title='bbox 2509 468 2633 531; x_wconf 80' lang='lat'><strong>257</strong></span> 
     </span>
    </p>
   </div>
   <div class='ocr_carea' id='block_1_2' title="bbox 245 660 2673 3839">
    <p class='ocr_par' dir='ltr' id='par_1_2' title="bbox 245 660 2673 3839">
     <span class='ocr_line' id='line_1_2' title="bbox 349 660 2637 737; baseline 0 -14"><span class='ocrx_word' id='word_1_7' title='bbox 349 663 492 724; x_wconf 87' lang='lat' dir='ltr'><strong>tura</strong></span> <span class='ocrx_word' id='word_1_8' title='bbox 535 680 796 726; x_wconf 88' lang='lat' dir='ltr'><strong>manens</strong></span> <span class='ocrx_word' id='word_1_9' title='bbox 854 680 978 725; x_wconf 90' lang='lat' dir='ltr'><strong>non</strong></span> <span class='ocrx_word' id='word_1_10' title='bbox 1034 661 1349 726; x_wconf 78' lang='lat' dir='ltr'><strong>fallaciter</strong></span> <span class='ocrx_word' id='word_1_11' title='bbox 1403 660 1751 737; x_wconf 77' lang='lat' dir='ltr'>dimicaret,</span> <span class='ocrx_word' id='word_1_12' title='bbox 1811 664 1875 725; x_wconf 89' lang='lat' dir='ltr'><strong>et</strong></span> <span class='ocrx_word' id='word_1_13' title='bbox 1930 661 2292 726; x_wconf 88' lang='lat' dir='ltr'><strong>substantia</strong></span> <span class='ocrx_word' id='word_1_14' title='bbox 2347 660 2637 726; x_wconf 84' lang='lat' dir='ltr'><strong>ueritatis</strong></span> 
     </span>
     <span class='ocr_line' id='line_1_3' title="bbox 349 766 2635 851; baseline -0.001 -20"><span class='ocrx_word' id='word_1_15' title='bbox 349 768 679 832; x_wconf 86' lang='lat' dir='ltr'><strong>mutabilis</strong></span> <span class='ocrx_word' id='word_1_16' title='bbox 727 768 1074 850; x_wconf 76' lang='lat' dir='ltr'>adpareret,</span> <span class='ocrx_word' id='word_1_17' title='bbox 1128 771 1202 833; x_wconf 90' lang='lat' dir='ltr'><strong>ut</strong></span> <span class='ocrx_word' id='word_1_18' title='bbox 1247 768 1546 832; x_wconf 81' lang='lat' dir='ltr'><strong>falleret?</strong></span> <span class='ocrx_word' id='word_1_19' title='bbox 1614 768 1805 833; x_wconf 87' lang='lat' dir='ltr'><strong>huius</strong></span> <span class='ocrx_word' id='word_1_20' title='bbox 1860 768 2050 851; x_wconf 90' lang='lat' dir='ltr'><strong>primi</strong></span> <span class='ocrx_word' id='word_1_21' title='bbox 2104 766 2380 833; x_wconf 87' lang='lat' dir='ltr'><strong>hominis</strong></span> <span class='ocrx_word' id='word_1_22' title='bbox 2434 767 2635 831; x_wconf 86' lang='lat' dir='ltr'><strong>filium</strong></span> 
     </span>
     <span class='ocr_line' id='line_1_4' title="bbox 351 874 2637 941; baseline 0 -2"><span class='ocrx_word' id='word_1_23' title='bbox 351 874 524 939; x_wconf 91' lang='lat' dir='ltr'><strong>credi</strong></span> <span class='ocrx_word' id='word_1_24' title='bbox 575 874 778 939; x_wconf 88' lang='lat' dir='ltr'><strong>uultis</strong></span> <span class='ocrx_word' id='word_1_25' title='bbox 835 874 1162 940; x_wconf 87' lang='lat' dir='ltr'><strong>dominum</strong></span> <span class='ocrx_word' id='word_1_26' title='bbox 1219 876 1433 940; x_wconf 92' lang='lat' dir='ltr'><strong>Iesum</strong></span> <span class='ocrx_word' id='word_1_27' title='bbox 1493 874 1841 941; x_wconf 77' lang='lat' dir='ltr'><strong>Christum.</strong></span> <span class='ocrx_word' id='word_1_28' title='bbox 1909 874 2100 940; x_wconf 91' lang='lat' dir='ltr'><strong>huius</strong></span> <span class='ocrx_word' id='word_1_29' title='bbox 2158 874 2637 940; x_wconf 81' lang='lat' dir='ltr'><strong>commenticias</strong></span> 
     </span>
     <span class='ocr_line' id='line_1_5' title="bbox 347 980 2635 1064; baseline 0.001 -21"><span class='ocrx_word' id='word_1_30' title='bbox 347 980 600 1046; x_wconf 87' lang='lat' dir='ltr'><strong>fabulae</strong></span> <span class='ocrx_word' id='word_1_31' title='bbox 645 981 846 1045; x_wconf 87' lang='lat' dir='ltr'><strong>ffliam</strong></span> <span class='ocrx_word' id='word_1_32' title='bbox 893 981 1104 1047; x_wconf 86' lang='lat' dir='ltr'><strong>dicitis</strong></span> <span class='ocrx_word' id='word_1_33' title='bbox 1143 983 1500 1047; x_wconf 88' lang='lat' dir='ltr'><strong>ueritatem.</strong></span> <span class='ocrx_word' id='word_1_34' title='bbox 1549 982 1721 1045; x_wconf 87' lang='lat' dir='ltr'><strong>hunc</strong></span> <span class='ocrx_word' id='word_1_35' title='bbox 1758 982 2033 1064; x_wconf 90' lang='lat' dir='ltr'><strong>primum</strong></span> <span class='ocrx_word' id='word_1_36' title='bbox 2068 981 2409 1053; x_wconf 86' lang='lat' dir='ltr'><strong>hominem,</strong></span> <span class='ocrx_word' id='word_1_37' title='bbox 2450 1000 2635 1064; x_wconf 89' lang='lat' dir='ltr'><strong>quem</strong></span> 
     </span>
     <span class='ocr_line' id='line_1_6' title="bbox 258 1086 2641 1170; baseline 0.001 -23"><span class='ocrx_word' id='word_1_38' title='bbox 258 1108 284 1147; x_wconf 77' lang='lat'>⁵</span> <span class='ocrx_word' id='word_1_39' title='bbox 347 1086 647 1164; x_wconf 77' lang='lat' dir='ltr'><strong>laudatiS,</strong></span> <span class='ocrx_word' id='word_1_40' title='bbox 689 1088 836 1170; x_wconf 90' lang='lat' dir='ltr'><strong>quia</strong></span> <span class='ocrx_word' id='word_1_41' title='bbox 873 1088 1292 1153; x_wconf 78' lang='lat' dir='ltr'><strong>mutabilibus</strong></span> <span class='ocrx_word' id='word_1_42' title='bbox 1346 1092 1411 1153; x_wconf 91' lang='lat' dir='ltr'><strong>et</strong></span> <span class='ocrx_word' id='word_1_43' title='bbox 1454 1089 1869 1153; x_wconf 83' lang='lat' dir='ltr'><strong>mendacibus</strong></span> <span class='ocrx_word' id='word_1_44' title='bbox 1914 1088 2135 1152; x_wconf 87' lang='lat' dir='ltr'><strong>formis</strong></span> <span class='ocrx_word' id='word_1_45' title='bbox 2184 1107 2329 1152; x_wconf 90' lang='lat' dir='ltr'><strong>cum</strong></span> <span class='ocrx_word' id='word_1_46' title='bbox 2375 1088 2641 1153; x_wconf 86' lang='lat' dir='ltr'><strong>aduersa</strong></span> 
     </span>
     <span class='ocr_line' id='line_1_7' title="bbox 349 1194 2635 1279; baseline -0.001 -19"><span class='ocrx_word' id='word_1_47' title='bbox 349 1197 538 1279; x_wconf 87' lang='lat' dir='ltr'><strong>gente</strong></span> <span class='ocrx_word' id='word_1_48' title='bbox 592 1196 926 1278; x_wconf 88' lang='lat' dir='ltr'><strong>pugnauit,</strong></span> <span class='ocrx_word' id='word_1_49' title='bbox 985 1196 1042 1259; x_wconf 90' lang='lat' dir='ltr'><strong>si</strong></span> <span class='ocrx_word' id='word_1_50' title='bbox 1103 1215 1328 1261; x_wconf 90' lang='lat' dir='ltr'><strong>uerum</strong></span> <span class='ocrx_word' id='word_1_51' title='bbox 1393 1196 1627 1272; x_wconf 79' lang='lat' dir='ltr'><strong>dicitis,</strong></span> <span class='ocrx_word' id='word_1_52' title='bbox 1684 1215 1809 1261; x_wconf 90' lang='lat' dir='ltr'><strong>non</strong></span> <span class='ocrx_word' id='word_1_53' title='bbox 1862 1194 2238 1269; x_wconf 86' lang='lat' dir='ltr'><strong>imitamini;</strong></span> <span class='ocrx_word' id='word_1_54' title='bbox 2306 1195 2362 1259; x_wconf 89' lang='lat' dir='ltr'><strong>si</strong></span> <span class='ocrx_word' id='word_1_55' title='bbox 2428 1198 2635 1259; x_wconf 90' lang='lat' dir='ltr'><strong>autem</strong></span> 
     </span>
     <span class='ocr_line' id='line_1_8' title="bbox 347 1302 2641 1388; baseline 0 -23"><span class='ocrx_word' id='word_1_56' title='bbox 347 1302 706 1378; x_wconf 77' lang='lat' dir='ltr'><strong>imitamini,</strong></span> <span class='ocrx_word' id='word_1_57' title='bbox 757 1306 824 1367; x_wconf 90' lang='lat' dir='ltr'><strong>et</strong></span> <span class='ocrx_word' id='word_1_58' title='bbox 867 1322 986 1367; x_wconf 87' lang='lat' dir='ltr'><strong>uos</strong></span> <span class='ocrx_word' id='word_1_59' title='bbox 1031 1304 1409 1368; x_wconf 80' lang='lat' dir='ltr'><strong>mentimini.</strong></span> <span class='ocrx_word' id='word_1_60' title='bbox 1480 1305 1861 1388; x_wconf 86' lang='lat' dir='ltr'><strong>quapropter</strong></span> <span class='ocrx_word' id='word_1_61' title='bbox 1907 1302 2202 1367; x_wconf 86' lang='lat' dir='ltr'><strong>dominus</strong></span> <span class='ocrx_word' id='word_1_62' title='bbox 2250 1304 2315 1365; x_wconf 93' lang='lat' dir='ltr'><strong>et</strong></span> <span class='ocrx_word' id='word_1_63' title='bbox 2361 1303 2641 1367; x_wconf 86' lang='lat' dir='ltr'><strong>saluator</strong></span> 
     </span>
     <span class='ocr_line' id='line_1_9' title="bbox 349 1408 2673 1499; baseline 0 -28"><span class='ocrx_word' id='word_1_64' title='bbox 349 1412 564 1475; x_wconf 89' lang='lat' dir='ltr'><strong>noster</strong></span> <span class='ocrx_word' id='word_1_65' title='bbox 599 1409 783 1473; x_wconf 89' lang='lat' dir='ltr'><strong>Iesus</strong></span> <span class='ocrx_word' id='word_1_66' title='bbox 824 1409 1136 1485; x_wconf 85' lang='lat' dir='ltr'><strong>Christus,</strong></span> <span class='ocrx_word' id='word_1_67' title='bbox 1183 1428 1375 1475; x_wconf 87' lang='lat' dir='ltr'><strong>uerus</strong></span> <span class='ocrx_word' id='word_1_68' title='bbox 1424 1414 1490 1475; x_wconf 90' lang='lat' dir='ltr'><strong>et</strong></span> <span class='ocrx_word' id='word_1_69' title='bbox 1527 1429 1713 1475; x_wconf 84' lang='lat' dir='ltr'><strong>uerax</strong></span> <span class='ocrx_word' id='word_1_70' title='bbox 1752 1409 1853 1473; x_wconf 91' lang='lat' dir='ltr'><strong>dei</strong></span> <span class='ocrx_word' id='word_1_71' title='bbox 1890 1408 2082 1485; x_wconf 84' lang='lat' dir='ltr'><strong>filius,</strong></span> <span class='ocrx_word' id='word_1_72' title='bbox 2120 1427 2311 1473; x_wconf 88' lang='lat' dir='ltr'><strong>uerus</strong></span> <span class='ocrx_word' id='word_1_73' title='bbox 2351 1410 2416 1471; x_wconf 90' lang='lat' dir='ltr'><strong>et</strong></span> <span class='ocrx_word' id='word_1_74' title='bbox 2448 1426 2673 1499; x_wconf 23' lang='lat' dir='ltr'><strong>uerax·</strong></span> 
     </span>
     <span class='ocr_line' id='line_1_10' title="bbox 347 1514 2637 1600; baseline 0 -23"><span class='ocrx_word' id='word_1_75' title='bbox 347 1514 622 1579; x_wconf 89' lang='lat' dir='ltr'><strong>hominis</strong></span> <span class='ocrx_word' id='word_1_76' title='bbox 669 1514 864 1592; x_wconf 83' lang='lat' dir='ltr'><strong>filius,</strong></span> <span class='ocrx_word' id='word_1_77' title='bbox 915 1517 1086 1597; x_wconf 89' lang='lat' dir='ltr'><strong>quod</strong></span> <span class='ocrx_word' id='word_1_78' title='bbox 1139 1521 1482 1600; x_wconf 85' lang='lat' dir='ltr'><strong>utrumque</strong></span> <span class='ocrx_word' id='word_1_79' title='bbox 1531 1518 1609 1581; x_wconf 90' lang='lat' dir='ltr'><strong>de</strong></span> <span class='ocrx_word' id='word_1_80' title='bbox 1656 1537 1725 1582; x_wconf 89' lang='lat' dir='ltr'><strong>se</strong></span> <span class='ocrx_word' id='word_1_81' title='bbox 1761 1517 1898 1600; x_wconf 88' lang='lat' dir='ltr'><strong>ipse</strong></span> <span class='ocrx_word' id='word_1_82' title='bbox 1937 1519 2231 1591; x_wconf 83' lang='lat' dir='ltr'><strong>testatur,</strong></span> <span class='ocrx_word' id='word_1_83' title='bbox 2272 1518 2335 1579; x_wconf 92' lang='lat' dir='ltr'><strong>et</strong></span> <span class='ocrx_word' id='word_1_84' title='bbox 2372 1515 2449 1579; x_wconf 90' lang='lat' dir='ltr'><strong>de</strong></span> <span class='ocrx_word' id='word_1_85' title='bbox 2488 1534 2637 1579; x_wconf 89' lang='lat' dir='ltr'><strong>uero</strong></span> 
     </span>
     <span class='ocr_line' id='line_1_11' title="bbox 254 1621 2634 1715; baseline 0.002 -35"><span class='ocrx_word' id='word_1_86' title='bbox 254 1642 306 1715; x_wconf 71' lang='lat'><strong>19</strong></span> <span class='ocrx_word' id='word_1_87' title='bbox 353 1621 470 1686; x_wconf 91' lang='lat' dir='ltr'><strong>deo</strong></span> <span class='ocrx_word' id='word_1_88' title='bbox 513 1622 864 1687; x_wconf 84' lang='lat' dir='ltr'><strong>diuinitatis</strong></span> <span class='ocrx_word' id='word_1_89' title='bbox 914 1624 1350 1687; x_wconf 87' lang='lat' dir='ltr'><strong>aeternitatem</strong></span> <span class='ocrx_word' id='word_1_90' title='bbox 1391 1626 1454 1688; x_wconf 87' lang='lat' dir='ltr'><strong>et</strong></span> <span class='ocrx_word' id='word_1_91' title='bbox 1492 1624 1569 1689; x_wconf 91' lang='lat' dir='ltr'><strong>de</strong></span> <span class='ocrx_word' id='word_1_92' title='bbox 1607 1642 1757 1690; x_wconf 92' lang='lat' dir='ltr'><strong>uero</strong></span> <span class='ocrx_word' id='word_1_93' title='bbox 1796 1624 2049 1690; x_wconf 90' lang='lat' dir='ltr'><strong>homine</strong></span> <span class='ocrx_word' id='word_1_94' title='bbox 2088 1622 2290 1687; x_wconf 90' lang='lat' dir='ltr'><strong>carnis</strong></span> <span class='ocrx_word' id='word_1_95' title='bbox 2329 1621 2634 1704; x_wconf 82' lang='lat' dir='ltr'><strong>originem</strong></span> 
     </span>
     <span class='ocr_line' id='line_1_12' title="bbox 348 1727 2633 1813; baseline 0 -22"><span class='ocrx_word' id='word_1_96' title='bbox 348 1727 544 1792; x_wconf 85' lang='lat' dir='ltr'><strong>duxit.</strong></span> <span class='ocrx_word' id='word_1_97' title='bbox 583 1748 706 1793; x_wconf 93' lang='lat' dir='ltr'><strong>non</strong></span> <span class='ocrx_word' id='word_1_98' title='bbox 738 1730 920 1793; x_wconf 88' lang='lat' dir='ltr'><strong>nouit</strong></span> <span class='ocrx_word' id='word_1_99' title='bbox 948 1732 1300 1813; x_wconf 88' lang='lat' dir='ltr'><strong>apostolica</strong></span> <span class='ocrx_word' id='word_1_100' title='bbox 1332 1731 1619 1796; x_wconf 85' lang='lat' dir='ltr'><strong>doctrina</strong></span> <span class='ocrx_word' id='word_1_101' title='bbox 1653 1730 1928 1813; x_wconf 90' lang='lat' dir='ltr'><strong>primum</strong></span> <span class='ocrx_word' id='word_1_102' title='bbox 1965 1729 2283 1793; x_wconf 90' lang='lat' dir='ltr'><strong>hominem</strong></span> <span class='ocrx_word' id='word_1_103' title='bbox 2324 1734 2633 1793; x_wconf 89' lang='lat' dir='ltr'><strong>uestrum.</strong></span> 
     </span>
     <span class='ocr_line' id='line_1_13' title="bbox 348 1834 2639 1920; baseline -0 -22"><span class='ocrx_word' id='word_1_104' title='bbox 348 1834 562 1899; x_wconf 89' lang='lat' dir='ltr'><strong>audite</strong></span> <span class='ocrx_word' id='word_1_105' title='bbox 610 1836 970 1917; x_wconf 86' lang='lat' dir='ltr'><strong>apostolum</strong></span> <span class='ocrx_word' id='word_1_106' title='bbox 1017 1837 1338 1901; x_wconf 87' lang='lat' dir='ltr'><strong>Paulum:</strong></span> <span class='ocrx_word' id='word_1_107' title='bbox 1407 1838 1695 1920; x_wconf 86' lang='lat' dir='ltr'><strong>primus</strong></span> <span class='ocrx_word' id='word_1_108' title='bbox 1742 1837 1980 1911; x_wconf 91' lang='lat' dir='ltr'><strong>homo,</strong></span> <span class='ocrx_word' id='word_1_109' title='bbox 2029 1836 2254 1917; x_wconf 84' lang='lat' dir='ltr'><strong>inquit,</strong></span> <span class='ocrx_word' id='word_1_110' title='bbox 2305 1836 2389 1899; x_wconf 89' lang='lat' dir='ltr'><strong>de</strong></span> <span class='ocrx_word' id='word_1_111' title='bbox 2438 1838 2639 1899; x_wconf 87' lang='lat' dir='ltr'><strong>terra</strong></span> 
     </span>
     <span class='ocr_line' id='line_1_14' title="bbox 346 1941 2635 2023; baseline 0 -19"><span class='ocrx_word' id='word_1_112' title='bbox 346 1944 728 2017; x_wconf 88' lang='lat' dir='ltr'><strong>terrenus;</strong></span> <span class='ocrx_word' id='word_1_113' title='bbox 789 1943 1172 2008; x_wconf 88' lang='lat' dir='ltr'><strong>secundus</strong></span> <span class='ocrx_word' id='word_1_114' title='bbox 1227 1944 1445 2009; x_wconf 89' lang='lat' dir='ltr'><strong>homo</strong></span> <span class='ocrx_word' id='word_1_115' title='bbox 1507 1944 1592 2009; x_wconf 92' lang='lat' dir='ltr'><strong>de</strong></span> <span class='ocrx_word' id='word_1_116' title='bbox 1655 1944 1868 2008; x_wconf 69' lang='lat' dir='ltr'><strong>&#39;caelo</strong></span> <span class='ocrx_word' id='word_1_117' title='bbox 1946 1943 2329 2007; x_wconf 55' lang='lat' dir='ltr'><strong>caelestis».</strong></span> <span class='ocrx_word' id='word_1_118' title='bbox 2390 1941 2635 2023; x_wconf 89' lang='lat' dir='ltr'><strong>qualis</strong></span> 
     </span>
     <span class='ocr_line' id='line_1_15' title="bbox 345 2049 2639 2133; baseline 0.001 -24"><span class='ocrx_word' id='word_1_119' title='bbox 345 2050 718 2125; x_wconf 79' lang='lat' dir='ltr'><strong>terrenuS,</strong></span> <span class='ocrx_word' id='word_1_120' title='bbox 775 2049 979 2114; x_wconf 90' lang='lat' dir='ltr'><strong>tales</strong></span> <span class='ocrx_word' id='word_1_121' title='bbox 1039 2053 1116 2115; x_wconf 90' lang='lat' dir='ltr'><strong>et</strong></span> <span class='ocrx_word' id='word_1_122' title='bbox 1170 2051 1482 2119; x_wconf 85' lang='lat' dir='ltr'><strong>terreni:</strong></span> <span class='ocrx_word' id='word_1_123' title='bbox 1552 2051 1802 2133; x_wconf 87' lang='lat' dir='ltr'><strong>qualis</strong></span> <span class='ocrx_word' id='word_1_124' title='bbox 1870 2049 2252 2125; x_wconf 88' lang='lat' dir='ltr'><strong>caelestis,</strong></span> <span class='ocrx_word' id='word_1_125' title='bbox 2310 2049 2507 2113; x_wconf 88' lang='lat' dir='ltr'><strong>tales</strong></span> <span class='ocrx_word' id='word_1_126' title='bbox 2565 2052 2639 2113; x_wconf 89' lang='lat' dir='ltr'><strong>et</strong></span> 
     </span>
     <span class='ocr_line' id='line_1_16' title="bbox 255 2156 2634 2241; baseline -0 -22"><span class='ocrx_word' id='word_1_127' title='bbox 255 2172 308 2211; x_wconf 77' lang='lat'><strong>¹⁵</strong></span> <span class='ocrx_word' id='word_1_128' title='bbox 348 2156 750 2223; x_wconf 80' lang='lat' dir='ltr'><strong>caelestes,</strong></span> <span class='ocrx_word' id='word_1_129' title='bbox 813 2156 1023 2221; x_wconf 84' lang='lat' dir='ltr'><strong>sicut</strong></span> <span class='ocrx_word' id='word_1_130' title='bbox 1068 2158 1545 2239; x_wconf 83' lang='lat' dir='ltr'><strong>portauimus</strong></span> <span class='ocrx_word' id='word_1_131' title='bbox 1592 2157 1994 2241; x_wconf 87' lang='lat' dir='ltr'><strong>imaginem</strong></span> <span class='ocrx_word' id='word_1_132' title='bbox 2044 2156 2347 2229; x_wconf 90' lang='lat' dir='ltr'><strong>terreni,</strong></span> <span class='ocrx_word' id='word_1_133' title='bbox 2396 2158 2634 2238; x_wconf 89' lang='lat' dir='ltr'><strong>porte-</strong></span> 
     </span>
     <span class='ocr_line' id='line_1_17' title="bbox 347 2262 2635 2347; baseline 0.001 -22"><span class='ocrx_word' id='word_1_134' title='bbox 347 2282 512 2327; x_wconf 86' lang='lat' dir='ltr'><strong>mus</strong></span> <span class='ocrx_word' id='word_1_135' title='bbox 563 2264 636 2327; x_wconf 92' lang='lat' dir='ltr'><strong>et</strong></span> <span class='ocrx_word' id='word_1_136' title='bbox 681 2264 1084 2347; x_wconf 86' lang='lat' dir='ltr'><strong>imaginem</strong></span> <span class='ocrx_word' id='word_1_137' title='bbox 1136 2266 1320 2341; x_wconf 74' lang='lat' dir='ltr'><strong>eiua,</strong></span> <span class='ocrx_word' id='word_1_138' title='bbox 1371 2266 1496 2346; x_wconf 92' lang='lat' dir='ltr'><strong>qui</strong></span> <span class='ocrx_word' id='word_1_139' title='bbox 1546 2264 1628 2328; x_wconf 92' lang='lat' dir='ltr'><strong>de</strong></span> <span class='ocrx_word' id='word_1_140' title='bbox 1678 2264 1884 2329; x_wconf 90' lang='lat' dir='ltr'><strong>caelo</strong></span> <span class='ocrx_word' id='word_1_141' title='bbox 1934 2267 2066 2328; x_wconf 86' lang='lat' dir='ltr'><strong>est.</strong></span> <span class='ocrx_word' id='word_1_142' title='bbox 2125 2263 2366 2347; x_wconf 78' lang='lat' dir='ltr'><strong>primus</strong></span> <span class='ocrx_word' id='word_1_143' title='bbox 2421 2262 2635 2344; x_wconf 87' lang='lat' dir='ltr'><strong>itaque</strong></span> 
     </span>
     <span class='ocr_line' id='line_1_18' title="bbox 347 2368 2633 2445; baseline 0.001 -14"><span class='ocrx_word' id='word_1_144' title='bbox 347 2368 536 2435; x_wconf 88' lang='lat' dir='ltr'><strong>homo</strong></span> <span class='ocrx_word' id='word_1_145' title='bbox 587 2370 663 2435; x_wconf 91' lang='lat' dir='ltr'><strong>de</strong></span> <span class='ocrx_word' id='word_1_146' title='bbox 708 2374 876 2435; x_wconf 85' lang='lat' dir='ltr'><strong>terra</strong></span> <span class='ocrx_word' id='word_1_147' title='bbox 921 2374 1208 2437; x_wconf 87' lang='lat' dir='ltr'><strong>terrenus</strong></span> <span class='ocrx_word' id='word_1_148' title='bbox 1245 2371 1355 2435; x_wconf 91' lang='lat' dir='ltr'><strong>ille</strong></span> <span class='ocrx_word' id='word_1_149' title='bbox 1393 2372 1600 2436; x_wconf 89' lang='lat' dir='ltr'><strong>Adam</strong></span> <span class='ocrx_word' id='word_1_150' title='bbox 1639 2371 1715 2436; x_wconf 87' lang='lat' dir='ltr'><strong>de</strong></span> <span class='ocrx_word' id='word_1_151' title='bbox 1750 2371 1905 2435; x_wconf 93' lang='lat' dir='ltr'><strong>limo</strong></span> <span class='ocrx_word' id='word_1_152' title='bbox 1943 2370 2275 2445; x_wconf 78' lang='lat' dir='ltr'><strong>formatuS,</strong></span> <span class='ocrx_word' id='word_1_153' title='bbox 2318 2369 2633 2434; x_wconf 87' lang='lat' dir='ltr'><strong>secundus</strong></span> 
     </span>
     <span class='ocr_line' id='line_1_19' title="bbox 349 2476 2634 2557; baseline 0 -19"><span class='ocrx_word' id='word_1_154' title='bbox 349 2479 561 2539; x_wconf 84' lang='lat' dir='ltr'><strong>autem</strong></span> <span class='ocrx_word' id='word_1_155' title='bbox 607 2476 796 2541; x_wconf 89' lang='lat' dir='ltr'><strong>homo</strong></span> <span class='ocrx_word' id='word_1_156' title='bbox 847 2476 922 2541; x_wconf 91' lang='lat' dir='ltr'><strong>de</strong></span> <span class='ocrx_word' id='word_1_157' title='bbox 971 2478 1145 2542; x_wconf 90' lang='lat' dir='ltr'><strong>caelo</strong></span> <span class='ocrx_word' id='word_1_158' title='bbox 1205 2478 1499 2543; x_wconf 87' lang='lat' dir='ltr'><strong>caelestis</strong></span> <span class='ocrx_word' id='word_1_159' title='bbox 1566 2477 1860 2543; x_wconf 84' lang='lat' dir='ltr'><strong>dominus</strong></span> <span class='ocrx_word' id='word_1_160' title='bbox 1907 2478 2088 2541; x_wconf 91' lang='lat' dir='ltr'><strong>Iesus</strong></span> <span class='ocrx_word' id='word_1_161' title='bbox 2138 2476 2467 2541; x_wconf 84' lang='lat' dir='ltr'><strong>Christus:</strong></span> <span class='ocrx_word' id='word_1_162' title='bbox 2527 2477 2634 2557; x_wconf 92' lang='lat' dir='ltr'><strong>qui</strong></span> 
     </span>
     <span class='ocr_line' id='line_1_20' title="bbox 350 2582 2633 2667; baseline 0.001 -22"><span class='ocrx_word' id='word_1_163' title='bbox 350 2582 449 2647; x_wconf 93' lang='lat' dir='ltr'><strong>dei</strong></span> <span class='ocrx_word' id='word_1_164' title='bbox 513 2583 684 2648; x_wconf 90' lang='lat' dir='ltr'><strong>filius</strong></span> <span class='ocrx_word' id='word_1_165' title='bbox 745 2583 928 2648; x_wconf 90' lang='lat' dir='ltr'><strong>uenit</strong></span> <span class='ocrx_word' id='word_1_166' title='bbox 989 2584 1068 2649; x_wconf 89' lang='lat' dir='ltr'><strong>ad</strong></span> <span class='ocrx_word' id='word_1_167' title='bbox 1133 2604 1402 2652; x_wconf 84' lang='lat' dir='ltr'><strong>carnem.</strong></span> <span class='ocrx_word' id='word_1_168' title='bbox 1461 2604 1587 2667; x_wconf 90' lang='lat' dir='ltr'><strong>qua</strong></span> <span class='ocrx_word' id='word_1_169' title='bbox 1641 2587 1941 2667; x_wconf 88' lang='lat' dir='ltr'><strong>suscepta</strong></span> <span class='ocrx_word' id='word_1_170' title='bbox 1995 2586 2060 2648; x_wconf 86' lang='lat' dir='ltr'><strong>et</strong></span> <span class='ocrx_word' id='word_1_171' title='bbox 2114 2584 2305 2649; x_wconf 89' lang='lat' dir='ltr'><strong>homo</strong></span> <span class='ocrx_word' id='word_1_172' title='bbox 2363 2582 2633 2647; x_wconf 81' lang='lat' dir='ltr'><strong>exterius</strong></span> 
     </span>
     <span class='ocr_line' id='line_1_21' title="bbox 251 2688 2630 2774; baseline 0 -23"><span class='ocrx_word' id='word_1_173' title='bbox 251 2704 306 2743; x_wconf 70' lang='lat'><strong>20</strong></span> <span class='ocrx_word' id='word_1_174' title='bbox 346 2688 528 2753; x_wconf 90' lang='lat' dir='ltr'><strong>fieret</strong></span> <span class='ocrx_word' id='word_1_175' title='bbox 573 2692 638 2753; x_wconf 90' lang='lat' dir='ltr'><strong>et</strong></span> <span class='ocrx_word' id='word_1_176' title='bbox 683 2689 839 2754; x_wconf 87' lang='lat' dir='ltr'><strong>deus</strong></span> <span class='ocrx_word' id='word_1_177' title='bbox 886 2689 1154 2756; x_wconf 90' lang='lat' dir='ltr'><strong>interius</strong></span> <span class='ocrx_word' id='word_1_178' title='bbox 1192 2695 1606 2774; x_wconf 78' lang='lat' dir='ltr'><strong>permaneret,</strong></span> <span class='ocrx_word' id='word_1_179' title='bbox 1645 2694 1721 2755; x_wconf 90' lang='lat' dir='ltr'><strong>ut</strong></span> <span class='ocrx_word' id='word_1_180' title='bbox 1757 2694 1821 2753; x_wconf 84' lang='lat' dir='ltr'><strong>et</strong></span> <span class='ocrx_word' id='word_1_181' title='bbox 1859 2691 1960 2755; x_wconf 91' lang='lat' dir='ltr'><strong>dei</strong></span> <span class='ocrx_word' id='word_1_182' title='bbox 1998 2690 2168 2755; x_wconf 89' lang='lat' dir='ltr'><strong>filius</strong></span> <span class='ocrx_word' id='word_1_183' title='bbox 2208 2707 2398 2753; x_wconf 87' lang='lat' dir='ltr'><strong>uerus</strong></span> <span class='ocrx_word' id='word_1_184' title='bbox 2438 2691 2630 2763; x_wconf 83' lang='lat' dir='ltr'><strong>esset,</strong></span> 
     </span>
     <span class='ocr_line' id='line_1_22' title="bbox 342 2793 2633 2877; baseline -0 -19"><span class='ocrx_word' id='word_1_185' title='bbox 342 2813 455 2877; x_wconf 91' lang='lat' dir='ltr'><strong>per</strong></span> <span class='ocrx_word' id='word_1_186' title='bbox 519 2814 705 2877; x_wconf 91' lang='lat' dir='ltr'><strong>quem</strong></span> <span class='ocrx_word' id='word_1_187' title='bbox 771 2795 925 2861; x_wconf 88' lang='lat' dir='ltr'><strong>facti</strong></span> <span class='ocrx_word' id='word_1_188' title='bbox 989 2815 1235 2873; x_wconf 79' lang='lat' dir='ltr'><strong>sumne,</strong></span> <span class='ocrx_word' id='word_1_189' title='bbox 1305 2801 1370 2861; x_wconf 91' lang='lat' dir='ltr'><strong>et</strong></span> <span class='ocrx_word' id='word_1_190' title='bbox 1433 2796 1709 2862; x_wconf 89' lang='lat' dir='ltr'><strong>hominis</strong></span> <span class='ocrx_word' id='word_1_191' title='bbox 1774 2795 1945 2861; x_wconf 89' lang='lat' dir='ltr'><strong>filius</strong></span> <span class='ocrx_word' id='word_1_192' title='bbox 2011 2814 2203 2860; x_wconf 88' lang='lat' dir='ltr'><strong>uerus</strong></span> <span class='ocrx_word' id='word_1_193' title='bbox 2270 2793 2467 2873; x_wconf 88' lang='lat' dir='ltr'><strong>fieret,</strong></span> <span class='ocrx_word' id='word_1_194' title='bbox 2522 2813 2633 2876; x_wconf 85' lang='lat' dir='ltr'><strong>per</strong></span> 
     </span>
     <span class='ocr_line' id='line_1_23' title="bbox 343 2901 2631 2987; baseline 0 -24"><span class='ocrx_word' id='word_1_195' title='bbox 343 2918 534 2983; x_wconf 91' lang='lat' dir='ltr'><strong>quem</strong></span> <span class='ocrx_word' id='word_1_196' title='bbox 604 2902 826 2967; x_wconf 86' lang='lat' dir='ltr'><strong>refecti</strong></span> <span class='ocrx_word' id='word_1_197' title='bbox 899 2921 1143 2967; x_wconf 90' lang='lat' dir='ltr'><strong>sumus.</strong></span> <span class='ocrx_word' id='word_1_198' title='bbox 1223 2922 1335 2969; x_wconf 93' lang='lat' dir='ltr'><strong>cur</strong></span> <span class='ocrx_word' id='word_1_199' title='bbox 1401 2923 1548 2987; x_wconf 80' lang='lat' dir='ltr'><strong>ergo</strong></span> <span class='ocrx_word' id='word_1_200' title='bbox 1614 2904 1891 2986; x_wconf 89' lang='lat' dir='ltr'><strong>primum</strong></span> <span class='ocrx_word' id='word_1_201' title='bbox 1956 2901 2277 2967; x_wconf 91' lang='lat' dir='ltr'><strong>hominem</strong></span> <span class='ocrx_word' id='word_1_202' title='bbox 2345 2902 2631 2964; x_wconf 89' lang='lat' dir='ltr'><strong>uestrum</strong></span> 
     </span>
     <span class='ocr_line' id='line_1_24' title="bbox 343 3008 2629 3097; baseline 0 -27"><span class='ocrx_word' id='word_1_203' title='bbox 343 3008 860 3074; x_wconf 89' lang='lat' dir='ltr'><strong>commenticium</strong></span> <span class='ocrx_word' id='word_1_204' title='bbox 920 3011 1137 3077; x_wconf 88' lang='lat' dir='ltr'><strong>nescio</strong></span> <span class='ocrx_word' id='word_1_205' title='bbox 1204 3012 1372 3075; x_wconf 91' lang='lat' dir='ltr'><strong>unde</strong></span> <span class='ocrx_word' id='word_1_206' title='bbox 1429 3012 1780 3097; x_wconf 81' lang='lat' dir='ltr'><strong>producitis</strong></span> <span class='ocrx_word' id='word_1_207' title='bbox 1838 3014 1903 3075; x_wconf 89' lang='lat' dir='ltr'><strong>et</strong></span> <span class='ocrx_word' id='word_1_208' title='bbox 1955 3010 2232 3093; x_wconf 90' lang='lat' dir='ltr'><strong>primum</strong></span> <span class='ocrx_word' id='word_1_209' title='bbox 2286 3008 2629 3083; x_wconf 80' lang='lat' dir='ltr'><strong>hominem,</strong></span> 
     </span>
     <span class='ocr_line' id='line_1_25' title="bbox 344 3114 2634 3199; baseline -0.001 -20"><span class='ocrx_word' id='word_1_210' title='bbox 344 3133 534 3197; x_wconf 91' lang='lat' dir='ltr'><strong>quem</strong></span> <span class='ocrx_word' id='word_1_211' title='bbox 581 3114 866 3180; x_wconf 87' lang='lat' dir='ltr'><strong>doctrina</strong></span> <span class='ocrx_word' id='word_1_212' title='bbox 911 3116 1262 3199; x_wconf 85' lang='lat' dir='ltr'><strong>apostolica</strong></span> <span class='ocrx_word' id='word_1_213' title='bbox 1308 3116 1512 3196; x_wconf 90' lang='lat' dir='ltr'><strong>docet,</strong></span> <span class='ocrx_word' id='word_1_214' title='bbox 1562 3136 1685 3181; x_wconf 89' lang='lat' dir='ltr'><strong>non</strong></span> <span class='ocrx_word' id='word_1_215' title='bbox 1732 3116 1935 3181; x_wconf 87' lang='lat' dir='ltr'><strong>uultis</strong></span> <span class='ocrx_word' id='word_1_216' title='bbox 1984 3133 2325 3199; x_wconf 84' lang='lat' dir='ltr'><strong>agnoscere</strong></span> <span class='ocrx_word' id='word_1_217' title='bbox 2350 3118 2379 3177; x_wconf 77' lang='lat'><strong>⁶?</strong></span> <span class='ocrx_word' id='word_1_218' title='bbox 2436 3133 2513 3177; x_wconf 85' lang='lat' dir='ltr'><strong>an</strong></span> <span class='ocrx_word' id='word_1_219' title='bbox 2560 3118 2634 3177; x_wconf 84' lang='lat' dir='ltr'><strong>ut</strong></span> 
     </span>
     <span class='ocr_line' id='line_1_26' title="bbox 248 3220 2631 3307; baseline -0.001 -22"><span class='ocrx_word' id='word_1_220' title='bbox 248 3238 301 3277; x_wconf 79' lang='lat'><strong>2⁵</strong></span> <span class='ocrx_word' id='word_1_221' title='bbox 341 3221 735 3305; x_wconf 86' lang='lat' dir='ltr'><strong>compleatur</strong></span> <span class='ocrx_word' id='word_1_222' title='bbox 787 3222 852 3285; x_wconf 91' lang='lat' dir='ltr'><strong>in</strong></span> <span class='ocrx_word' id='word_1_223' title='bbox 908 3224 1114 3299; x_wconf 89' lang='lat' dir='ltr'><strong>uobis,</strong></span> <span class='ocrx_word' id='word_1_224' title='bbox 1182 3223 1353 3305; x_wconf 88' lang='lat' dir='ltr'><strong>quod</strong></span> <span class='ocrx_word' id='word_1_225' title='bbox 1415 3224 1553 3307; x_wconf 89' lang='lat' dir='ltr'><strong>ipse</strong></span> <span class='ocrx_word' id='word_1_226' title='bbox 1620 3222 1949 3305; x_wconf 85' lang='lat' dir='ltr'><strong>apostolus</strong></span> <span class='ocrx_word' id='word_1_227' title='bbox 2016 3222 2143 3285; x_wconf 84' lang='lat' dir='ltr'><strong>ait:</strong></span> <span class='ocrx_word' id='word_1_228' title='bbox 2212 3240 2249 3285; x_wconf 89' lang='lat' dir='ltr'><strong>a</strong></span> <span class='ocrx_word' id='word_1_229' title='bbox 2302 3220 2631 3285; x_wconf 89' lang='lat' dir='ltr'><strong>ueritate</strong></span> 
     </span>
     <span class='ocr_line' id='line_1_27' title="bbox 343 3327 2627 3409; baseline -0.003 -14"><span class='ocrx_word' id='word_1_230' title='bbox 343 3327 642 3409; x_wconf 67' lang='lat' dir='ltr'><strong>quidem</strong></span> <span class='ocrx_word' id='word_1_231' title='bbox 691 3328 1032 3393; x_wconf 90' lang='lat' dir='ltr'><strong>auditum</strong></span> <span class='ocrx_word' id='word_1_232' title='bbox 1082 3350 1300 3395; x_wconf 91' lang='lat' dir='ltr'><strong>suum</strong></span> <span class='ocrx_word' id='word_1_233' title='bbox 1360 3333 1821 3405; x_wconf 78' lang='lat' dir='ltr'><strong>auertenteS,</strong></span> <span class='ocrx_word' id='word_1_234' title='bbox 1880 3330 1968 3393; x_wconf 89' lang='lat' dir='ltr'><strong>ad</strong></span> <span class='ocrx_word' id='word_1_235' title='bbox 2022 3328 2322 3393; x_wconf 84' lang='lat' dir='ltr'><strong>fabulas</strong></span> <span class='ocrx_word' id='word_1_236' title='bbox 2382 3329 2627 3390; x_wconf 89' lang='lat' dir='ltr'><strong>autem</strong></span> 
     </span>
     <span class='ocr_line' id='line_1_28' title="bbox 341 3434 2635 3519; baseline -0 -22"><span class='ocrx_word' id='word_1_237' title='bbox 341 3437 929 3500; x_wconf 80' lang='lat' dir='ltr'><strong>conuertenturP</strong></span> <span class='ocrx_word' id='word_1_238' title='bbox 985 3436 1229 3500; x_wconf 87' lang='lat' dir='ltr'><strong>Paulus</strong></span> <span class='ocrx_word' id='word_1_239' title='bbox 1279 3436 1611 3500; x_wconf 87' lang='lat' dir='ltr'><strong>adnuntiat</strong></span> <span class='ocrx_word' id='word_1_240' title='bbox 1653 3436 1929 3519; x_wconf 86' lang='lat' dir='ltr'><strong>primum</strong></span> <span class='ocrx_word' id='word_1_241' title='bbox 1975 3435 2296 3500; x_wconf 90' lang='lat' dir='ltr'><strong>hominem</strong></span> <span class='ocrx_word' id='word_1_242' title='bbox 2346 3434 2422 3497; x_wconf 91' lang='lat' dir='ltr'><strong>de</strong></span> <span class='ocrx_word' id='word_1_243' title='bbox 2468 3436 2635 3497; x_wconf 87' lang='lat' dir='ltr'><strong>terra</strong></span> 
     </span>
     <span class='ocr_line' id='line_1_29' title="bbox 338 3540 2631 3625; baseline -0.001 -20"><span class='ocrx_word' id='word_1_244' title='bbox 338 3544 680 3619; x_wconf 86' lang='lat' dir='ltr'><strong>terrenum,</strong></span> <span class='ocrx_word' id='word_1_245' title='bbox 726 3542 1143 3607; x_wconf 83' lang='lat' dir='ltr'><strong>Manichacus</strong></span> <span class='ocrx_word' id='word_1_246' title='bbox 1193 3542 1525 3607; x_wconf 89' lang='lat' dir='ltr'><strong>adnuntiat</strong></span> <span class='ocrx_word' id='word_1_247' title='bbox 1566 3542 1841 3625; x_wconf 90' lang='lat' dir='ltr'><strong>primum</strong></span> <span class='ocrx_word' id='word_1_248' title='bbox 1888 3540 2209 3606; x_wconf 89' lang='lat' dir='ltr'><strong>hominem</strong></span> <span class='ocrx_word' id='word_1_249' title='bbox 2268 3560 2393 3607; x_wconf 92' lang='lat' dir='ltr'><strong>non</strong></span> <span class='ocrx_word' id='word_1_250' title='bbox 2447 3542 2631 3603; x_wconf 89' lang='lat' dir='ltr'><strong>terre—</strong></span> 
     </span>
     <span class='ocr_line' id='line_1_30' title="bbox 339 3646 2630 3731; baseline -0.001 -20"><span class='ocrx_word' id='word_1_251' title='bbox 339 3667 514 3725; x_wconf 90' lang='lat' dir='ltr'><strong>num,</strong></span> <span class='ocrx_word' id='word_1_252' title='bbox 579 3649 792 3714; x_wconf 90' lang='lat' dir='ltr'><strong>nescio</strong></span> <span class='ocrx_word' id='word_1_253' title='bbox 858 3650 1093 3731; x_wconf 90' lang='lat' dir='ltr'><strong>quibus</strong></span> <span class='ocrx_word' id='word_1_254' title='bbox 1158 3648 1492 3713; x_wconf 82' lang='lat' dir='ltr'><strong>fallacibus</strong></span> <span class='ocrx_word' id='word_1_255' title='bbox 1560 3647 1893 3712; x_wconf 89' lang='lat' dir='ltr'><strong>elementis</strong></span> <span class='ocrx_word' id='word_1_256' title='bbox 1960 3648 2236 3730; x_wconf 90' lang='lat' dir='ltr'><strong>quinque</strong></span> <span class='ocrx_word' id='word_1_257' title='bbox 2300 3646 2630 3711; x_wconf 87' lang='lat' dir='ltr'><strong>uestitum.</strong></span> 
     </span>
     <span class='ocr_line' id='line_1_31' title="bbox 245 3741 2629 3839; baseline -0.002 -20"><span class='ocrx_word' id='word_1_258' title='bbox 245 3768 302 3808; x_wconf 68' lang='grc' dir='ltr'><strong>ω</strong></span> <span class='ocrx_word' id='word_1_259' title='bbox 341 3741 415 3820; x_wconf 69' lang='lat' dir='ltr'><strong>et⁸</strong></span> <span class='ocrx_word' id='word_1_260' title='bbox 458 3755 699 3820; x_wconf 88' lang='lat' dir='ltr'><strong>Paulus</strong></span> <span class='ocrx_word' id='word_1_261' title='bbox 758 3756 950 3821; x_wconf 87' lang='lat' dir='ltr'><strong>dicit:</strong></span> <span class='ocrx_word' id='word_1_262' title='bbox 1018 3756 1082 3821; x_wconf 91' lang='lat' dir='ltr'><strong>si</strong></span> <span class='ocrx_word' id='word_1_263' title='bbox 1141 3754 1310 3839; x_wconf 84' lang='lat' dir='ltr'><strong>quis</strong></span> <span class='ocrx_word' id='word_1_264' title='bbox 1367 3756 1591 3823; x_wconf 84' lang='lat' dir='ltr'><strong>uobis</strong></span> <span class='ocrx_word' id='word_1_265' title='bbox 1651 3754 2251 3833; x_wconf 88' lang='lat' dir='ltr'><strong>adnuntiauerit,</strong></span> <span class='ocrx_word' id='word_1_266' title='bbox 2307 3754 2629 3837; x_wconf 87' lang='lat' dir='ltr'><strong>praeter-</strong></span> 
     </span>
    </p>
   </div>
   <div class='ocr_carea' id='block_1_3' title="bbox 519 3972 2421 4044">
    <p class='ocr_par' dir='ltr' id='par_1_3' title="bbox 519 3972 2421 4044">
     <span class='ocr_line' id='line_1_32' title="bbox 519 3972 2421 4044; baseline 0 -20"><span class='ocrx_word' id='word_1_267' title='bbox 519 3972 586 4025; x_wconf 87' lang='lat'><strong>12</strong></span> <span class='ocrx_word' id='word_1_268' title='bbox 621 3972 652 4025; x_wconf 94' lang='grc' dir='ltr'>Ι</span> <span class='ocrx_word' id='word_1_269' title='bbox 687 3972 806 4028; x_wconf 89' lang='lat' dir='ltr'><strong>Cor.</strong></span> <span class='ocrx_word' id='word_1_270' title='bbox 847 3976 932 4039; x_wconf 89' lang='lat'><strong>15,</strong></span> <span class='ocrx_word' id='word_1_271' title='bbox 969 3974 1038 4027; x_wconf 88' lang='lat'><strong>47</strong></span> <span class='ocrx_word' id='word_1_272' title='bbox 1078 3991 1194 4044; x_wconf 86' lang='lat' dir='ltr'><strong>sqq.</strong></span> <span class='ocrx_word' id='word_1_273' title='bbox 1304 3975 1374 4029; x_wconf 85' lang='lat'><strong>25</strong></span> <span class='ocrx_word' id='word_1_274' title='bbox 1411 3974 1468 4028; x_wconf 91' lang='lat'><strong>11</strong></span> <span class='ocrx_word' id='word_1_275' title='bbox 1506 3974 1643 4027; x_wconf 81' lang='lat' dir='ltr'><strong>Tim.</strong></span> <span class='ocrx_word' id='word_1_276' title='bbox 1682 3976 1731 4038; x_wconf 89' lang='lat'><strong>4,</strong></span> <span class='ocrx_word' id='word_1_277' title='bbox 1771 3976 1805 4027; x_wconf 89' lang='lat'>4</span> <span class='ocrx_word' id='word_1_278' title='bbox 1916 3974 1985 4027; x_wconf 89' lang='lat'><strong>30</strong></span> <span class='ocrx_word' id='word_1_279' title='bbox 2023 3972 2142 4027; x_wconf 81' lang='lat' dir='ltr'><strong>Gal.</strong></span> <span class='ocrx_word' id='word_1_280' title='bbox 2185 3972 2232 4037; x_wconf 92' lang='lat'><strong>1,</strong></span> <span class='ocrx_word' id='word_1_281' title='bbox 2271 3972 2305 4025; x_wconf 91' lang='grc'>8</span> <span class='ocrx_word' id='word_1_282' title='bbox 2342 3989 2421 4041; x_wconf 88' lang='lat' dir='ltr'><strong>sq.</strong></span> 
     </span>
    </p>
   </div>
   <div class='ocr_carea' id='block_1_4' title="bbox 334 4118 2634 4461">
    <p class='ocr_par' dir='ltr' id='par_1_4' title="bbox 334 4118 2634 4461">
     <span class='ocr_line' id='line_1_33' title="bbox 411 4118 2634 4197; baseline -0.001 -22"><span class='ocrx_word' id='word_1_283' title='bbox 411 4121 444 4175; x_wconf 89' lang='lat'><strong>3</strong></span> <span class='ocrx_word' id='word_1_284' title='bbox 483 4122 884 4177; x_wconf 78' lang='lat' dir='ltr'><strong>commentitiae</strong></span> <span class='ocrx_word' id='word_1_285' title='bbox 913 4124 966 4176; x_wconf 87' lang='lat' dir='ltr'><strong><em>L</em></strong></span> <span class='ocrx_word' id='word_1_286' title='bbox 1075 4126 1108 4177; x_wconf 88' lang='lat'>4</span> <span class='ocrx_word' id='word_1_287' title='bbox 1136 4123 1319 4179; x_wconf 86' lang='lat' dir='ltr'><strong>fabule</strong></span> <span class='ocrx_word' id='word_1_288' title='bbox 1348 4124 1401 4177; x_wconf 87' lang='lat' dir='ltr'><strong><em>L</em></strong></span> <span class='ocrx_word' id='word_1_289' title='bbox 1547 4124 1773 4197; x_wconf 46' lang='lat' dir='ltr'><strong>aggfiliam</strong></span> <span class='ocrx_word' id='word_1_290' title='bbox 1808 4123 1884 4188; x_wconf 84' lang='lat' dir='ltr'><strong>(fa</strong></span> <span class='ocrx_word' id='word_1_291' title='bbox 1912 4126 2007 4180; x_wconf 52' lang='lat' dir='ltr'><strong>er.)</strong></span> <span class='ocrx_word' id='word_1_292' title='bbox 2042 4122 2089 4175; x_wconf 83' lang='lat'><em>0</em></span> <span class='ocrx_word' id='word_1_293' title='bbox 2192 4121 2223 4173; x_wconf 85' lang='lat'>5</span> <span class='ocrx_word' id='word_1_294' title='bbox 2262 4118 2557 4173; x_wconf 84' lang='lat' dir='ltr'><strong>mutalibus</strong></span> <span class='ocrx_word' id='word_1_295' title='bbox 2588 4118 2634 4172; x_wconf 99' lang='lat' dir='ltr'><strong><em>S</em></strong></span> 
     </span>
     <span class='ocr_line' id='line_1_34' title="bbox 340 4208 2629 4285; baseline -0.001 -22"><span class='ocrx_word' id='word_1_296' title='bbox 340 4210 407 4263; x_wconf 82' lang='lat'><strong>15</strong></span> <span class='ocrx_word' id='word_1_297' title='bbox 443 4210 584 4265; x_wconf 80' lang='lat' dir='ltr'><strong>sicut</strong></span> <span class='ocrx_word' id='word_1_298' title='bbox 619 4215 892 4281; x_wconf 85' lang='lat' dir='ltr'><strong>portemus</strong></span> <span class='ocrx_word' id='word_1_299' title='bbox 929 4212 1222 4283; x_wconf 85' lang='lat' dir='ltr'><strong>imaginem</strong></span> <span class='ocrx_word' id='word_1_300' title='bbox 1261 4214 1462 4267; x_wconf 88' lang='lat' dir='ltr'><strong>terreni</strong></span> <span class='ocrx_word' id='word_1_301' title='bbox 1508 4213 1837 4285; x_wconf 74' lang='lat' dir='ltr'><strong>portauimus</strong></span> <span class='ocrx_word' id='word_1_302' title='bbox 1878 4211 1925 4267; x_wconf 90' lang='lat' dir='ltr'><strong><em>S</em></strong></span> <span class='ocrx_word' id='word_1_303' title='bbox 2033 4212 2097 4264; x_wconf 89' lang='grc'><strong>16</strong></span> <span class='ocrx_word' id='word_1_304' title='bbox 2136 4209 2209 4263; x_wconf 89' lang='lat' dir='ltr'><strong>sit</strong></span> <span class='ocrx_word' id='word_1_305' title='bbox 2244 4208 2330 4261; x_wconf 86' lang='lat' dir='ltr'><strong>Pb</strong></span> <span class='ocrx_word' id='word_1_306' title='bbox 2441 4208 2507 4262; x_wconf 87' lang='lat'><strong>17</strong></span> <span class='ocrx_word' id='word_1_307' title='bbox 2547 4224 2629 4260; x_wconf 87' lang='lat' dir='ltr'><strong>se-</strong></span> 
     </span>
     <span class='ocr_line' id='line_1_35' title="bbox 334 4296 2626 4373; baseline -0.001 -22"><span class='ocrx_word' id='word_1_308' title='bbox 334 4297 601 4354; x_wconf 55' lang='lat' dir='ltr'><strong>cundus„</strong></span> <span class='ocrx_word' id='word_1_309' title='bbox 626 4300 674 4353; x_wconf 81' lang='lat'><em>0</em></span> <span class='ocrx_word' id='word_1_310' title='bbox 769 4300 836 4353; x_wconf 89' lang='lat'><strong>18</strong></span> <span class='ocrx_word' id='word_1_311' title='bbox 867 4300 1079 4355; x_wconf 84' lang='lat' dir='ltr'><strong>celestis</strong></span> <span class='ocrx_word' id='word_1_312' title='bbox 1105 4302 1152 4352; x_wconf 80' lang='lat'><em>0</em></span> <span class='ocrx_word' id='word_1_313' title='bbox 1293 4301 1421 4373; x_wconf 79' lang='lat' dir='ltr'><strong>quia</strong></span> <span class='ocrx_word' id='word_1_314' title='bbox 1440 4302 1583 4356; x_wconf 84' lang='lat' dir='ltr'><strong>filius</strong></span> <span class='ocrx_word' id='word_1_315' title='bbox 1624 4301 1711 4355; x_wconf 88' lang='lat' dir='ltr'><strong>dei</strong></span> <span class='ocrx_word' id='word_1_316' title='bbox 1740 4302 1772 4354; x_wconf 81' lang='lat' dir='ltr'><strong>b</strong></span> <span class='ocrx_word' id='word_1_317' title='bbox 1864 4302 1935 4355; x_wconf 85' lang='lat'><strong>20</strong></span> <span class='ocrx_word' id='word_1_318' title='bbox 1963 4300 2019 4354; x_wconf 81' lang='lat'><strong>‹11</strong></span> <span class='ocrx_word' id='word_1_319' title='bbox 2050 4302 2118 4365; x_wconf 75' lang='lat' dir='ltr'><strong>(a.</strong></span> <span class='ocrx_word' id='word_1_320' title='bbox 2154 4300 2189 4351; x_wconf 86' lang='lat' dir='ltr'><strong>l.</strong></span> <span class='ocrx_word' id='word_1_321' title='bbox 2222 4297 2353 4351; x_wconf 84' lang='lat' dir='ltr'><strong>add.</strong></span> <span class='ocrx_word' id='word_1_322' title='bbox 2382 4314 2450 4350; x_wconf 88' lang='lat' dir='ltr'><strong>m.</strong></span> <span class='ocrx_word' id='word_1_323' title='bbox 2479 4300 2535 4364; x_wconf 91' lang='lat'><strong>1)</strong></span> <span class='ocrx_word' id='word_1_324' title='bbox 2559 4296 2626 4356; x_wconf 81' lang='lat' dir='ltr'><strong>L,</strong></span> 
     </span>
     <span class='ocr_line' id='line_1_36' title="bbox 335 4385 2627 4461; baseline -0.001 -21"><span class='ocrx_word' id='word_1_325' title='bbox 335 4404 438 4440; x_wconf 87' lang='lat' dir='ltr'><strong>om.</strong></span> <span class='ocrx_word' id='word_1_326' title='bbox 477 4388 508 4441; x_wconf 88' lang='lat' dir='ltr'><strong>b</strong></span> <span class='ocrx_word' id='word_1_327' title='bbox 653 4388 796 4443; x_wconf 86' lang='lat' dir='ltr'><strong>filius</strong></span> <span class='ocrx_word' id='word_1_328' title='bbox 833 4388 886 4442; x_wconf 79' lang='lat' dir='ltr'><strong>di</strong></span> <span class='ocrx_word' id='word_1_329' title='bbox 926 4388 1100 4443; x_wconf 67' lang='grc' dir='ltr'><strong>ΗΘΜ</strong></span> <span class='ocrx_word' id='word_1_330' title='bbox 1204 4392 1273 4445; x_wconf 80' lang='lat'><strong>22</strong></span> <span class='ocrx_word' id='word_1_331' title='bbox 1311 4408 1448 4461; x_wconf 86' lang='lat' dir='ltr'><strong>quur</strong></span> <span class='ocrx_word' id='word_1_332' title='bbox 1489 4390 1537 4445; x_wconf 82' lang='grc' dir='ltr'><em>Ο</em></span> <span class='ocrx_word' id='word_1_333' title='bbox 1641 4391 1708 4443; x_wconf 86' lang='grc'><strong>26</strong></span> <span class='ocrx_word' id='word_1_334' title='bbox 1747 4406 1899 4443; x_wconf 87' lang='lat' dir='ltr'><strong>suum</strong></span> <span class='ocrx_word' id='word_1_335' title='bbox 1941 4391 2009 4456; x_wconf 82' lang='lat'><strong>(8.</strong></span> <span class='ocrx_word' id='word_1_336' title='bbox 2049 4390 2112 4457; x_wconf 85' lang='lat' dir='ltr'><strong>l.)</strong></span> <span class='ocrx_word' id='word_1_337' title='bbox 2144 4388 2191 4442; x_wconf 87' lang='lat' dir='ltr'><strong><em>S</em></strong></span> <span class='ocrx_word' id='word_1_338' title='bbox 2322 4386 2389 4439; x_wconf 88' lang='lat'><strong>30</strong></span> <span class='ocrx_word' id='word_1_339' title='bbox 2429 4385 2565 4439; x_wconf 82' lang='lat' dir='ltr'><strong>dixit</strong></span> <span class='ocrx_word' id='word_1_340' title='bbox 2594 4386 2627 4437; x_wconf 86' lang='lat' dir='ltr'><strong>b</strong></span> 
     </span>
    </p>
   </div>
   <div class='ocr_carea' id='block_1_5' title="bbox 443 4492 2307 4561">
    <p class='ocr_par' dir='ltr' id='par_1_5' title="bbox 443 4492 2307 4561">
     <span class='ocr_line' id='line_1_37' title="bbox 443 4492 2307 4561; baseline -0.002 -12"><span class='ocrx_word' id='word_1_341' title='bbox 443 4510 578 4553; x_wconf 80' lang='lat' dir='ltr'><strong>XXV.</strong></span> <span class='ocrx_word' id='word_1_342' title='bbox 609 4512 728 4561; x_wconf 76' lang='lat' dir='ltr'><strong>Aug.</strong></span> <span class='ocrx_word' id='word_1_343' title='bbox 755 4518 864 4552; x_wconf 74' lang='lat' dir='ltr'><strong>sect.</strong></span> <span class='ocrx_word' id='word_1_344' title='bbox 895 4513 938 4551; x_wconf 79' lang='lat'><strong>6.</strong></span> <span class='ocrx_word' id='word_1_345' title='bbox 2244 4492 2307 4546; x_wconf 82' lang='lat'><strong>17</strong></span> 
     </span>
    </p>
   </div>
  </div>
 </body>
</html>
