3159 4984
568 481 696 544 ’772
1244 477 1311 529 S.
1368 475 1644 529 Aureli
1703 475 2135 544 Augustini

565 689 711 734 nam
778 669 947 752 quod
1014 668 1089 732 de
1136 647 1534 732 ‘effundendo
1603 667 1913 750 sanguine
1977 667 2256 749 antiquis
2312 668 2378 731 in
2435 668 2638 751 figura
2691 689 2854 752 prae-

568 779 823 859 ceptum
872 779 991 854 est,
1037 775 1104 840 id
1152 779 1252 840 est
1296 774 1421 858 ipsi
1458 774 1596 838 Noe
1643 777 1794 857 post
1839 773 2157 838 diluuium
2194 811 2283 822 -
2321 774 2492 857 quod
2536 775 2663 839 iam
2714 777 2858 858 quid

566 883 955 966 significaret
1002 880 1400 947 ostendimus
1448 918 1537 928 --
1581 881 1865 964 plerique
1922 880 2324 965 intellegunt.
2393 885 2460 946 et
2500 883 2568 946 in
2615 883 2858 948 actibus

499 1031 507 1039 -
569 989 1001 1072 apostolorum
1048 989 1168 1054 hoc
1214 989 1346 1072 legi
1391 991 1803 1071 praeceptum
1849 988 1926 1051 ab
1976 988 2304 1071 apostolis,
2355 991 2430 1052 ut
2475 989 2859 1054 abstinerent

570 1099 792 1181 gentes
840 1099 1091 1160 tantum
1137 1115 1174 1159 a
1218 1095 1633 1160 fornicatione
1691 1097 1758 1158 et
1812 1095 1890 1158 ab
1945 1094 2270 1160 inmolatis
2329 1097 2394 1159 et
2449 1114 2486 1158 a
2533 1095 2856 1179 sanguine,
2911 1119 2934 1155 5

564 1205 631 1268 id
682 1207 781 1268 est
827 1222 905 1268 ne
953 1202 1295 1284 quicquam
1352 1201 1612 1266 ederent
1668 1201 1892 1278 carniS‚
1953 1201 2136 1266 cuius
2193 1201 2456 1286 sanguis
2512 1221 2635 1266 non
2697 1205 2861 1266 esset

570 1309 831 1376 effusus.
892 1307 1060 1390 quod
1118 1307 1227 1371 alii
1282 1326 1405 1372 non
1464 1306 1557 1371 sic
1614 1307 2018 1390 intellegunt,
2078 1307 2191 1372 sed
2247 1326 2285 1370 a
2331 1299 2637 1391 sanguine
2693 1326 2860 1391 prae-

568 1420 825 1499 ceptum
884 1434 1024 1479 esse
1082 1413 1547 1489 abstinendum,
1607 1432 1684 1477 ne
1741 1413 1883 1495 quis
1939 1413 2281 1480 homicidio
2340 1433 2409 1478 se
2457 1415 2858 1481 contaminet.

572 1523 693 1588 hoc
742 1541 907 1587 nunc
956 1522 1272 1586 discutere
1320 1521 1587 1604 longum
1643 1523 1744 1585 est
1799 1523 1865 1585 et
1918 1539 2040 1585 non
2097 1521 2548 1598 necessarium,
2610 1523 2760 1604 quia
2805 1528 2864 1587 et

566 1632 624 1696 si
670 1631 792 1696 hoc
840 1633 993 1694 tunc
1042 1628 1316 1712 apostoli
1362 1630 1838 1711 praeceperunt,
1887 1629 1964 1690 ut
1999 1628 2373 1692 animalium
2413 1629 2723 1712 sanguine
2761 1630 2862 1692 ab·
2894 1649 2939 1687 ιο

571 1737 880 1802 stinerent
911 1734 1258 1812 christiani,
1291 1754 1367 1799 ne
1397 1733 1779 1818 praefocatis
1812 1733 2103 1799 carnibus
2134 1738 2564 1812 uescerentur‚
2594 1736 2864 1819 elegisse

568 1844 729 1908 mihi
773 1842 1074 1906 uidentur
1119 1862 1230 1925 pro
1277 1845 1563 1924 tempore
1610 1860 1746 1905 rem
1793 1841 2048 1906 facilem
2097 1844 2162 1906 et
2208 1861 2608 1924 nequaquam
2657 1844 2865 1908 obser-

572 1951 874 2015 uantibus
915 1969 1263 2026 onerosam,
1292 1949 1357 2012 in
1388 1967 1513 2031 qua
1552 1967 1698 2014 cum
1725 1948 2078 2014 Israhelitis
2119 1949 2311 2013 etiam
2349 1951 2574 2033 gentes
2611 1953 2869 2033 propter

572 2057 938 2140 angularem
985 2057 1167 2120 illum
1217 2056 1496 2139 lapidem
1546 2055 1707 2120 duos
1754 2056 1818 2119 in
1869 2075 1935 2120 se
1985 2055 2359 2120 condentem
2411 2055 2653 2137 aliquid
2701 2075 2865 2120 com-

570 2163 847 2228 muniter
904 2163 1335 2240 obserassent,
1394 2163 1590 2228 simul
1646 2165 1711 2227 et
1765 2162 2176 2228 admonerent
2219 2163 2284 2226 in
2329 2163 2472 2245 ipsa
2516 2181 2662 2226 arca
2705 2162 2863 2236 Noe,
2901 2185 2942 2222 ιε,

566 2269 821 2352 quando
888 2268 1045 2332 deus
1111 2267 1233 2333 hoc
1297 2268 1510 2347 iussit,
1578 2269 1914 2334 ecclesiam
1982 2269 2266 2335 omnium
2324 2269 2612 2352 gentium
2667 2269 2866 2333 fuisse

572 2376 931 2459 figuratam,
981 2374 1163 2439 cuius
1210 2374 1361 2438 facti
1409 2375 1744 2458 prophetia
1787 2375 1915 2439 iam
1961 2375 2262 2459 gentibus
2319 2375 2396 2438 ad
2453 2375 2646 2439 fidem
2694 2394 2866 2440 acce-

572 2481 871 2545 dentibus
920 2481 1265 2563 incipiebat
1310 2479 1558 2563 inpleri.
1627 2483 1948 2545 transacto
2005 2499 2156 2546 uero
2213 2480 2326 2545 illo
2383 2485 2694 2562 tempore,
2743 2501 2865 2562 quo

564 2589 666 2653 illi
724 2588 848 2653 duo
905 2588 1202 2671 parietes,
1259 2607 1426 2652 unus
1484 2607 1557 2652 ex
1615 2587 2115 2655 circumcisione,
2185 2589 2344 2652 alter
2409 2607 2480 2651 ex
2536 2587 2866 2670 praeputio

575 2694 924 2768 uenientes,
993 2693 1287 2775 quamuis
1354 2693 1417 2756 in
1487 2693 1777 2777 angulari
1838 2693 2048 2776 lapide
2115 2693 2588 2772 concordarent,
2653 2695 2865 2757 tamen
2901 2717 2950 2756 20

572 2800 707 2866 suis
774 2800 1155 2882 quibusdam
1212 2799 1707 2884 proprietatibus
1765 2800 2129 2866 distinctius
2188 2800 2568 2864 eminebant.
2636 2803 2703 2864 at
2757 2801 2868 2864 ubi

574 2907 847 2972 ecclesia
891 2907 1179 2990 gentium
1224 2907 1372 2970 talis
1432 2907 1654 2972 effecta
1712 2909 1830 2984 est,
1887 2910 1963 2970 ut
2014 2907 2078 2970 in
2139 2925 2212 2970 ea
2265 2907 2486 2971 nullus
2531 2905 2870 2971 Israhelita

574 3013 842 3078 carnalis
881 3012 1197 3097 adpareat,
1239 3013 1381 3095 quis
1420 3013 1546 3077 iam
1585 3014 1708 3078 hoc
1746 3013 2132 3078 christianus
2174 3014 2494 3091 obseruat‚
2535 3015 2610 3076 ut
2645 3013 2869 3078 turdos

569 3121 678 3184 uel
739 3121 1113 3185 minutiores
1180 3121 1467 3185 auiculas
1534 3140 1657 3185 non
1725 3120 2030 3204 adtingat,
2100 3119 2224 3185 nisi
2281 3138 2548 3201 quarum
2605 3119 2870 3204 sanguis

568 3227 816 3292 effusus
885 3230 1004 3305 est,
1072 3230 1184 3291 aut
1235 3227 1515 3310 leporem
1572 3246 1696 3291 non
1755 3225 1918 3304 edat,
1978 3226 2032 3291 si
2086 3245 2280 3292 manu
2337 3245 2376 3290 a
2430 3226 2678 3291 ceruice
2731 3245 2870 3312 per·
2899 3245 2950 3288 ιε

755 3453 779 3506 1
822 3451 887 3507 cf.
927 3451 1059 3506 Gen.
1098 3451 1148 3516 9,
1186 3453 1220 3504 6
1328 3453 1361 3506 3
1402 3451 1467 3510 cf.
1510 3452 1624 3508 Act.
1667 3453 1747 3516 15,
1788 3453 1857 3506 29
1972 3452 2038 3507 13
2077 3451 2145 3506 cf.
2183 3451 2382 3522 Ephes.
2421 3451 2472 3516 2,
2513 3452 2577 3505 11
2619 3469 2741 3523 sqq.

646 3595 679 3646 2
716 3591 773 3646 id
812 3596 896 3647 est
935 3593 1009 3659 (st
1047 3593 1178 3646 add.
1218 3611 1286 3647 m.
1326 3593 1380 3664 2)
1409 3593 1461 3647 L
1605 3597 1640 3647 4
1677 3595 1800 3664 lege
1839 3593 1870 3646 b
2017 3593 2291 3664 apostolos
2335 3593 2384 3648 C'
2511 3595 2546 3648 5
2585 3594 2653 3648 ab
2692 3611 2796 3648 om.
2835 3593 2868 3648 b

574 3699 606 3736 a
641 3698 744 3736 om.
780 3681 868 3734 Lb
1082 3681 1115 3734 6
1164 3685 1247 3736 est
1292 3682 1367 3753 (st
1413 3683 1543 3736 add.
1582 3699 1651 3736 m.
1691 3683 1744 3746 2)
1775 3682 1830 3736 L
2008 3690 2301 3753 nequaqua
2337 3683 2370 3737 b
2552 3698 2738 3736 carnes
2777 3682 2868 3735 Ml

574 3769 796 3840 sanguis
833 3770 873 3838 (i
908 3786 951 3824 s.
990 3770 1026 3824 Ζ.
1067 3786 1105 3823 α
1142 3788 1208 3824 m.
1238 3770 1291 3839 2)
1328 3770 1376 3824 0
1398 3772 1676 3841 sanguinis
1705 3771 2054 3827 L¹P¹M¹SG
2165 3773 2196 3824 7
2227 3771 2429 3826 affusus
2459 3771 2530 3824 L¹
2567 3769 2784 3836 aeffusus
2803 3770 2872 3822 M

575 3859 611 3913 8
646 3858 939 3912 cotaminet
970 3857 1027 3912 '0
1164 3859 1197 3910 9
1235 3856 1503 3912 discutere
1541 3861 1592 3929 (e
1631 3865 1762 3914 ante
1794 3877 1822 3914 r
1855 3860 1918 3912 in
1955 3860 2060 3926 lit.)
2091 3858 2136 3912 0
2276 3859 2481 3928 longon
2515 3859 2580 3916 0¹
2695 3859 2764 3914 10
2799 3857 2866 3912 ab

574 3947 882 4002 animalium
944 3947 1041 4001 Mb
1240 3947 1576 4001 abstinerent
1623 3950 1706 4014 (nt
1747 3964 1792 4002 s.
1840 3949 1875 4002 l.
1925 3965 1964 4002 α
2007 3966 2075 4002 m.
2124 3948 2178 4017 2)
2229 3947 2453 4002 LPSM
2491 3946 2764 4002 abstinere
2815 3947 2866 4002 G·

579 4037 641 4090 11
684 4035 853 4104 elegis
888 4035 1101 4100 se,mihi
1146 4035 1193 4090 0
1326 4037 1390 4089 13
1428 4035 1746 4102 honerosum
1783 4035 1980 4092 L²SM
2008 4037 2330 4092 honerosum
2357 4037 2494 4091 L¹G
2641 4039 2708 4092 15
2745 4053 2872 4092 arca.

579 4127 626 4192 (r
668 4125 731 4178 in
772 4127 908 4190 ras.)
951 4123 1004 4176 L
1258 4125 1323 4179 17
1369 4122 1553 4194 fidem]
1608 4125 1768 4179 finem
1823 4125 1872 4180 C'
2120 4127 2186 4180 18
2241 4125 2582 4197 inquipiebat
2651 4125 2864 4182 GP¹S¹

578 4213 643 4265 19
682 4211 932 4282 proputio
970 4210 1071 4267 SG
1180 4214 1251 4268 20
1278 4213 1503 4284 quamis
1544 4219 1590 4282 (s
1630 4230 1700 4268 er.
1741 4219 1790 4268 et
1825 4238 1894 4260 ev
1935 4215 2065 4268 add.
2103 4231 2173 4268 m.
2212 4215 2266 4284 2)
2296 4215 2349 4268 L
2381 4217 2453 4285 (m
2482 4221 2577 4278 er.)
2607 4215 2682 4268 M
2707 4231 2868 4286 quas·

579 4299 663 4353 uis
706 4299 757 4354 G
796 4302 1043 4368 quamuis
1082 4299 1153 4366 (m
1195 4319 1259 4356 ex
1296 4319 1321 4356 s
1357 4303 1421 4356 in
1457 4303 1593 4364 ναε.)
1629 4301 1730 4357 PS
1859 4304 1926 4356 21
1967 4303 2280 4358 distinctius
2319 4303 2360 4370 (i
2389 4319 2512 4372 exp.
2541 4309 2592 4358 et
2619 4321 2656 4358 u
2683 4318 2874 4374 super·

580 4389 703 4454 scr.)
751 4387 797 4440 0
901 4389 969 4440 22
1006 4389 1327 4444 hisrahelita
1372 4389 1419 4444 Ο
1522 4391 1592 4443 23
1631 4390 1885 4446 obseruat
1925 4394 1972 4460 (r
2005 4408 2050 4446 ε.
2090 4393 2124 4447 l.
2167 4410 2206 4448 a
2240 4409 2310 4446 m.
2348 4391 2402 4463 2)
2439 4391 2487 4446 0
