3159 4984
374 505 503 566 660
1079 495 1131 546 S.
1193 491 1466 546 Aureli
1523 490 1951 560 Augustini

363 696 501 761 sola
543 695 806 759 libidine
868 692 1136 757 carnalis
1190 691 1545 773 uoluptatis
1612 689 1894 756 arsisset.
1954 693 2019 754 et
2082 689 2320 755 Christi
2375 691 2671 774 progeni·

362 805 532 866 tores
573 799 885 883 culpando
923 797 1340 863 incarnationi
1386 797 1522 862 eius
1561 796 1751 861 fidem
1792 796 2079 879 derogari
2116 796 2453 874 uoluisset.
2496 797 2672 881 igno-

361 926 504 971 rans
553 907 748 971 miser
792 905 1204 969 uerissimum
1242 907 1306 967 et
1342 903 1832 968 ueracissimum
1870 904 2255 968 saluatorem
2292 924 2417 969 non
2458 905 2673 969 solum

364 1013 703 1095 loquendo.
743 1011 857 1076 sed
896 1011 1087 1075 etiam
1125 1010 1440 1074 nascendo
1477 1010 1859 1094 magistrum
1900 1012 2205 1078 extitisse.
2244 1009 2466 1075 fideles
2504 1010 2675 1074 enim

373 1121 510 1184 eius
556 1119 812 1184 uenturi
859 1138 932 1183 ex
981 1117 1278 1182 omnibus
1324 1117 1624 1201 gentibus
1673 1118 1864 1183 etiam
1904 1119 2188 1202 exemplo
2228 1118 2431 1183 carnis
2469 1118 2678 1201 ipsius
2748 1129 2778 1170 ⁵

367 1227 607 1292 discere
675 1225 1032 1290 debuerunt
1095 1226 1428 1308 parentum
1495 1243 1758 1289 suorum
1822 1226 2194 1308 iniquitates
2258 1223 2381 1288 sibi
2448 1225 2679 1290 obesse.

365 1353 490 1398 non
534 1352 746 1417 posse.
815 1331 1075 1415 proinde
1124 1349 1398 1413 sponsus
1443 1330 1556 1394 ille
1606 1331 1741 1396 suis
1792 1351 2146 1416 congruens
2190 1330 2503 1406 inuitatis.
2562 1338 2686 1412 qui

365 1443 712 1506 uocaturus
761 1443 896 1504 erat
941 1439 1020 1504 ad
1064 1439 1322 1522 nuptias
1367 1438 1569 1504 bonos
1619 1443 1685 1503 et
1728 1440 1954 1504 malos
2006 1439 2199 1504 etiam
2244 1439 2419 1502 nasei
2466 1439 2683 1503 uoluit

371 1547 446 1610 de
491 1545 676 1610 bonis
725 1548 788 1608 et
832 1544 1040 1622 malis,
1088 1546 1163 1607 ut
1208 1544 1607 1626 prophetiam
1652 1544 1946 1626 paschae.
1988 1563 2111 1624 qua
2147 1546 2525 1626 praeceptus
2576 1549 2685 1609 est

371 1651 740 1717 manducari
787 1669 990 1734 agnus
1038 1653 1340 1733 acceptus
1389 1670 1460 1715 ex
1509 1649 1739 1715 ouibus
1780 1653 1845 1714 et
1882 1650 2086 1733 capris
2124 1653 2449 1732 tamquam
2480 1649 2679 1713 iustis
2724 1665 2779 1702 ιο

375 1762 439 1823 et
483 1758 760 1836 iniustis,
809 1757 889 1821 ad
937 1777 1004 1823 se
1052 1757 1604 1842 praefigurandum
1658 1757 2083 1840 praecessisse
2140 1755 2436 1822 firmaret.
2484 1755 2681 1820 docu-

367 1868 582 1930 menta
637 1865 866 1948 quippe
924 1865 1026 1928 dei
1083 1865 1148 1928 et
1200 1864 1478 1930 hominis
1531 1864 1773 1947 ubique
1829 1882 2215 1930 conseruans
2271 1867 2563 1946 parentes
2614 1865 2687 1926 et

368 1974 568 2038 bonos
609 1975 674 2036 et
708 1973 912 2037 malos
949 1974 1208 2054 propter
1244 1969 1753 2036 conuenientiam
1790 1969 2207 2034 humanitatis
2246 1989 2369 2034 non
2408 1969 2684 2052 spreuit,

365 2081 617 2162 partum
683 2081 898 2142 autem
961 2077 1230 2162 uirginis
1294 2081 1552 2160 propter
1604 2077 1985 2141 miraculum
2042 2075 2398 2140 diuinitatis
2454 2075 2684 2159 elegit,

459 2187 565 2250 65.
632 2185 914 2249 Inaniter
961 2204 1108 2269 ergo
1157 2185 1435 2249 Faustus
1481 2185 1545 2248 in
1597 2203 1664 2249 se
1709 2184 1924 2267 ipsum
1969 2185 2185 2267 potius
2243 2183 2428 2247 dente
2484 2182 2679 2246 saeri-
2732 2195 2787 2235 1⁵

367 2294 515 2376 lego
573 2291 864 2356 saeuiens
922 2295 1208 2356 sanctam
1263 2291 1665 2374 scripturam,
1724 2311 1916 2374 quam
1970 2293 2148 2356 totus
2210 2289 2341 2354 iam
2396 2287 2685 2354 mundus

372 2398 598 2463 merito
664 2401 1030 2476 ueneratur,
1101 2401 1396 2464 accusat:
1473 2417 1664 2480 quae.
1730 2400 1806 2462 ut
1870 2417 2061 2481 supra
2126 2397 2281 2474 dixi,
2346 2399 2685 2478 tamquam

375 2506 618 2589 speculi
662 2505 870 2569 fidelis
918 2505 1088 2570 nitor
1131 2505 1372 2571 nullius
1421 2506 1668 2588 accepit
1714 2504 2095 2569 adulandam
2150 2522 2505 2588 personam.
2568 2503 2693 2567 sed

377 2616 442 2678 et
493 2612 810 2676 laudanda
865 2614 930 2676 et
985 2611 1407 2696 uituperanda
1459 2613 1791 2678 hominum
1846 2611 2018 2676 facta
2072 2612 2179 2675 uel
2236 2611 2375 2694 ipsa
2441 2611 2691 2676 iudicat

376 2719 483 2784 uel
529 2718 891 2803 legentibus
938 2717 1276 2782 iudicanda
1339 2719 1657 2802 proponit,
1718 2737 1834 2782 nec
1892 2719 2103 2783 solum
2160 2717 2451 2782 homines
2506 2716 2689 2798 ipsos
2724 2727 2785 2766 2⁰

377 2825 486 2890 uel
531 2824 988 2908 uituperabiles
1036 2825 1143 2888 uel
1187 2823 1544 2888 laudabiles
1588 2824 1913 2900 intimans,
1960 2843 2184 2888 uerum
2243 2823 2433 2888 etiam
2494 2841 2689 2904 quae-

379 2932 522 2996 dam
559 2931 624 2996 in
661 2930 1200 3013 uituperabilibus
1237 2930 1554 2995 laudanda
1593 2934 1657 2995 et
1692 2931 1757 2995 in
1794 2931 2227 2996 laudabilibus
2262 2929 2691 3014 uituperanda

375 3057 498 3103 non
555 3041 791 3104 tacens.
859 3056 1063 3119 neque
1121 3037 1289 3102 enim
1347 3037 1496 3119 quia
1548 3036 1995 3120 uituperabilis
2059 3037 2251 3102 homo
2318 3039 2452 3101 erat
2506 3035 2664 3101 Saul

381 3145 524 3209 ideo
571 3164 696 3209 non
744 3147 844 3209 est
897 3143 1218 3208 laudabile
1273 3143 1516 3208 factum
1573 3143 1733 3220 eius,
1792 3144 1962 3226 quod
2017 3146 2349 3228 gustatum
2408 3142 2483 3207 de
2540 3123 2689 3206 ana:

376 3251 656 3316 themate
694 3254 826 3316 tam
865 3251 1202 3336 diligenter
1239 3255 1583 3330 scrutatus,
1624 3255 1757 3316 tam
1797 3271 2015 3317 seuere
2052 3251 2377 3316 uindicare
2414 3255 2688 3316 conatus
2732 3267 2793 3307 ²⁵

380 3362 479 3424 est
505 3359 846 3458 oboediens
886 3359 1024 3436 de0‚
1065 3361 1174 3442 qui
1209 3360 1331 3426 hoc
1369 3358 1502 3423 fieri
1539 3358 1970 3442 prohibuerat,
2012 3358 2120 3423 uel
2158 3357 2331 3440 quod
2367 3357 2689 3442 pythones

557 3549 590 3604 8
622 3549 690 3604 cf.
717 3550 915 3604 Matth.
943 3551 1031 3616 22,
1062 3549 1129 3613 10
1229 3549 1299 3605 10
1327 3549 1394 3605 cs.
1423 3550 1515 3606 Ex.
1548 3552 1633 3614 12,
1662 3553 1696 3606 3
1724 3567 1840 3620 sqq.
1934 3552 2004 3603 26
2034 3550 2100 3606 cf.
2130 3551 2159 3604 Ι
2186 3551 2321 3621 Reg.
2354 3551 2436 3611 14.
2468 3551 2541 3605 24
2566 3566 2689 3621 sqq.

447 3691 482 3743 2
509 3691 895 3746 incarnationis
924 3693 955 3746 b
1090 3691 1348 3762 derogare
1376 3691 1478 3748 SG
1587 3691 1654 3746 10
1684 3693 1854 3763 capris
1885 3693 1938 3762 (a
1964 3693 2023 3746 in
2055 3692 2074 3745 i
2102 3695 2264 3758 corr.)
2294 3691 2343 3748 S
2436 3693 2497 3745 11
2534 3708 2688 3762 prae·

383 3781 717 3851 figurandam
755 3779 857 3836 SG·
998 3782 1293 3852 praecessis
1331 3799 1386 3835 se
1431 3781 1479 3834 Ο
1619 3782 1687 3835 12
1724 3781 2033 3835 hominibus
2072 3781 2125 3834 L
2260 3784 2315 3834 et
2353 3786 2483 3834 ante
2518 3780 2693 3834 bonos

388 3885 490 3924 om.
520 3867 621 3924 SG
729 3870 800 3923 14
836 3877 1029 3939 parua
1069 3869 1180 3938 (pr.
1207 3885 1236 3922 r
1261 3885 1303 3923 8.
1335 3869 1370 3924 l.
1403 3869 1532 3923 add.
1563 3871 1622 3922 et
1650 3869 1749 3924 alt.
1778 3885 1897 3937 exp.
1926 3885 1995 3923 m.
2026 3869 2080 3934 2)
2110 3866 2237 3921 ,ΕΜ
2349 3870 2413 3924 16
2442 3869 2693 3940 εςηιιιίειιε

384 3957 434 4027 (r
471 3957 587 4012 uid.
628 3959 722 4025 er.)
762 3958 814 4011 L
851 3957 1092 4029 seruiens
1135 3957 1186 4012 G
1223 3957 1436 4011 seuiens
1475 3957 1520 4010 G
1700 3957 1764 4010 17
1814 3960 2105 4011 ueneratur
2150 3959 2209 4027 (u
2248 3973 2385 4012 corr.
2424 3973 2491 4012 er
2526 3957 2580 4024 b)
2622 3959 2701 4012 M

381 4045 492 4100 dixi
539 4049 586 4118 (τ
635 4054 729 4110 er.)
779 4046 826 4100 S
866 4045 1004 4100 dixit
1053 4046 1106 4100 G
1153 4046 1262 4100 dixi
1319 4048 1438 4116 (ort.
1499 4061 1565 4100 er:
1620 4045 1707 4100 dix
1756 4071 1821 4090 ev
1870 4048 1963 4112 er.)
2013 4047 2081 4099 M
2262 4047 2330 4100 18
2368 4047 2579 4118 accepit
2616 4047 2697 4100 12¹

384 4133 709 4189 adolandam
749 4135 823 4188 L²
872 4133 1164 4191 adulando·
1188 4135 1270 4188 L2
1412 4137 1482 4188 22
1526 4133 1946 4204 uituperabilius
1992 4133 2241 4189 L¹SMG
2500 4134 2694 4190 lauda-

257 4215 264 4222 ’
371 4220 546 4276 bilius
567 4222 822 4278 ΗΕΘΜ
925 4226 996 4278 24
1035 4224 1379 4279 anathemate
1417 4226 1468 4294 (e
1494 4223 1627 4294 fuit)
1656 4221 1705 4277 S
1808 4222 1876 4276 25
1908 4227 2132 4276 conatus
2164 4227 2247 4291 (co
2277 4239 2345 4278 ar:
2372 4241 2432 4278 ca
2462 4223 2622 4291 corr.)
2654 4227 2701 4280 S

379 4311 451 4364 26
489 4310 778 4366 obaediens
823 4311 870 4366 0
1030 4313 1378 4384 prohibuerat
1419 4323 1473 4377 (o
1511 4313 1573 4366 in
1608 4329 1742 4371 ras:
1785 4312 1842 4364 hi
1888 4327 1931 4364 ε.
1971 4311 2007 4364 Ζ.
2048 4329 2085 4365 a
2120 4328 2190 4368 m.
2228 4313 2280 4379 1)
2322 4311 2377 4366 L
2557 4313 2698 4384 phy-

381 4401 540 4453 tones
582 4399 712 4453 GSb
749 4399 1052 4470 phythones
1092 4402 1150 4472 (h
1186 4417 1450 4468 superscr.
1489 4418 1556 4454 m.
1598 4402 1653 4469 2)
1692 4401 1820 4455 LM
1849 4400 2160 4472 phythones
2204 4403 2253 4458 0
