3159 4984
930 503 1003 556 11.
1065 503 1162 556 De
1222 502 1520 556 duabus
1578 501 2006 556 animabus,
2534 503 2617 564 63

307 696 470 762 deo.
523 715 596 760 ex
647 698 774 761 alia
819 701 993 780 parte
1041 698 1156 761 illa
1203 698 1382 762 salua
1427 701 1722 760 manente
1781 696 2093 762 sententia
2150 694 2319 777 quod
2376 693 2621 759 omnia

305 823 442 886 per
487 803 740 887 ipsum
787 804 987 868 facta
1035 808 1229 873 sunt.
1281 811 1379 868 et:
1432 805 1677 869 omnia
1727 823 1806 868 ex
1857 803 2011 867 deo.
2062 821 2207 865 nam
2258 801 2312 865 si
2367 800 2619 866 Christo

316 929 445 973 non
515 911 792 986 credere,
861 910 1099 976 Christi
1157 911 1502 974 aduentum
1561 910 1911 994 repudiare.
1972 907 2295 974 Christum
2348 926 2473 971 non
2528 924 2620 970 re-

321 1016 534 1098 cipere
585 1020 831 1082 certum
877 1019 1184 1083 indicium
1235 1021 1406 1082 esset
1462 1018 1833 1085 animarum.
1894 1034 2053 1097 quae
2108 1035 2233 1080 non
2291 1018 2443 1079 sunt
2498 1013 2619 1078 dei.

257 1125 392 1185 set
444 1123 590 1188 ideo
651 1124 892 1189 dictum
951 1129 1157 1190 esset:
1224 1145 1358 1190 uos
1416 1128 1819 1208 propterea
1875 1141 2013 1186 non
2074 1121 2389 1189 auditis,
2449 1121 2625 1202 quia

315 1247 464 1292 non
515 1231 711 1295 estis
761 1251 840 1296 ex
889 1233 1052 1310 deo,
1121 1233 1438 1315 quomodo
1487 1250 1638 1295 uera
1687 1235 1859 1295 esset
1912 1251 2031 1298 uox
2078 1230 2191 1292 illa
2239 1229 2513 1313 apostoli
2559 1229 2619 1290 in

309 1335 460 1417 ipso
511 1339 829 1422 euangelii
878 1339 1275 1405 memorabili
1321 1339 1649 1422 principio,
1704 1358 1827 1420 qua
1877 1338 2119 1403 dictum
2169 1341 2303 1401 est:
2370 1336 2440 1399 in
2492 1354 2625 1398 sua

313 1445 630 1526 propria-
677 1446 892 1509 uenit
939 1450 1011 1510 et
1061 1447 1179 1510 sui
1228 1466 1392 1510 eum
1439 1465 1580 1510 non
1628 1449 2124 1531 receperunt?
2182 1444 2347 1508 unde
2399 1443 2519 1508 sui.
2571 1441 2623 1505 si

313 1568 446 1613 non
497 1557 921 1634 receperunt?
972 1560 1083 1618 aut
1130 1553 1296 1618 unde
1344 1552 1485 1618 ideo
1535 1571 1659 1617 non
1699 1552 1819 1621 sui.
1860 1552 2010 1634 quia
2045 1570 2167 1616 non
2205 1551 2624 1632 receperunt?

215 1681 272 1720 ιο
317 1655 450 1720 nisi
489 1659 639 1740 quia
677 1659 966 1725 homines
1003 1664 1392 1743 peccatoreS„
1437 1680 1510 1724 eo
1552 1661 1721 1742 quod
1762 1663 1913 1724 sunt
1949 1659 2259 1724 homines
2299 1657 2375 1720 ad
2416 1656 2625 1719 deum.

331 1781 408 1827 eo
458 1783 632 1842 uem,
699 1765 868 1847 quod
931 1771 1317 1850 peccatores,
1385 1767 1463 1830 ad
1530 1766 1855 1831 diabolum
1918 1765 2254 1848 pertinent.
2319 1762 2423 1826 hic
2481 1779 2626 1842 ergo

323 1873 577 1952 partem
635 1876 894 1936 naturae
950 1873 1159 1936 tenuit
1216 1874 1325 1956 qui
1383 1875 1508 1938 ait:
1576 1872 1697 1938 sui
1756 1892 1920 1937 eum
1968 1891 2108 1936 non
2156 1879 2625 1952 receperunt.

327 1977 441 2042 ille
491 1979 844 2043 uoluntatis
895 1981 1002 2062 qui
1050 1981 1176 2044 ait:
1245 2000 1386 2045 non
1436 1982 1625 2046 estis
1675 1999 1754 2044 ex
1804 1979 1959 2044 deo,
2018 1977 2414 2061 euangelista
2461 1975 2627 2038 enim

327 2084 433 2148 dei
485 2105 672 2168 opera
720 2086 1220 2153 commendabat.
1263 2085 1552 2152 Christus
1591 2086 1921 2152 hominum
1948 2087 2210 2170 peccata
2236 2081 2627 2148 cohercebat.

209 2213 268 2252 15
426 2193 529 2255 10.
597 2192 720 2255 Hic
767 2193 1036 2258 fortasse
1085 2193 1227 2276 quis
1276 2194 1480 2258 dicat:
1548 2193 1715 2258 unde
1772 2194 1913 2277 ipsa
1956 2198 2217 2277 peccata
2263 2197 2327 2257 et
2376 2191 2628 2256 omnino

325 2299 498 2363 unde
537 2300 832 2363 malum?
881 2301 938 2365 si
986 2300 1062 2363 ab
1111 2300 1387 2374 homine,
1438 2301 1603 2365 unde
1652 2302 1897 2367 homo?
1946 2302 2003 2366 si
2050 2301 2126 2364 ab
2176 2301 2421 2385 angelo.
2465 2299 2629 2363 unde

323 2406 596 2489 angelus
621 2409 650 2469 ¹?
691 2425 849 2488 quos
891 2427 960 2470 ex
1001 2407 1117 2472 deo
1159 2425 1300 2471 esse
1341 2427 1485 2471 cum
1527 2408 1777 2474 dicitur.
1818 2409 2111 2490 quamuis
2148 2411 2318 2473 recte
2357 2426 2631 2488 uereque

323 2511 640 2588 dicantur,
688 2513 987 2577 uidentur
1031 2517 1243 2578 tamen
1293 2513 1581 2597 inperitis
1633 2519 1696 2578 et
1740 2516 1953 2580 minus
2000 2516 2363 2580 ualentibus
2402 2514 2628 2578 acriter

317 2637 424 2682 res
475 2618 724 2683 abditas
771 2619 1001 2684 intueri
1051 2621 1231 2702 quasi
1287 2641 1398 2704 per
1436 2622 1747 2704 quandam
1790 2625 2076 2687 catenam
2116 2622 2194 2687 ad
2234 2623 2422 2688 deum
2460 2621 2627 2687 mala

205 2741 268 2779 20
322 2729 393 2788 et
437 2728 701 2807 peccata
751 2727 1016 2791 conecti.
1084 2727 1204 2790 hac
1259 2727 1324 2790 in
1383 2728 1754 2809 quaestione
1811 2729 1908 2792 illi
1954 2749 2215 2814 regnare
2264 2749 2331 2794 se
2379 2733 2624 2813 putant,

315 2832 506 2912 quasi
553 2849 706 2897 uero
753 2833 1140 2916 interrogare
1207 2833 1294 2898 sit
1350 2835 1530 2898 scire.
1590 2835 1833 2899 utinam
1889 2836 1951 2899 id
2012 2839 2213 2905 esset:
2282 2855 2465 2902 nemo
2524 2855 2624 2901 me

316 2938 628 3004 scientior
673 2940 1069 3022 reperiretur.
1131 2941 1243 3005 sed
1289 2943 1506 3006 nescio
1556 2943 1871 3025 quomodo
1922 2963 2106 3026 saepe
2153 2943 2214 3006 in
2265 2943 2624 3008 altercando

309 3065 586 3130 magnae
619 3046 1010 3128 quaestionis
1039 3048 1398 3130 propositor
1424 3067 1757 3131 personam
1788 3051 2001 3134 magni
2033 3050 2307 3114 doctoris
2346 3052 2627 3114 ostentat

500 3258 534 3309 ὁ
573 3256 690 3309 Ioh.
733 3259 782 3313 ὃ.
820 3257 888 3309 47
1038 3257 1067 3306 7
1106 3255 1224 3309 1011.
1269 3257 1314 3312 1.
1357 3257 1419 3310 11

387 3407 423 3460 3
445 3405 660 3460 credere
682 3423 789 3470 non
811 3405 1146 3474 ‚crederemA
1291 3414 1380 3476 pr
1404 3407 1441 3472 (i
1461 3408 1522 3460 in
1540 3423 1652 3462 ras,
1677 3425 1740 3461 επ
1760 3425 1815 3473 ιι)
1830 3409 1885 3460 Β
2012 3408 2337 3481 repudiaress
2364 3420 2435 3475 (m
2457 3417 2555 3478 er.)
2569 3414 2622 3465 A

309 3497 351 3549 4
387 3493 646 3548 inditium
674 3493 800 3547 MA
910 3497 942 3548 5
981 3493 1212 3548 audistis
1241 3495 1296 3546 Β
1461 3497 1607 3565 quia]
1649 3503 1737 3566 qm
1768 3497 1799 3548 b
1912 3497 1943 3550 6
1985 3513 2045 3551 ex
2084 3496 2183 3552 deo
2221 3515 2330 3552 non
2369 3501 2499 3554 estis
2532 3503 2627 3553 As

311 3585 348 3636 7
389 3584 628 3653 euanglo
659 3583 771 3636 AB
915 3583 1042 3686 quia
1064 3586 1118 3637 A
1225 3585 1258 3638 8
1288 3584 1428 3638 unde
1460 3615 1526 3624 —
1557 3589 1873 3655 receperunt
1904 3601 2005 3639 om.
2028 3588 2081 3640 A
2110 3587 2251 3641 unde
2284 3619 2349 3627 —
2462 3591 2492 3643 9
2521 3591 2619 3656 fin.

309 3703 637 3768 receperunt
664 3715 766 3753 om.
799 3698 839 3749 S
978 3665 1177 3752 bonB²
1259 3699 1704 3768 9reciperuntM
1825 3699 2061 3805 affimideo
2085 3701 2291 3756 undeA
2416 3705 2619 3774 recipe-

309 3817 444 3867 runt
479 3813 554 3866 M
593 3817 850 3883 repetunt
897 3814 951 3867 A
1065 3815 1126 3868 11
1177 3813 1488 3868 adiabolum
1526 3815 1580 3868 B
1708 3816 1776 3869 12
1824 3833 1949 3882 enm
1985 3817 2066 3870 A²
2209 3819 2513 3888 reciperunt
2552 3819 2625 3872 M

315 3929 386 3982 13
425 3929 728 3984 uoluntatis
758 3927 838 4031 13¹²
875 3928 1186 3983 uoluntates
1217 3929 1249 3982 b
1363 3929 1432 3983 14
1469 3947 1685 4000 operam
1717 3930 1769 3983 A
1917 3937 2137 4002 peccata
2178 3935 2246 3998 (s.
2287 3933 2320 3986 Ζ.
2360 3949 2427 3986 m.
2469 3937 2534 4000 2)
2567 3933 2620 3985 B

313 4043 600 4098 coercebat
629 4044 725 4096 SA
763 4041 1046 4097 coercebat
1073 4043 1148 4096 M
1319 4045 1383 4098 16
1425 4045 1599 4099 omine
1629 4047 1682 4098 A
1872 4047 1934 4100 17
1986 4064 2118 4117 quos
2168 4064 2283 4101 esse
2332 4064 2395 4101 ex
2434 4046 2533 4101 deo
2566 4047 2619 4099 B

313 4149 552 4203 uereque
579 4132 655 4185 M
728 4133 792 4186 18
830 4132 1081 4186 dicantur
1107 4135 1160 4186 A
1200 4133 1412 4188 dicatur
1440 4135 1516 4188 Sb
1664 4135 1917 4188 uidentur
1962 4152 2063 4190 om.
2095 4136 2148 4188 A
2290 4135 2531 4204 minusq;
2565 4140 2619 4190 A

315 4221 388 4275 20
425 4221 480 4275 in
518 4237 640 4291 sup.
681 4223 777 4276 lin.
817 4240 888 4276 m.
926 4226 966 4277 2
1003 4223 1134 4276 add.
1167 4223 1220 4276 Β
1259 4240 1360 4278 om.
1394 4223 1466 4277 Sb
1542 4223 1607 4277 21
1642 4224 1735 4294 sit]
1766 4224 1943 4278 scitA
2090 4225 2251 4288 sciret
2278 4223 2351 4276 Μ
2492 4243 2617 4278 nam

313 4353 474 4390 nemo
503 4337 616 4390 AB
757 4355 843 4392 me
881 4339 1138 4392 scientior
1174 4355 1330 4392 nemo
1363 4340 1405 4393 S
1513 4338 1581 4391 22
1622 4356 1748 4408 sepe
1778 4339 1851 4391 M
1957 4339 2025 4392 23
2065 4340 2275 4409 questio
2315 4339 2370 4393 Β
2409 4341 2615 4409 questi-

317 4426 438 4479 onis
467 4425 542 4477 M
679 4427 984 4496 propositos
1013 4427 1086 4480 M
1229 4426 1482 4481 ostendat
1511 4428 1586 4480 S'b
