3159 4984
1429 1028 1595 1099 IIII.

995 1178 1376 1245 CONTRA
1423 1179 2045 1246 ADIMANTUM.

461 1344 516 1406 1.
569 1306 678 1404 De
726 1358 800 1405 eo
849 1338 1018 1421 quod
1081 1339 1388 1421 scriptum
1446 1342 1582 1404 est:
1652 1340 1723 1403 in
1788 1340 2164 1424 principio
2228 1340 2415 1404 fecit
2480 1340 2663 1403 deus

368 1448 656 1513 caelum
735 1449 808 1509 et
880 1449 1154 1510 terram
1221 1465 1425 1528 usque
1493 1446 1571 1531 ad
1637 1446 1702 1511 id
1768 1447 1935 1530 quod
2002 1448 2307 1530 scriptum
2376 1450 2511 1511 est:
2592 1449 2667 1510 et

305 1572 330 1610 5
369 1552 650 1617 factum
699 1554 814 1616 est
861 1570 1178 1633 uespere
1227 1555 1300 1615 et
1343 1550 1631 1616 factum
1678 1555 1795 1617 est
1840 1571 2047 1617 mane
2099 1552 2259 1617 dics
2308 1570 2469 1615 una.
2538 1552 2658 1616 hoc

367 1658 718 1740 capitulum
766 1657 930 1741 legis
969 1656 1308 1721 aduersum
1347 1676 1486 1721 esse
1527 1658 1863 1741 euangelio
1904 1658 2271 1723 stultissimi
2308 1657 2663 1722 Manichaei

365 1764 746 1828 arbitrantur
792 1762 1070 1827 dicentes
1119 1763 1182 1827 in
1232 1764 1448 1847 genesi
1524 1764 1832 1845 scriptum
1893 1784 2055 1835 esse,
2115 1764 2284 1846 quod
2342 1764 2497 1829 deus
2553 1783 2664 1847 per

364 1890 432 1934 se
495 1870 710 1953 ipsum
774 1870 992 1934 fecerit
1057 1870 1304 1933 caelum
1373 1874 1438 1937 et
1501 1874 1735 1933 terram
1794 1873 1856 1933 et
1912 1871 2145 1943 lucem,
2203 1870 2267 1934 in
2328 1870 2659 1953 euangelio

365 1980 576 2040 autem
623 1977 928 2059 scriptum
987 1994 1128 2041 esse
1183 1995 1294 2059 per
1338 1975 1665 2041 dominum
1722 1978 2009 2039 nostrum
2076 1976 2291 2040 Iesum
2341 1976 2663 2042 Christum

285 2094 331 2133 1⁰
368 2082 744 2147 fabricatum
785 2101 924 2147 esse
959 2081 1292 2157 mundum,
1333 2082 1444 2145 ubi
1485 2081 1725 2145 dictum
1766 2084 1901 2146 cst:
1952 2086 2027 2146 et
2062 2082 2379 2147 mundus
2417 2083 2667 2147 factus

364 2191 480 2251 est
525 2207 656 2271 per
701 2188 968 2270 ipsum,
1020 2189 1093 2249 et
1147 2186 1470 2251 mundus
1525 2186 1749 2250 illum
1808 2206 1947 2251 non
2009 2188 2392 2270 cognouit.
2458 2188 2663 2253 tribus

364 2294 528 2358 enim
567 2293 775 2358 modis
811 2293 1206 2357 refelluntur.
1247 2293 1449 2375 primo
1489 2293 1638 2375 quia
1677 2312 1820 2357 cum
1861 2292 2129 2357 dicitur:
2169 2295 2241 2357 in
2278 2294 2653 2378 principio

363 2400 554 2465 fecit
601 2400 788 2465 deus
835 2400 1131 2465 caelum
1178 2402 1254 2463 et
1299 2402 1595 2477 terram,
1643 2400 1993 2464 trinitatem
2039 2400 2241 2483 ipsam
2282 2399 2662 2464 christianus

364 2508 613 2591 accipit,
665 2508 778 2571 ubi
825 2526 946 2571 non
995 2506 1171 2571 solus
1227 2510 1425 2589 pater,
1491 2506 1606 2571 sed
1654 2510 1719 2569 et
1764 2506 1935 2570 filius
1984 2510 2045 2570 et
2095 2506 2356 2589 spiritus
2404 2510 2661 2571 sanctus

279 2626 326 2667 ιε
365 2611 778 2697 intellegitur.
847 2631 969 2677 non
1037 2612 1202 2676 enim
1259 2614 1388 2676 tres
1446 2612 1599 2676 deos
1658 2611 1771 2676 sed
1825 2631 2023 2675 unum
2072 2612 2263 2675 deum
2309 2611 2659 2677 credimus:

365 2721 610 2801 patrem
661 2721 728 2782 et
770 2716 975 2781 filium
1026 2721 1092 2781 et
1136 2716 1428 2800 spiritum
1467 2720 1781 2793 sanctum,
1822 2718 2112 2798 quamuis
2150 2718 2330 2799 pater
2363 2720 2541 2800 pater
2578 2718 2663 2781 sit

365 2826 428 2888 et
492 2824 665 2889 filius
733 2824 905 2888 filius
965 2826 1030 2888 et
1089 2822 1348 2907 spiritus
1409 2826 1668 2889 sanctus
1727 2824 1987 2906 spiritus
2053 2826 2331 2888 sanctus.
2401 2822 2475 2887 de
2540 2843 2663 2905 qua

364 2930 607 2995 unitate
659 2930 966 2994 trinitatis
1013 2931 1133 2995 hoc
1179 2931 1321 2994 loco
1368 2930 1633 3014 longum
1683 2934 1783 2995 est
1829 2930 2173 3013 disputare.
2240 2928 2465 2993 deinde
2515 2930 2661 3011 quia

363 3035 472 3099 ubi
522 3035 794 3099 dicitur:
863 3036 1055 3100 dixit
1111 3035 1322 3100 deus:
1388 3035 1546 3106 fiat,
1599 3038 1672 3099 et
1716 3036 2001 3100 factum
2058 3038 2192 3112 est,
2247 3034 2336 3098 ibi
2392 3054 2653 3100 necesse

270 3158 322 3196 ²⁰
364 3146 461 3207 est
504 3143 917 3227 intellegatur
959 3161 1072 3225 per
1117 3143 1384 3206 uerbum
1432 3161 1578 3206 eum
1624 3142 1873 3210 fecisse.
1936 3142 2104 3224 quod
2150 3141 2319 3209 fecit.
2386 3142 2651 3207 uerbum

357 3254 567 3315 autem
642 3250 836 3334 patris
905 3254 1003 3314 est
1066 3250 1257 3314 filius.
1337 3270 1458 3315 non
1526 3269 1672 3333 ergo
1740 3252 2049 3332 repugnat
2111 3249 2232 3313 hoc
2299 3249 2651 3331 capitulum

527 3460 560 3513 3
602 3458 736 3513 Gen.
775 3460 823 3523 1,
868 3460 892 3511 1
937 3475 1052 3528 sqq.
1201 3458 1267 3511 10
1307 3457 1423 3511 Ioh.
1468 3460 1512 3516 1.
1557 3458 1623 3513 10

421 3633 454 3685 2
489 3632 766 3689 INCIPIT
803 3633 1020 3687 LIBER
1057 3631 1450 3688 AVGVSTINI
1491 3630 1779 3686 CONTRA
1816 3630 2259 3685 ADIMANTL‘M
2296 3629 2390 3683 fol.
2430 3630 2499 3684 56
2542 3629 2649 3681 PT

351 3722 586 3791 Explicit
630 3722 961 3777 retractatio,
1009 3722 1202 3793 incipit
1246 3721 1384 3775 liber
1428 3720 1522 3774 fol.
1561 3720 1631 3773 27
1688 3719 1734 3773 G
1767 3721 2103 3774 Retractatio
2142 3721 2219 3773 sci
2266 3720 2547 3789 augustini
2584 3720 2641 3773 in

355 3810 487 3865 libro
527 3814 718 3864 contra
754 3810 1105 3865 Adimantum
1143 3810 1346 3873 f01.,65
1394 3808 1447 3862 V
1546 3810 1583 3862 4
1620 3825 1972 3879 usque—una
2009 3826 2111 3865 om.
2148 3809 2197 3862 T
2302 3810 2335 3862 5
2374 3810 2459 3911 est
2497 3810 2650 3874 (ante

355 3931 596 3999 uespere)
629 3944 732 3981 om.
764 3927 815 3977 V
909 3927 1113 3980 factum
1133 3930 1218 3979 est
1239 3926 1392 3993 (ame
1419 3930 1595 3993 mane)
1617 3940 1718 3979 om.
1747 3924 1795 3978 0
1899 3940 2035 3979 unus
2066 3923 2110 3977 S
2119 3922 2201 3977 Vb
2274 3924 2306 3975 6
2335 3888 2545 3977 machei
2571 3922 2649 3975 Ρ1

355 4016 388 4069 9
441 4018 703 4087 scriptum
760 4022 789 4070 ἐ
835 4015 892 4069 Ρ
1032 4017 1273 4068 nostrum
1327 4031 1430 4069 om.
1488 4014 1542 4067 V
1681 4014 1750 4067 10
1803 4013 2035 4067 mundns
2092 4028 2187 4083 per
2239 4012 2415 4082 ipsum
2470 4010 2645 4065 factus

357 4110 437 4159 est
471 4104 714 4160 STC'Vb
845 4104 908 4157 11
949 4102 1124 4173 illum]
1163 4110 1230 4157 en
1277 4101 1331 4155 V
1452 4104 1519 4157 12
1559 4104 1687 4173 quia
1729 4104 1791 4169 (ε.
1833 4102 1890 4168 l.)
1934 4104 1985 4155 P
2107 4100 2173 4154 13
2212 4101 2417 4154 caelum
2455 4116 2558 4154 om.
2603 4099 2653 4153 G

357 4221 422 4273 14
457 4221 628 4291 solus]
665 4220 836 4274 solum
883 4218 1112 4274 'ISGVb
1268 4218 1344 4323 ‚1¹²6
1383 4222 1539 4289 pater
1577 4221 1634 4272 et
1669 4218 1811 4273 filius
1852 4217 1925 4271 sit
1972 4216 2065 4271 VS
2225 4216 2290 4268 17
2330 4172 2515 4269 filiusm
2550 4216 2645 4283 (sit

357 4334 484 4388 aad.
521 4352 590 4389 m.
631 4338 692 4403 2)
741 4334 901 4401 1301>
1057 4338 1275 4389 sanctus
1361 4334 1455 4401 (sit
1499 4350 1568 4387 m.
1618 4337 1658 4387 2
1700 4335 1985 4402 super-ser.)
2038 4332 2089 4384 P
2218 4330 2286 4384 20
2325 4334 2387 4385 ut
2423 4329 2641 4384 intelle-

359 4427 516 4491 gatur
553 4428 636 4491 (ut
671 4442 741 4478 m.
782 4426 824 4479 2
859 4424 1012 4493 add.)
1055 4422 1108 4475 P

2436 4524 2499 4577 8*
