3159 4984
478 458 609 521 402
1174 456 1225 509 S.
1283 456 1557 510 Aureli
1617 457 2059 527 Augustini

484 652 897 734 nesciensque
942 651 1358 728 maledixerit,
1408 655 1660 716 constet
1707 672 1850 717 eum
1897 674 2022 718 non
2069 654 2271 720 fuisse
2329 655 2640 722 diuinum.
2697 660 2772 721 tu

484 778 632 842 ergo
681 759 845 841 elige
890 758 1211 822 utrumuis
1258 760 1370 821 aut
1414 758 1682 841 Moysen
1727 761 2104 843 prophetam
2150 781 2275 826 non
2320 762 2524 827 fuisse
2571 767 2637 827 et
2681 764 2771 828 in-

483 864 819 948 prudentia
880 883 1219 948 peccasse,
1297 869 1373 929 ut
1439 864 1588 928 dum
1657 866 1798 930 aliis
1867 886 1940 930 ex
2001 886 2176 932 more
2241 887 2359 933 suo
2421 870 2770 937 maledicit.

483 972 771 1037 nesciens
817 972 1361 1056 blasphemauerit
1407 977 1472 1037 et
1518 973 1728 1049 deum,
1777 977 1889 1038 aut
1931 976 2132 1040 fuisse
2180 974 2434 1057 quidem
2483 975 2771 1040 diuinum

484 1098 601 1145 nec
664 1080 879 1145 futura
939 1080 1095 1144 haec
1158 1080 1572 1164 ignorauisse.
1637 1080 1750 1145 sed
1801 1081 2194 1146 inuidentem
2251 1084 2464 1146 tamen
2519 1086 2772 1148 nostrae
2837 1104 2864 1141 5

486 1186 700 1254 saluti.
749 1206 909 1269 quae
956 1188 1174 1251 futura
1218 1190 1352 1251 erat
1399 1206 1469 1251 ex
1526 1188 1724 1271 ligno,
1781 1188 1844 1251 in
1903 1187 2040 1253 eius
2099 1192 2422 1253 auctorem
2479 1190 2774 1254 maledici

480 1294 607 1359 oris
655 1294 758 1359 sui
802 1312 1047 1358 uenena
1089 1293 1497 1377 prompsisse.
1547 1297 1613 1358 et
1657 1294 1800 1376 quis
1849 1314 1998 1379 ergo
2039 1295 2254 1359 credat
2307 1296 2474 1360 hunc
2529 1296 2777 1384 uidisse,

485 1402 601 1463 aut
646 1400 1025 1485 cognouisse
1070 1402 1337 1483 patrem,
1395 1400 1504 1482 qui
1560 1401 1654 1465 sic
1707 1402 2084 1466 lacerauerit
2127 1402 2383 1465 filium?
2447 1403 2617 1467 hunc
2667 1403 2770 1467 ad-

482 1508 748 1569 uentum
792 1506 909 1570 filii
954 1506 1242 1589 potuisse
1287 1506 1668 1589 praedicere,
1727 1508 1836 1590 qui
1893 1509 2282 1574 ascensionis
2339 1510 2476 1575 eius
2521 1510 2771 1594 ignora·

482 1612 651 1677 uerit
696 1612 984 1677 exitum?
1031 1612 1157 1677 huc
1203 1612 1467 1690 accedit,
1516 1614 1687 1695 quod
1731 1614 1892 1678 illud
1942 1615 2134 1678 etiam
2183 1616 2530 1694 considero,
2579 1636 2768 1699 quam
2811 1634 2864 1672 ιο

485 1721 614 1784 late
659 1720 781 1785 hoc
830 1719 915 1784 sit
960 1739 1248 1803 sparsum
1298 1720 1661 1785 conuicium
1709 1740 2024 1804 quamque
2061 1724 2268 1787 multa
2304 1725 2772 1807 conprehendat

482 1830 549 1891 et
595 1826 816 1901 uiolet,
864 1831 940 1890 ut
987 1845 1205 1891 omnes
1254 1826 1446 1891 etiam
1482 1830 1707 1911 tangat
1739 1828 1948 1893 iustos
1988 1832 2051 1893 et
2089 1833 2416 1914 martyres,
2455 1834 2772 1913 quotquot

482 1934 713 1999 similis
752 1934 1067 2016 passionis
1106 1933 1274 1997 exitu
1315 1932 1598 1999 defuncti
1635 1938 1786 1999 sunt
1823 1936 1976 2011 uita,
2016 1943 2091 2000 ut
2125 1937 2354 2001 Petrus
2393 1941 2458 2002 et
2485 1937 2769 2001 Andreas

488 2060 560 2105 ac
607 2040 836 2122 reliqui
884 2039 1170 2104 eiusdem
1219 2040 1429 2105 sortis.
1499 2060 1660 2122 quos
1707 2040 1833 2106 nisi
1877 2042 2135 2127 Moyses
2184 2045 2297 2106 aut
2341 2046 2417 2107 ut
2461 2063 2584 2108 non
2629 2064 2768 2127 pro-

481 2148 678 2231 pheta
741 2145 1055 2211 nescisset
1120 2149 1233 2209 aut
1294 2150 1370 2210 ut
1432 2146 1754 2230 malignus
1822 2147 2082 2225 odisset,
2151 2148 2205 2212 si
2258 2148 2384 2213 fuit
2436 2150 2765 2233 propheta.
2809 2165 2858 2205 1⁵

486 2275 607 2319 non
654 2258 785 2318 tam
835 2253 1061 2318 crudae
1111 2253 1470 2319 deuotionis
1519 2254 1904 2318 contumelia
1945 2255 2310 2321 lacerasset.
2357 2275 2561 2338 neque
2601 2258 2764 2321 enim

482 2362 681 2445 uulgo
731 2362 957 2426 saltem
1005 2379 1113 2425 eos
1159 2361 1535 2426 maledictos
1585 2360 1758 2435 dicit,
1813 2360 1880 2424 id
1938 2364 2038 2425 est
2083 2362 2252 2445 apud
2297 2364 2586 2435 homines
2633 2368 2766 2429 tan-

481 2471 621 2532 tum
670 2468 781 2533 sed
829 2466 1205 2533 maledictos
1254 2467 1389 2532 deo.
1440 2467 1609 2549 quod
1657 2467 1712 2530 si
1757 2467 1850 2530 ita
1896 2472 2013 2544 est,
2070 2470 2236 2533 unde
2292 2470 2418 2534 iam
2477 2471 2768 2536 benedie-

484 2574 675 2639 tionis
740 2573 1134 2656 relinquetur
1198 2593 1341 2657 spes
1408 2575 1514 2637 uel
1581 2574 1833 2639 Christo
1896 2575 2005 2639 uel
2069 2576 2374 2657 apostolis
2438 2578 2548 2641 uel
2609 2578 2768 2661 ipsis

485 2682 687 2757 nobis,
737 2682 791 2746 si
840 2681 1113 2745 nominis
1162 2682 1301 2745 eius
1350 2700 1543 2745 causa
1589 2682 1872 2765 crucifigi
1923 2682 2299 2766 contingat?
2359 2703 2548 2766 quam
2597 2684 2768 2748 deni·
2799 2696 2856 2736 2⁰

480 2808 603 2871 que
648 2788 992 2870 inprudens
1041 2790 1173 2851 erat
1220 2789 1285 2851 et
1329 2804 1563 2851 uacans
1609 2788 2021 2870 inspiratione
2071 2788 2302 2865 diuina,
2361 2794 2436 2853 ut
2491 2791 2766 2874 cog-itare

480 2894 839 2976 nequiuerit
886 2894 1156 2958 diuersis
1206 2912 1277 2957 ex
1326 2893 1533 2958 causis
1570 2894 1861 2959 homines
1897 2895 1962 2958 in
1999 2896 2175 2979 ligno
2216 2896 2555 2979 suspendi:
2608 2898 2766 2961 alios

480 3002 735 3083 quidem
786 3002 863 3065 ob
904 3000 1201 3083 iniquum
1250 3000 1515 3075 facinuS,
1575 3001 1884 3082 quosdam
1931 3022 2083 3067 uero
2130 3004 2415 3068 iustitiae
2465 3022 2658 3069 causa
2703 3010 2769 3069 et

480 3112 735 3190 propter
781 3106 990 3171 deum.
1057 3106 1417 3188 idcircoque
1468 3108 1728 3171 confuse
1794 3128 2010 3173 omnes
2072 3114 2137 3173 et
2193 3110 2328 3174 sine
2386 3110 2766 3176 discretione

479 3215 617 3278 ulla
662 3215 780 3279 sub
831 3214 999 3278 idem
1059 3214 1329 3278 coniecit
1380 3214 1814 3292 maledictum,
1874 3234 2019 3279 cum
2077 3220 2251 3281 esset
2307 3217 2663 3293 dicendum.
2711 3218 2768 3282 si

480 3322 541 3386 ei
605 3321 939 3404 prudentia
1002 3321 1244 3385 inesset
1305 3321 1458 3399 ulla,
1525 3341 1648 3385 non
1715 3322 1919 3387 dicam
1985 3323 2310 3400 diuinatiO,
2377 3328 2444 3388 et
2498 3325 2551 3389 si
2608 3325 2764 3389 adeo

479 3447 627 3492 crux
694 3427 1037 3491 offenderat
1103 3446 1270 3502 eum,
1335 3430 1411 3491 ut
1475 3429 1612 3492 sola
1676 3430 1934 3511 excepta
1998 3429 2410 3512 abdicataque
2468 3434 2638 3495 esset
2695 3450 2762 3494 ex

550 3586 583 3637 5
626 3601 725 3639 nec
774 3588 823 3653 (c
867 3601 910 3638 s.
950 3584 1007 3653 l.)
1058 3584 1105 3636 L
1295 3593 1477 3641 rafim
1525 3586 1748 3655 (Nadd.
1801 3604 1868 3641 m.
1917 3588 1970 3653 2)
2011 3588 2064 3641 L
2175 3590 2202 3639 7
2237 3602 2458 3640 ,ηθῃθω
2499 3592 2554 3654 (a
2591 3588 2689 3651 er.)
2725 3588 2774 3642 S

480 3674 763 3745 promsisse
806 3679 851 3742 (s
895 3692 939 3728 s.
990 3675 1047 3744 l.)
1090 3674 1143 3729 G
1188 3674 1497 3745 promisisse
1535 3675 1703 3727 L²M¹
1866 3676 1900 3730 8
1955 3676 2287 3729 lacerauerat
2342 3677 2372 3729 b
2551 3676 2766 3729 hune-

478 3766 680 3817 exitum
724 3781 983 3833 super-ser.
1021 3782 1090 3820 m.
1133 3765 1162 3817 1
1208 3764 1255 3817 C
1359 3765 1391 3816 9
1438 3762 1746 3833 praedicare
1803 3764 1977 3817 SGM
2089 3766 2159 3819 10
2201 3764 2346 3833 hunc
2391 3768 2468 3819 L²
2510 3765 2652 3826 hum
2696 3766 2773 3817 M

485 3853 692 3907 accedit
721 3854 760 3921 (i
786 3855 849 3907 in
878 3872 905 3907 e
937 3852 1093 3922 cor-r.)
1122 3852 1230 3907 SM
1261 3851 1458 3906 accidit
1476 3852 1588 3906 LG
1698 3854 1762 3905 11
1795 3853 2090 3906 conuitium
2125 3853 2227 3906 OG
2361 3869 2664 3924 quamquae
2689 3854 2770 3907 122

479 3942 891 4011 conpraehendat
936 3944 988 3996 L
1096 3943 1165 3996 13
1212 3943 1413 3995 similes
1462 3942 1535 3993 J.¹
1585 3941 1750 3995 simili
1797 3942 1911 4005 SG,
1950 3942 1996 4013 (s
2043 3944 2203 4007 erae.)
2243 3942 2315 3994 M
2419 3944 2488 3997 15
2525 3946 2590 3995 ut
2627 3944 2688 4005 (8.
2731 3942 2768 3995 1.

478 4047 546 4083 m.
604 4031 657 4095 1)
720 4030 766 4083 0
896 4032 949 4112 ,fij
990 4030 1110 4112 ,5¹3st
1166 4030 1431 4114 P39.1{h.‘?“²²
1488 4022 1535 4083 S
1675 4032 1740 4083 1ss
1795 4030 1955 4084 crude
2009 4030 2357 4084 L1S¹P¹MG
2422 4030 2634 4085 crudele
2689 4032 2770 4085 La·

425 4102 681 4173 ‘crudeli
726 4118 791 4173 A52
990 4109 1383 4173 denotationis·
1419 4120 1467 4172 (ν
1645 4120 1708 4172 17
1775 4119 1955 4173 saltim
2013 4119 2230 4173 S¹M¹G
2437 4122 2645 4173 tantam
2703 4118 2766 4171 ει

480 4210 547 4263 18
584 4208 901 4263 maledictus
930 4210 1004 4262 Ι,1
1114 4209 1255 4264 unde
1293 4209 1386 4264 rel.
1424 4210 1547 4262 ben.
1576 4210 1684 4263 iam
1724 4224 1846 4277 spes
1877 4208 1923 4262 S
1945 4206 2087 4261 unde
2123 4206 2248 4261 ben.
2279 4208 2386 4261 iam
2423 4207 2519 4261 rel.
2559 4224 2682 4276 spes
2715 4206 2770 4257 G

482 4300 552 4350 24
590 4298 863 4367 confusum
899 4302 961 4357 (3.
992 4314 1111 4366 exp.
1153 4316 1241 4351 um
1282 4316 1309 4353 e
1347 4318 1414 4351 m.
1454 4300 1509 4365 1]
1546 4298 1592 4351 C'
1627 4298 1845 4351 confuse
1886 4302 1948 4361 (ae
1986 4312 2121 4351 corr.
2159 4298 2222 4349 in
2260 4302 2309 4361 e)
2339 4296 2391 4348 L
2499 4296 2568 4348 27
2599 4294 2768 4347 offen-

480 4387 635 4440 ‹lerat
674 4394 739 4440 eu
760 4386 845 4458 dm
872 4392 1013 4455 (emp.
1034 4405 1100 4441 m.
1125 4390 1178 4442 2)
1200 4390 1249 4441 L
1378 4388 1768 4456 abdicataquae
1791 4388 1837 4439 S
1862 4385 2249 4455 abdicataquae
2277 4384 2327 4439 G
2455 4401 2516 4438 ex
2544 4401 2645 4438 om.
2669 4382 2766 4437 SG
