3159 4984
962 431 1032 485 11.
1089 429 1528 484 Deduabus
1586 427 2007 482 animabus.
2529 429 2612 492 59

411 629 473 691 7.
544 625 732 706 Quod
791 627 844 692 si
897 627 1024 692 iam
1080 627 1356 709 placeret
1423 624 1634 690 omnia
1699 623 2025 690 sensibilia
2088 623 2431 690 nominare.
2498 640 2620 686 non

311 735 512 800 modo
563 753 656 802 ea.
705 752 867 816 quae
915 732 1314 810 sentiremuS,
1365 731 1478 796 sed
1525 731 1717 796 etiam
1767 749 1858 801 ea.
1909 749 2068 812 quae
2107 749 2231 795 non
2271 729 2621 804 sentiendo,

313 845 536 905 tamen
603 861 715 924 per
771 859 998 923 corpus
1051 839 1500 914 iudicaremu8‚
1560 838 1731 903 sicut
1783 858 1893 920 per
1950 838 2170 902 oculos
2218 837 2509 902 tenebras
2559 839 2625 901 et

313 969 434 1033 per
479 966 666 1012 aures
715 946 1041 1012 silentium
1077 983 1166 992 —
1205 949 1270 1010 et
1312 946 1457 1009 illas
1507 946 1675 1009 enim
1720 965 1844 1010 non
1894 943 2167 1009 uidendo
2221 947 2286 1008 et
2332 943 2453 1008 hoc
2500 963 2623 1008 non

262 1055 644 1120 saudiendo
712 1054 1158 1138 cognoscimus
1223 1089 1312 1100 -—-
1384 1071 1731 1134 rursusque
1814 1050 2275 1135 intellegibilia‚
2342 1069 2466 1115 non
2553 1069 2626 1114 ea

315 1167 598 1238 tantum,
667 1181 826 1244 quae
889 1161 1228 1226 inlustrata
1291 1163 1502 1225 mente
1569 1159 2017 1242 conspicimuS,
2086 1158 2277 1222 sicuti
2334 1161 2434 1224 est
2486 1157 2627 1242 ipsa

319 1269 656 1352 sapientia,
705 1268 816 1335 sed
865 1267 1058 1332 etiam
1104 1266 1235 1343 illa,
1286 1285 1445 1350 quae
1493 1266 1697 1350 ipsius
1751 1265 2215 1331 inlustrationis
2273 1264 2625 1347 priuatione

319 1395 715 1451 auersamm,
763 1378 838 1438 ut
892 1377 992 1439 est
1044 1373 1429 1456 insipientia,
1489 1392 1678 1456 quam
1744 1374 2036 1437 tenebras
2102 1371 2295 1436 animi
2351 1390 2626 1455 congrue

319 1482 708 1546 dixerimus:
759 1481 998 1546 nullam
1047 1480 1124 1545 de
1173 1480 1366 1544 uerbo
1405 1479 1677 1544 facerem
1718 1480 2232 1547 controuersiam.
2274 1478 2385 1542 sed
2422 1481 2625 1543 totam

216 1609 276 1648 ιο
319 1588 766 1669 quaestionem
804 1587 976 1651 facili
1025 1585 1336 1651 diuisione
1377 1585 1793 1650 dissoluerem
1832 1585 2175 1666 statimque
2216 1583 2623 1667 adprobarem

319 1695 484 1758 bene
535 1692 1027 1758 adtendentibus
1077 1693 1468 1757 substantias
1515 1692 1971 1776 intellegibiles
2020 1691 2430 1756 sensibilibus
2481 1693 2627 1756 sub-

325 1799 582 1864 stantiis
634 1799 848 1864 diuina
886 1803 952 1864 et
985 1799 1348 1882 incorrupta
1383 1799 1671 1863 ueritatis
1708 1798 1853 1882 lege
1890 1799 2211 1888 praeponi,
2250 1818 2373 1863 non
2414 1817 2627 1862 earum

225 1932 236 1938 ·
325 1907 832 1972 substantiarum
882 1906 1186 1982 defectus,
1227 1906 1522 1988 quamuis
1569 1906 1688 1971 hos
1734 1903 2207 1990 intellegibiles.
2246 1905 2394 1970 illos
2434 1905 2629 1970 sensi-

323 2016 494 2080 biles
543 2015 860 2099 appellare
907 2013 1241 2078 uellemus.
1293 2017 1674 2096 quapropter
1720 2013 1829 2094 qui
1877 2015 1941 2077 et
1986 2013 2143 2078 haec
2188 2013 2433 2077 lumina
2477 2011 2627 2076 uisi-

225 2141 282 2180 15
323 2123 486 2187 bilia
535 2126 600 2186 et
644 2121 790 2186 illas
837 2119 1290 2204 intellegibiles
1340 2120 1581 2184 animas
1632 2119 2023 2184 substantias
2074 2139 2214 2184 esse
2261 2119 2625 2194 faterentur,

333 2229 507 2295 omni
553 2229 745 2294 modo
793 2245 900 2292 eos
949 2225 1092 2310 cogi
1141 2225 1544 2292 sublimiores
1583 2229 1795 2308 partes
1842 2226 2068 2290 animis
2115 2226 2393 2291 tribuere
2442 2229 2629 2308 atque

333 2335 702 2412 concedere,
752 2333 1036 2400 defectus
1086 2353 1236 2399 uero
1286 2333 1619 2414 utriusque
1669 2332 1917 2416 generis
1974 2351 2097 2397 nou
2152 2353 2340 2416 posse
2398 2334 2630 2398 alteros

333 2441 554 2506 alteris
601 2442 931 2524 anteponi;
979 2441 1236 2525 priuant
1292 2439 1458 2504 enim
1522 2442 1773 2510 tantum
1832 2442 1897 2503 et
1952 2459 2073 2504 non
2134 2459 2273 2504 esse
2326 2439 2627 2516 indicant,

331 2548 504 2630 quod
551 2567 1004 2630 usquequaque
1053 2547 1314 2612 eandem
1361 2546 1492 2610 uim
1541 2545 1796 2620 habent,
1826 2545 1996 2610 sicut
2029 2545 2203 2628 ipsae
2242 2547 2630 2630 negationes.

223 2677 286 2714 20
331 2673 476 2719 nam
528 2674 674 2720 cum
724 2654 1030 2720 dicimus:
1079 2673 1202 2718 non
1253 2656 1352 2718 est
1398 2671 1643 2728 aurun1‚
1694 2655 1793 2716 et:
1842 2671 1964 2717 non
2015 2655 2114 2716 est
2151 2652 2377 2729 uirtus,
2416 2671 2630 2735 quam-

331 2762 433 2826 uis
483 2763 650 2826 inter
695 2780 918 2825 aurum
967 2765 1031 2826 et
1077 2761 1350 2826 uirtutes
1387 2759 1757 2843 plurimum,
1798 2759 1956 2822 nihil
1995 2762 2205 2824 tamen
2244 2759 2409 2823 inter
2444 2778 2630 2843 nega-

329 2869 560 2944 tioneS‚
627 2886 784 2949 quas
842 2869 931 2933 eis
997 2867 1420 2944 adiunximuS,
1489 2867 1705 2932 distat.
1774 2886 1997 2931 uerum
2064 2867 2383 2930 enimuero
2448 2866 2630 2949 peius

333 2979 432 3039 est
477 2993 602 3039 non
652 2992 791 3040 esse
828 2974 1133 3039 uirtutem
1175 2993 1362 3056 quam
1402 2992 1527 3038 non
1566 2992 1707 3037 esse
1747 2992 1992 3051 aurum,
2033 2991 2215 3037 nemo
2257 2991 2447 3036 sanus
2486 2972 2632 3036 hinc

331 3081 620 3166 ambigit,
670 3082 840 3164 quod
883 3101 1006 3146 non
1053 3085 1311 3165 propter
1357 3081 1526 3164 ipsas
1575 3080 1967 3164 negationes,
2028 3079 2139 3144 sed
2195 3083 2452 3163 propter
2504 3097 2627 3154 reS‚

219 3211 284 3250 ss
331 3187 566 3268 quibus
616 3187 1067 3272 adiunguntur,
1118 3185 1400 3252 accidere
1447 3186 1591 3269 quis
1639 3205 1763 3251 non
1811 3185 2195 3270 intellegat?
2263 3205 2413 3250 auro
2464 3185 2631 3249 enim

329 3294 540 3359 uirtus
607 3297 840 3376 quanto
905 3297 1208 3377 praestat,
1279 3295 1458 3359 tanto
1517 3297 1617 3357 est
1671 3293 1909 3357 uirtute
1967 3312 2157 3375 quam
2212 3311 2362 3357 auro
2422 3310 2629 3356 carere

327 3401 646 3466 miserius.
696 3401 1104 3482 quamobrem
1159 3420 1304 3464 cum
1349 3419 1450 3464 res
1498 3399 1951 3482 intellegibiles
1992 3399 2400 3464 sensibilibus
2440 3399 2627 3462 rebus

331 3508 740 3583 antecellunt,
792 3506 1108 3572 defectum
1156 3507 1220 3570 in
1267 3504 1795 3589 intellegibilibus
1854 3524 2043 3588 quam
2102 3505 2163 3569 in
2222 3505 2631 3571 sensibilibus

329 3614 554 3678 merito
604 3613 856 3697 aegrius
903 3614 1270 3690 toleramus
1331 3633 1452 3677 non
1503 3632 1613 3678 eos
1661 3613 1967 3689 defectus,
2018 3613 2127 3677 sed
2177 3632 2268 3680 ea.
2320 3632 2479 3696 quae
2529 3613 2629 3676 de-

403 3789 427 3840 1
472 3787 1010 3857 iam—conspicimus
1065 3803 1133 3841 m.
1175 3789 1214 3839 2
1248 3787 1310 3839 in
1345 3803 1516 3856 ntary.
1545 3789 1599 3838 A
1743 3786 2049 3840 nominaret
2077 3787 2129 3840 A
2241 3787 2272 3840 6
2314 3751 2547 3841 inlustra
2579 3789 2634 3842 B

331 3905 434 3971 est]
491 3905 548 3956 et
590 3901 668 3954 M
825 3902 854 3954 7
910 3901 1309 3955 inlustrationis
1370 3903 1447 3968 (es
1504 3917 1639 3955 cor-r.
1698 3903 1758 3954 in
1812 3901 1879 3968 is)
1930 3901 1984 3954 B
2129 3902 2161 3955 8
2218 3859 2547 3973 insapientia
2576 3903 2630 3956 Β

329 4033 460 4086 quas
488 4017 600 4070 ΒΑ
710 4018 741 4070 9
770 4015 1059 4082 dixerimus
1088 4017 1141 4068 A
1181 4016 1402 4070 dixerim
1432 4017 1506 4070 sb
1586 4017 1650 4070 10
1679 3983 1838 4081 facil&
1866 4017 1921 4068 Β
1958 4016 2173 4071 facilem
2212 3985 2533 4072 diuisionei‘fi
2564 4017 2637 4070 M

330 4105 394 4159 12
413 4105 707 4176 proponiA
822 4105 884 4158 16
923 4104 1212 4160 concedere
1253 4110 1415 4175 atque
1453 4104 1693 4158 tribuere
1726 4106 1755 4158 b
1872 4107 1937 4159 19
1976 4104 2145 4158 habet
2176 4105 2285 4159 AB
2412 4107 2481 4161 23
2518 4109 2628 4162 uir-

322 4197 472 4262 tutes
501 4194 554 4246 A
596 4195 754 4256 (corr.
793 4209 862 4245 m.
895 4195 946 4258 1)
1024 4193 1092 4246 25
1129 4192 1474 4263 intelligatur
1503 4193 1542 4246 S
1614 4195 1682 4247 26
1714 4199 1975 4264 quantum
2004 4196 2059 4247 A
2132 4193 2201 4246 27
2232 4210 2390 4264 quam
2423 4195 2489 4248 ob
2519 4213 2631 4250 rem

325 4285 494 4350 (corr.
530 4299 596 4336 ex
635 4281 904 4351 quamuis)
936 4283 987 4334 A
1220 4282 1289 4336 28
1347 4283 1681 4336 antecellant
1740 4287 1826 4336 (m.
1887 4287 1926 4336 2
1962 4301 1997 4337 u
2054 4301 2188 4337 corr.
2227 4284 2289 4336 in
2328 4289 2377 4340 α’)
2409 4284 2465 4337 Β
2572 4287 2627 4340 in

325 4391 380 4426 a.
419 4371 596 4425 intell.
633 4387 737 4426 om.
769 4370 878 4423 AB
917 4380 978 4424 (3.
1021 4371 1054 4424 l.
1093 4388 1162 4424 m.
1203 4375 1260 4436 2)
1409 4373 1464 4424 in
1503 4371 1902 4440 intellegilibus
1942 4389 2042 4426 om.
2076 4373 2117 4426 S
2244 4373 2311 4426 29
2352 4373 2531 4442 egrius
2559 4373 2635 4428 M
