3159 4984
877 465 964 520 VI.
1015 468 1301 521 Contra
1357 466 1727 520 Faustum
1786 466 1914 519 lib.
1973 466 2146 521 XXII.
2516 469 2645 532 673

331 663 558 745 inquit,
619 661 946 739 Caesari,
1005 681 1196 744 quae
1256 661 1605 726 Caesaris
1664 665 1860 740 sunt,
1921 664 1995 726 et
2050 662 2206 742 deo,
2268 681 2456 745 quae
2518 661 2637 727 dei

333 773 527 836 sunt.
597 773 662 834 et
718 769 798 832 ad
853 769 974 834 hoc
1031 769 1198 832 enim
1254 769 1498 833 tributa
1550 772 1975 852 praestantur,
2034 770 2109 832 ut
2160 772 2419 853 propter
2469 769 2647 834 bella

330 876 684 941 necessario
731 876 924 940 militi
972 875 1362 960 stipendium
1411 877 1807 960 praebeatur.
1874 877 2101 942 merito
2161 879 2226 941 et
2279 877 2456 942 illius
2504 895 2643 941 cen-

329 981 599 1046 turionis
650 981 957 1047 dicentis:
1020 984 1095 1046 et
1149 999 1286 1064 ego
1345 981 1562 1046 homo
1622 1001 1785 1046 sum
1843 983 1979 1047 sub
2035 984 2423 1064 potestate
2482 1001 2641 1048 con-

266 1107 294 1146 5
332 1087 665 1152 stitutus
721 1088 1006 1152 habens
1068 1088 1206 1152 sub
1264 1106 1374 1151 me
1430 1087 1753 1164 milites;
1814 1092 1887 1152 et
1942 1087 2110 1153 dico
2168 1088 2371 1152 huic:
2429 1088 2637 1166 uade,

331 1197 404 1258 et
467 1194 710 1274 uadit,
781 1196 857 1259 et
922 1193 1101 1258 alio:
1159 1194 1366 1272 ueni,
1428 1197 1501 1257 et
1556 1194 1799 1273 uenit,
1862 1197 1935 1258 et
1988 1213 2209 1260 seruo
2265 1213 2456 1260 meo:
2521 1195 2641 1259 fac

327 1301 486 1380 hoc,
538 1304 612 1365 et
656 1302 864 1382 facit,
911 1301 1102 1367 fidem
1148 1303 1462 1381 laudauit‚
1501 1323 1625 1367 non
1672 1302 1849 1366 illius
1896 1302 2163 1367 militiae
2211 1302 2631 1368 desertionem

327 1407 682 1491 imperauit.
762 1412 828 1474 et
900 1409 979 1474 de
1025 1409 1214 1475 iustis
1265 1410 1524 1492 quidem
1563 1409 1952 1492 iniustisque
1989 1409 2177 1473 bellis
2216 1427 2385 1474 nunc
2423 1409 2636 1493 dispu-

330 1518 464 1578 tare
510 1516 776 1600 longum
823 1518 924 1581 est
975 1519 1040 1581 et
1083 1537 1209 1582 non
1259 1515 1709 1582 necessarium.

241 1637 294 1677 ιο
419 1624 522 1687 75.
589 1623 866 1688 Interest
912 1624 1101 1702 enim,
1152 1625 1385 1706 quibus
1437 1624 1647 1689 causis
1696 1624 2058 1707 quibusque
2108 1623 2477 1688 auctoribus
2526 1623 2635 1688 ho-

325 1730 528 1794 mines
595 1729 872 1815 gerenda
932 1730 1104 1795 bella
1169 1731 1562 1814 suscipiant3
1644 1730 1795 1795 ordo
1868 1731 2081 1794 tamen
2146 1729 2255 1794 ille
2330 1730 2637 1796 naturalis

323 1836 689 1901 mortalium
733 1836 876 1920 paci
922 1836 1446 1902 adcommodatus
1499 1836 1623 1901 hoc
1669 1835 1896 1919 poscit,
1937 1839 2010 1898 ut
2047 1835 2440 1918 suscipiendi
2484 1837 2638 1901 belli

325 1939 670 2005 auctoritas
699 1943 893 2022 atque
924 1941 1260 2006 consilium
1292 1959 1487 2024 penes
1519 1941 1872 2024 principem
1904 1940 2008 2019 sit,
2041 1940 2391 2022 exequendi
2419 1945 2637 2008 autem

321 2047 502 2112 iussa
544 2046 778 2112 bellica
821 2047 1248 2112 ministerium
1293 2046 1532 2112 milites
1585 2047 1857 2113 debeant
1902 2048 2043 2132 paci
2092 2047 2413 2130 salutique
2462 2067 2533 2113 co
2546 2069 2636 2114 m.-

236 2173 289 2212 15
322 2154 518 2218 muni.
585 2154 830 2218 bellum
877 2155 1113 2233 autem,
1173 2154 1346 2236 quod
1393 2154 1740 2238 gerendum
1794 2155 1910 2220 deo
1962 2160 2217 2223 auctore
2266 2159 2632 2243 suscipitur,

322 2263 493 2326 recte
552 2259 792 2344 suscipi
850 2260 1138 2324 dubitare
1195 2260 1292 2325 fas
1349 2279 1473 2326 non
1531 2264 1634 2326 est
1686 2263 1793 2326 uel
1851 2261 1929 2326 ad
1984 2265 2344 2330 terrendam
2400 2268 2509 2331 uel
2554 2267 2635 2332 ad

323 2367 736 2434 obterendam
781 2367 889 2432 uel
927 2367 1006 2430 ad
1044 2367 1506 2452 subiugandam
1547 2369 1917 2434 mortalium
1958 2371 2341 2453 superbiam,
2382 2374 2631 2456 quando

321 2495 398 2540 ne
445 2475 609 2539 illud
656 2474 936 2557 quidem,
987 2473 1156 2555 quod
1203 2474 1484 2538 humana
1531 2475 1881 2558 cupiditate
1928 2476 2189 2560 geritur,
2246 2499 2371 2544 non
2420 2481 2629 2546 solum

319 2582 790 2666 incorruptibili
837 2580 975 2658 deo,
1017 2581 1131 2645 sed
1177 2599 1294 2646 nec
1341 2581 1581 2646 sanctis
1632 2582 1769 2648 eius
1818 2583 2045 2648 obesse
2094 2584 2336 2666 aliquid
2379 2591 2626 2670 potest:

227 2705 284 2743 20
323 2690 552 2770 quibus
607 2689 824 2772 potius
883 2688 961 2752 ad
1018 2686 1425 2752 exercendam
1483 2687 1858 2771 patientiam
1916 2691 1983 2754 et
2037 2690 2117 2754 ad
2171 2690 2631 2757 humiliandam

319 2797 594 2860 animam
630 2795 1081 2877 ferendamque
1128 2797 1455 2877 paternam
1506 2794 1907 2878 disciplinam
1954 2795 2147 2860 etiam
2191 2797 2493 2880 prodesse
2537 2800 2628 2863 in-

317 2902 591 2969 uenitur.
639 2919 844 2984 neque
895 2901 1061 2965 enim
1109 2901 1302 2965 habet
1347 2899 1412 2964 in
1452 2920 1561 2966 eos
1602 2901 1943 2984 quisquam
1982 2903 2183 2967 ullam
2218 2906 2625 2987 potestatem,

318 3007 437 3073 nisi
487 3009 591 3072 cui
639 3008 786 3072 data
830 3008 1024 3072 fuerit
1072 3007 1362 3090 desuper.
1411 3026 1536 3072 non
1586 3011 1689 3072 est
1734 3009 1902 3072 enim
1947 3011 2236 3092 potestas
2275 3011 2399 3076 nisi
2435 3031 2471 3076 a
2508 3012 2624 3080 deo

318 3115 454 3180 siue
501 3114 761 3180 iubente
811 3113 949 3178 siue
997 3114 1263 3181 sinente.
1333 3133 1482 3178 cum
1539 3133 1689 3198 ergo
1748 3115 1849 3180 uir
1904 3115 2140 3195 iustuS‚
2190 3116 2248 3182 si
2292 3117 2455 3183 forte
2504 3120 2621 3185 sub

229 3241 282 3281 25
316 3241 464 3306 rege
511 3221 767 3286 homine
814 3221 1007 3286 etiam
1056 3221 1368 3306 sacrilego
1415 3221 1673 3300 militet,
1732 3225 1903 3287 recte
1950 3224 2159 3306 possit
2202 3225 2315 3290 illo
2363 3225 2621 3292 iubente

313 3329 552 3393 bellare
618 3327 858 3393 ciuicae
922 3328 1098 3412 pacis
1158 3328 1442 3393 ordinem
1499 3347 1761 3393 seruans
1818 3366 1906 3376 —
1962 3331 2066 3394 cui
2122 3331 2293 3414 quod
2346 3333 2618 3413 iubetur,

491 3521 528 3574 4
561 3519 759 3574 Matth.
796 3520 849 3584 8,
889 3521 920 3572 9
959 3535 1040 3590 sq.
1152 3517 1222 3573 23
1263 3518 1328 3572 cf.
1368 3519 1525 3572 Rom.
1566 3519 1651 3584 13,
1697 3519 1718 3571 1

387 3635 412 3688 1
455 3635 684 3689 caesaris
727 3636 772 3701 (s
812 3651 849 3688 a
885 3651 954 3688 m.
991 3638 1024 3687 1
1057 3651 1100 3688 ε.
1139 3635 1199 3702 Ζ.)
1246 3632 1293 3688 0
1397 3633 1430 3686 2
1469 3635 1527 3687 et
1562 3650 1669 3688 om.
1708 3634 1741 3688 b
1876 3640 2187 3706 prestantur
2230 3637 2279 3691 C
2308 3640 2619 3707 prestantur

311 3749 346 3822 (ι
369 3749 500 3806 add.
538 3765 608 3804 m.
646 3751 706 3812 2)
745 3748 798 3801 L
941 3749 976 3804 3
1011 3752 1313 3806 necessario
1355 3751 1409 3822 (v
1447 3767 1515 3807 m.
1555 3755 1596 3806 2
1630 3753 1916 3820 supet-scr.)
1959 3751 2013 3805 L
2155 3754 2192 3806 4
2227 3752 2388 3806 homo
2428 3753 2540 3822 (pr.
2583 3770 2612 3806 ο

309 3853 353 3892 ε.
392 3838 450 3906 l.)
489 3837 538 3892 S
727 3831 763 3891 '6
800 3837 897 3892 alii
931 3836 1070 3892 1²02>
1252 3840 1407 3896 uenit
1446 3845 1492 3908 (t
1527 3857 1570 3897 8.
1612 3841 1647 3895 l.
1688 3858 1726 3895 α
1760 3858 1831 3896 m.
1869 3843 1921 3908 1)
1966 3841 2013 3895 0
2204 3843 2238 3895 8
2281 3843 2357 3912 et]
2396 3841 2493 3896 sed
2534 3841 2615 3896 Cb

312 3926 378 3979 12
432 3927 612 3996 poscit
663 3927 712 3998 (c
764 3943 885 3997 sup.
942 3943 968 3996 s
1023 3945 1091 3981 m.
1147 3932 1198 3996 1)
1262 3929 1311 3984 0
1481 3929 1813 4000 suscipiendi
1868 3929 1909 3996 (i
1964 3945 2085 3998 sup.
2145 3947 2176 3983 ο
2233 3945 2272 3984 a
2324 3947 2393 3983 m.
2454 3931 2506 3997 1)
2562 3930 2615 3986 L

313 4015 379 4069 13
434 4015 705 4087 principes
743 4015 920 4072 SGM
949 4017 1192 4088 principe
1229 4017 1307 4072 13¹
1552 4016 1881 4089 exsequendi
1934 4019 1983 4084 (s
2040 4035 2078 4072 a
2130 4035 2200 4072 m.
2256 4019 2289 4071 2
2344 4035 2389 4072 ε.
2447 4020 2504 4081 l.)
2561 4019 2615 4073 L

309 4103 379 4157 14
407 4103 700 4175 salutique]
731 4104 898 4160 saluti
918 4104 1018 4160 SG
1127 4106 1195 4161 17
1225 4106 1582 4177 opterendam
1617 4106 1666 4161 0
1768 4109 1839 4161 24
1864 4106 2087 4161 iubente
2116 4105 2171 4178 (b
2202 4123 2268 4160 ex
2296 4123 2330 4161 u
2359 4107 2515 4176 corr.)
2547 4109 2620 4160 M

307 4193 520 4246 sinente
576 4193 735 4262 (corr.
793 4209 860 4248 m.
909 4195 943 4247 2
993 4211 1060 4249 ω)
1113 4199 1352 4264 uenecte)
1390 4197 1466 4250 M
1639 4197 1710 4252 25
1766 4196 1983 4250 homine
2041 4198 2095 4264 (e
2151 4195 2283 4250 add.
2340 4212 2409 4249 m.
2466 4195 2519 4263 2)
2558 4195 2612 4249 L

303 4280 510 4334 militat
565 4280 666 4336 SG-
898 4283 1098 4353 possit
1153 4283 1200 4354 (c
1257 4286 1350 4350 er.)
1415 4283 1468 4339 G
1521 4285 1697 4354 possit
1754 4287 1845 4354 (m.
1901 4283 1935 4336 2
1994 4299 2130 4340 corr.
2188 4299 2257 4338 ex
2312 4284 2509 4354 poscit)
2556 4283 2613 4341 Ρ

305 4371 374 4424 26
413 4369 522 4439 cui]
560 4386 680 4423 cum
716 4369 774 4424 id
817 4369 865 4426 0

361 4496 497 4536 xxv.
549 4494 670 4544 Aug.
702 4499 816 4535 nect.
841 4498 880 4538 6.
1659 4493 1665 4498 '
2392 4478 2465 4532 43
