3159 4984
486 440 619 503 490
1188 438 1239 491 S.
1299 438 1577 491 Aureli
1634 437 2074 505 Augustini

484 644 598 697 aut
663 632 1025 716 prophetae.
1096 632 1205 696 sed
1272 631 1612 714 adinplere.
1669 649 1792 695 non
1850 633 1924 694 ut
1976 631 2106 714 legi
2162 630 2558 699 adderentur.
2618 649 2781 712 quae

492 741 769 808 deerant.
821 738 933 803 sed
992 742 1062 801 ut
1116 738 1359 815 fierent,
1418 757 1577 820 quae
1635 738 1872 820 scripta
1925 740 2135 802 erant:
2207 737 2375 820 quod
2437 737 2580 820 ipsa
2642 737 2783 803 eius

486 848 682 911 uerba
726 848 1062 910 testantur.
1130 864 1253 909 non
1303 844 1470 909 enim
1517 845 1625 910 ait.
1675 845 1834 910 iota
1887 864 2112 908 unum
2169 850 2298 909 aut
2353 863 2544 909 unus
2602 864 2786 928 apex

486 974 627 1019 non
695 954 1025 1017 transiet
1090 971 1125 1015 a
1189 953 1387 1035 lege.
1454 952 1654 1017 donec
1711 952 2048 1027 addantur,
2113 971 2273 1035 quae
2330 952 2588 1029 desunt,
2647 952 2782 1029 sed,

486 1060 723 1125 donec
773 1060 1021 1125 omnia
1066 1059 1277 1123 fiant.
2859 1078 2894 1117 5

1173 1350 1389 1404 LIBER-
1424 1350 2086 1405 DUODEUICESIML'S.

582 1464 637 1525 1.
705 1459 1036 1528 FAUSTUS
1086 1458 1276 1522 dixit:
1343 1458 1503 1521 Non
1578 1458 1755 1522 ueni
1820 1459 2067 1541 legem
2127 1459 2427 1523 soluere
2483 1460 2613 1525 sed
2669 1462 2785 1525 ad-

488 1567 803 1649 inplere.
875 1565 985 1629 sed
1038 1566 1203 1629 enim
1251 1565 1391 1641 hoc,
1450 1564 1575 1629 nisi
1623 1565 1796 1629 aliud
1840 1565 2002 1630 forte
2051 1566 2388 1651 significat,
2450 1586 2486 1629 a
2533 1567 2787 1633 Christo

490 1674 733 1737 dictum
796 1671 1048 1736 credere
1106 1691 1226 1735 non
1286 1672 1497 1735 minus
1557 1672 1677 1735 tibi
1735 1672 2116 1736 contrarium
2173 1672 2340 1737 scias
2397 1692 2536 1738 esse
2595 1693 2784 1756 quam

487 1779 667 1845 mihi.
719 1782 988 1861 uterque
1037 1778 1204 1842 enim
1252 1782 1540 1843 nostrum
1590 1778 1708 1842 sub
1757 1779 1874 1843 hac
1915 1779 2206 1862 opinione
2245 1780 2626 1866 christianus
2665 1784 2789 1857 est,
2829 1800 2892 1837 ιο

490 1885 637 1968 quia
678 1884 999 1949 Christum
1050 1886 1115 1949 in
1166 1884 1661 1949 destructionem
1708 1886 1872 1969 legis
1921 1905 1992 1949 ac
2038 1885 2488 1968 prophetarum
2533 1886 2790 1951 uenisse

489 1992 882 2073 putauimus.
957 1990 1125 2072 quod
1174 1991 1231 2055 si
1277 1994 1347 2053 tu
1395 1991 1591 2056 uerbo
1639 1992 1890 2055 interim
1937 1991 2122 2055 fat-eri
2167 2011 2290 2056 non
2338 1992 2459 2070 uis.
2509 1996 2790 2056 attamen

361 2162 379 2181 x
489 2098 555 2160 id
606 2098 902 2180 operibus
955 2098 1221 2163 indicas.
1272 2098 1417 2161 inde
1457 2098 1624 2161 enim
1664 2103 1781 2163 est.
1823 2099 1993 2180 quod
2029 2099 2192 2183 legis
2231 2117 2304 2163 30
2339 2100 2791 2181 prophetarum

489 2206 826 2288 praecepta
882 2208 945 2269 et
1000 2204 1138 2288 ipse
1198 2205 1571 2281 contemnis,
1632 2205 1774 2269 inde
1833 2205 2002 2287 quod
2049 2225 2287 2271 nouum
2334 2209 2790 2271 testamentum

490 2312 705 2377 lesum
754 2310 1116 2376 condidisse
1164 2310 1417 2393 utrique
1463 2311 1774 2375 fatemur:
1835 2331 1958 2393 quo
2017 2310 2168 2393 quid
2225 2312 2399 2375 aliud
2446 2330 2636 2393 quam
2685 2314 2792 2377 de·
2831 2328 2890 2367 1⁵

492 2418 905 2483 structionem
964 2418 1530 2483 fatemur.ueteris
1586 2418 2003 2483 testamenti?
2071 2437 2234 2499 quae
2291 2437 2440 2483 cum
2491 2419 2583 2482 ita
2639 2420 2793 2490 sint.

491 2524 807 2608 quomodo
861 2524 1183 2589 Christum
1242 2524 1405 2587 illud
1462 2524 1694 2589 dixisse
1753 2524 2104 2603 credemUS‚
2161 2524 2284 2590 nisi
2341 2528 2485 2591 ante
2541 2532 2798 2591 nosmet

488 2632 665 2715 ipsos
715 2634 1087 2697 damnemus
1137 2632 1374 2695 stultae
1419 2632 1483 2695 in
1532 2633 1938 2714 praeteritum
1989 2632 2303 2715 opinionis
2353 2636 2418 2697 et
2467 2634 2544 2697 ad
2580 2634 2796 2717 paeni-

490 2740 775 2805 tudinem
831 2759 1238 2804 recurramus
1297 2739 1852 2821 obsequamurque
1906 2740 2036 2823 legi
2095 2739 2170 2804 de
2227 2740 2474 2824 integro
2534 2759 2605 2805 ac
2649 2760 2794 2823 pro-

489 2846 698 2928 phetis
767 2850 959 2928 atque
1028 2866 1242 2909 eorum
1304 2865 1618 2911 curemus.
1679 2846 2170 2927 qualiacumque
2230 2851 2400 2915 sunt.
2460 2848 2798 2912 obseruare
2831 2860 2892 2899 ²⁰

486 2952 835 3015 mandata?
903 2952 1075 3033 quod
1124 2970 1269 3017 cum
1317 2952 1675 3015 fecerimus,
1725 2955 1878 3015 tunc
1926 2952 2196 3033 denique
2253 2973 2401 3017 uere
2463 2954 2800 3019 credideri-

487 3078 632 3123 mus
681 3058 911 3122 dixisse
962 3060 1199 3124 Iesum.
1249 3057 1399 3139 quia
1454 3078 1575 3123 non
1635 3058 1881 3122 uenerit
1933 3059 2141 3141 legem
2199 3060 2470 3136 soluere,
2530 3061 2641 3125 sed
2689 3060 2800 3125 ad-

486 3166 749 3248 inplere.
800 3184 965 3229 nunc
1014 3168 1227 3228 autem
1276 3165 1509 3229 falsum
1558 3172 1678 3229 est.
1729 3166 1878 3245 quia
1917 3184 2031 3229 nec
2068 3168 2141 3229 tu
2178 3166 2244 3229 id
2285 3166 2506 3245 credis⁹
2548 3166 2624 3231 de
2664 3188 2800 3249 quo

485 3290 591 3335 me
642 3272 849 3337 solum
904 3272 1178 3336 incusas.

668 3428 697 3479 7
736 3426 934 3481 Matth.
975 3431 1024 3490 5,
1066 3428 1131 3480 17

556 3553 590 3603 4
628 3550 914 3616 addaentur
951 3550 998 3605 S

558 3641 588 3693 7
632 3640 764 3709 Cap.
802 3640 945 3694 XXX
958 3640 1029 3695 VI
1066 3640 1343 3695 LPSGM
1512 3642 1806 3712 adimplere
1835 3642 1910 3713 (di
1938 3660 1981 3696 s,
2012 3643 2069 3711 l.)
2101 3644 2144 3697 C
2253 3644 2284 3696 9
2323 3642 2484 3712 scias]
2513 3660 2638 3697 suas
2669 3643 2802 3697 8¹6

486 3730 554 3782 12
592 3729 909 3800 putauimus
949 3733 1096 3800 (erp.
1124 3748 1193 3783 m.
1227 3734 1291 3797 2)
1322 3730 1373 3782 L
1516 3732 1732 3784 interim
1765 3730 1930 3784 uerbo
1963 3731 2008 3784 C
2142 3732 2358 3785 interim
2389 3734 2460 3799 (s.
2492 3732 2529 3786 Ζ.
2553 3748 2622 3786 m.
2655 3734 2724 3799 2)
2755 3732 2806 3786 S

488 3820 552 3873 13
608 3820 749 3890 legis
807 3823 858 3891 (e
914 3821 977 3874 in
1014 3820 1034 3873 i
1070 3826 1202 3873 mut.
1256 3836 1325 3872 m.
1381 3824 1433 3887 1)
1494 3821 1537 3871 ('
1683 3822 1748 3872 14
1798 3820 2134 3889 contempnis
2172 3820 2264 3884 L¹‚
2306 3822 2360 3889 (p
2398 3836 2440 3873 s.
2483 3821 2518 3876 l.
2557 3836 2627 3875 m.
2667 3822 2722 3887 1)
2757 3820 2804 3874 C

486 3912 551 3963 15
588 3911 732 3965 iesus
772 3913 803 3965 b
988 3910 1286 3964 cdiudisse
1326 3910 1411 3979 (ex
1459 3908 1768 3975 credidisse)
1811 3910 1882 3962 M
2084 3908 2687 3979 utrique-testamenti
2735 3911 2800 3962 in

503 4016 618 4053 raa.
656 4000 701 4054 S
844 4000 973 4070 quo]
1019 3998 1163 4070 qnod
1202 3982 1455 4053 MLSGb
1571 3999 1631 4049 17
1680 3997 1945 4051 credimus
1982 3998 2147 4053 SMG
2260 3997 2329 4050 18
2367 3997 2719 4067 dampnemus
2757 3999 2804 4051 G

504 4089 673 4142 stulte
720 4088 773 4141 L
830 4088 1007 4142 Stulte
1053 4088 1109 4140 in
1155 4086 1507 4157 praeterit-um
1550 4102 1659 4155 sqq.
1711 4086 1742 4139 b
1852 4088 1919 4139 19
1966 4086 2393 4156 obsequamurq;
2445 4090 2535 4156 (q3
2579 4102 2624 4139 s.
2673 4086 2712 4139 1.
2761 4103 2800 4139 a

496 4194 567 4231 m.
610 4177 659 4246 l)
700 4178 745 4231 C
832 4182 837 4189 “
884 4178 1115 4247 pphetas
1154 4178 1299 4244 (sup.
1340 4192 1371 4229 a
1409 4192 1476 4229 m.
1512 4180 1543 4229 1
1576 4191 1679 4228 scr.
1716 4175 1756 4239 i)
1800 4174 1848 4225 Ι,
1979 4175 2048 4228 20
2085 4176 2352 4243 curemus]
2389 4190 2636 4228 recumus
2673 4173 2804 4229 8¹6

496 4282 826 4320 recurramus
866 4266 933 4321 3²
1078 4266 1189 4318 sint
1234 4264 1277 4315 (2'
1384 4264 1448 4315 21
1492 4263 1876 4317 crediderimus
1917 4264 1982 4324 (ri
2020 4280 2064 4316 s.
2105 4264 2163 4316 l.)
2194 4261 2239 4317 S
2345 4264 2413 4315 24
2449 4263 2700 4325 incausas
2731 4262 2803 4318 ΒΞ

494 4371 731 4408 ncavsas
770 4356 823 4425 (v
864 4370 909 4408 s,
952 4356 1011 4421 Ζ.)
1058 4354 1109 4407 G
