3159 4984
1002 492 1412 549 V1.Contra
1460 496 1826 551 Faustum
1877 498 2137 552 lib.xl.
2578 506 2710 569 315

422 690 794 755 auctoritate
844 694 1104 767 secreta,
1155 692 1267 756 sed
1306 692 1453 773 quia
1498 693 1674 756 nulla
1707 693 2174 759 testificationis
2221 696 2363 759 luce
2412 695 2711 761 declarati

428 796 503 860 de
552 795 762 861 nescio
828 817 952 880 quo
1020 802 1263 863 secreto
1332 800 1544 864 nescio
1612 818 1880 881 quorum
1927 802 2438 882 praesumptione
2483 804 2712 885 prolati

425 906 574 967 sunt
619 925 733 967 -ε
785 904 959 968 aliud
1024 908 1123 969 est
1188 924 1335 990 ergo
1403 906 1779 971 auctoritate
1847 907 2201 989 aliquorum
2257 910 2362 973 uel
2407 909 2712 974 librorum

425 1012 530 1075 uel
576 1010 903 1076 hominum
950 1032 1073 1077 non
1119 1013 1320 1077 teneri
1366 1016 1431 1077 et
1478 1013 1652 1077 aliud
1699 1016 1799 1077 est
1843 1014 2085 1078 dicere:
2141 1015 2265 1079 iste
2313 1016 2568 1098 quidem
2614 1017 2718 1081 uir

357 1137 383 1175 5
427 1120 681 1182 sanctus
722 1118 933 1182 omnia
978 1137 1129 1183 uera
1176 1118 1430 1202 scripsit
1477 1124 1541 1184 et
1586 1120 1710 1184 ista
1757 1120 2031 1203 epistula
2075 1121 2277 1205 ipsius
2326 1126 2442 1201 est,
2493 1123 2604 1187 sed
2650 1124 2710 1187 in

340 1672 391 1707 10

341 2740 395 2777 ⁰20

425 1242 499 1287 ea
542 1224 681 1307 ipsa
726 1225 846 1290 hoc
895 1225 1031 1289 eius
1081 1228 1197 1301 est,
1264 1226 1387 1292 hoc
1451 1247 1573 1291 non
1625 1231 1724 1291 est
1771 1227 1928 1291 eius.
1979 1228 2088 1291 ubi
2137 1246 2280 1292 cum
2331 1248 2400 1293 ex
2449 1230 2714 1295 aduerso

424 1330 697 1395 audieris
754 1332 1041 1414 „proba.‘·'
1096 1352 1221 1397 non
1296 1332 1623 1417 confugias
1690 1334 1766 1397 ad
1843 1336 2217 1419 exemplaria
2291 1336 2538 1401 ueriora
2610 1338 2716 1401 uel

424 1439 702 1523 plurium
771 1440 1061 1505 codicum
1127 1442 1234 1506 uel
1299 1442 1700 1523 antiquorum
1765 1442 1872 1506 uel
1943 1443 2198 1527 linguae
2263 1442 2715 1526 praecedenti8‚

426 1548 591 1613 unde
638 1548 759 1613 hoc
806 1550 867 1612 in
917 1549 1105 1613 aliam
1144 1550 1427 1633 linguam
1465 1549 1948 1632 interpretatum
1988 1555 2104 1617 est.
2155 1548 2267 1615 sed
2314 1549 2525 1613 dicas:
2574 1549 2720 1614 inde

426 1656 620 1739 probo
668 1656 787 1721 hoc
833 1656 1007 1720 illius
1055 1676 1216 1724 esse,
1263 1656 1424 1721 illud
1474 1676 1596 1721 non
1645 1675 1806 1721 esse.
1847 1657 1994 1737 quia
2040 1657 2158 1721 hoc
2205 1676 2316 1739 pro
2365 1676 2466 1719 me
2516 1659 2716 1732 sonat,

428 1762 591 1826 illud
640 1764 855 1827 contra
898 1782 1020 1825 me.
1069 1765 1142 1825 tu
1192 1782 1258 1827 es
1307 1781 1455 1845 ergo
1502 1764 1724 1846 regula
1769 1762 2110 1829 ueritatis?
2157 1762 2456 1844 quicquid
2505 1767 2722 1827 contra

430 1872 493 1933 te
539 1868 750 1938 fuerit.
800 1888 923 1933 non
973 1872 1073 1932 est
1137 1869 1410 1934 uerum?
1476 1869 1675 1950 quid‘?
1743 1869 1797 1931 si
1846 1870 2008 1933 alius
2057 1868 2250 1933 simili
2296 1868 2558 1933 insania.
2611 1868 2722 1932 sed

427 1978 638 2039 tamen
707 1994 832 2057 qua
895 1978 1007 2039 tua
1069 1974 1301 2039 duritia
1366 1974 1816 2058 confringatur,
1883 1975 2106 2038 existat
2162 1978 2226 2038 et
2271 1974 2476 2039 dicat:
2525 1976 2722 2039 immo

428 2083 609 2159 illud,
660 2082 827 2163 quod
875 2101 985 2164 pro
1033 2084 1097 2145 te
1147 2085 1349 2155 sonat,
1397 2081 1632 2145 falsum
1683 2083 1800 2153 est,
1849 2080 1969 2146 hoc
2017 2083 2250 2153 autem,
2301 2080 2468 2161 quod
2507 2086 2727 2145 contra

432 2193 495 2252 te
544 2193 661 2257 est.
709 2207 933 2251 uerum
982 2190 1098 2254 est.
1150 2187 1300 2269 quid
1358 2192 1616 2251 acturus
1685 2187 1804 2253 es?
1867 2187 1990 2251 nisi
2039 2186 2197 2251 forte
2247 2186 2440 2251 alium
2488 2188 2720 2252 librum

432 2296 812 2375 prolaturus,
863 2296 973 2359 ubi
1040 2294 1339 2375 quicquid
1404 2294 1656 2377 legeriS.
1707 2293 2053 2357 secundum
2119 2296 2294 2357 tuam
2345 2295 2722 2358 sententiam

431 2403 637 2485 possit
682 2402 990 2486 intellegi.
1038 2402 1160 2467 hoc
1208 2402 1263 2465 si
1309 2402 1556 2475 feceris,
1625 2421 1748 2465 non
1808 2402 1883 2464 de
1950 2401 2162 2482 aliqua
2209 2400 2345 2465 eius
2394 2401 2721 2484 particula,

435 2508 545 2573 sed
592 2509 668 2573 de
717 2511 852 2573 toto
900 2509 1118 2573 audies
1186 2507 1721 2573 contradicentem
1771 2510 1836 2572 et
1883 2508 2299 2571 clamantem:
2356 2507 2556 2572 falsus
2606 2510 2724 2574 est.

435 2616 583 2697 quid
634 2618 835 2699 ages?
906 2633 1029 2696 quo
1077 2618 1140 2677 te
1190 2612 1565 2678 conuertes?
1631 2630 1817 2693 quam
1883 2610 2029 2674 libri
2078 2629 2113 2673 a
2159 2614 2222 2673 te
2268 2610 2497 2693 prolati
2545 2611 2728 2693 origi·

434 2742 599 2796 nem,
649 2740 838 2805 quam
885 2722 1299 2795 uetustatem,
1370 2738 1555 2800 quam
1625 2718 1848 2782 seriem
1899 2716 2318 2781 successionis
2366 2719 2598 2780 testem
2647 2717 2730 2779 ci-

436 2829 653 2894 tabis?
721 2848 863 2892 nam
928 2828 985 2892 si
1050 2828 1169 2891 boc
1224 2826 1428 2890 facere
1497 2825 1840 2894 conaberis,
1901 2827 1966 2887 et
2027 2824 2185 2886 nihil
2232 2822 2476 2887 ualebis
2526 2825 2589 2885 et
2633 2822 2730 2885 ui-

437 2936 614 3001 debis
661 2936 725 3000 in
775 2936 892 2999 hac
958 2953 1022 2998 re
1089 2934 1240 3015 quid
1307 2932 1614 2995 ecclesiae
1683 2931 2030 2995 catholicae
2095 2930 2308 2993 ualeat
2364 2928 2728 2996 auctoritas..

438 3062 597 3125 quae
648 3043 723 3106 ab
780 3042 939 3123 ipsis
1016 3039 1480 3103 fundatissimis
1548 3037 1805 3101 sedibus
1882 3038 2312 3119 apostolorum
2386 3053 2587 3116 usque
2655 3035 2732 3098 ad

436 3149 809 3215 hodiernum
878 3147 1039 3212 diem
1113 3144 1592 3211 succedentium
1660 3144 1916 3208 sibimet
1973 3143 2411 3226 episcoporum
2461 3140 2620 3205 serie
2670 3143 2735 3205 et

437 3259 536 3321 tot
580 3256 959 3338 populorum
1026 3253 1435 3317 consensione
1501 3252 1804 3315 firmatur.
1856 3251 2067 3331 itaque
2136 3250 2189 3313 si
2238 3250 2314 3313 de
2362 3248 2484 3311 fide
2534 3266 2732 3311 exem-

438 3363 709 3444 plarium
757 3360 1045 3443 quaestio
1093 3362 1464 3426 uerteretur.
1516 3358 1684 3422 sicut
1747 3358 1809 3420 in
1877 3356 2217 3431 nonnullis,
2269 3374 2426 3437 quae
2477 3358 2540 3419 et
2585 3374 2736 3437 pau-

442 3486 549 3531 cae
598 3469 747 3530 sunt
794 3469 858 3529 et
905 3483 1225 3529 sacrarum
1290 3463 1642 3526 litterarum
1714 3461 2020 3525 studiosis
2069 3461 2438 3525 notissimae
2488 3462 2735 3523 senten-

512 3696 543 3748 3
584 3712 710 3764 ergo
754 3700 804 3746 (o
844 3708 883 3745 8.
928 3710 997 3746 er.
1038 3710 1069 3745 a
1109 3712 1173 3745 m.
1221 3693 1267 3758 1)
1300 3692 1352 3743 L
1460 3694 1490 3745 4
1534 3694 1617 3743 est
1657 3708 1756 3743 om.
1790 3689 1888 3742 SG
2071 3689 2228 3740 istem
2273 3688 2416 3739 G'S1
2458 3686 2625 3739 isdem
2662 3685 2738 3739 6³²

444 3786 476 3835 5
505 3784 737 3855 epistola
756 3784 806 3835 L
952 3783 1007 3834 in
1038 3782 1119 3850 ea]
1150 3798 1269 3835 mea.
1289 3781 1336 3834 S
1440 3782 1471 3832 6
1502 3779 1729 3833 aduersa
1761 3780 1805 3831 S
1908 3782 1941 3831 8
1971 3778 2258 3847 plurimum
2294 3776 2337 3827 S
2469 3778 2502 3829 9
2542 3774 2681 3829 uude
2705 3777 2738 3825 l»

445 3877 505 3929 11
548 3881 667 3929 tues
707 3880 756 3941 (e
796 3891 931 3929 corr.
974 3890 1023 3924 m
1068 3879 1083 3924 ι
1131 3890 1195 3926 ex
1223 3874 1261 3926 il
1294 3872 1345 3925 L
1382 3874 1492 3926 tuis
1532 3870 1730 3925 SPMb
1771 3871 1917 3925 tuuis
1959 3870 2078 3937 (alt.
2109 3887 2144 3923 u
2173 3886 2215 3922 8.
2249 3871 2305 3930 l.)
2339 3868 2384 3922 S
2514 3869 2572 3921 13
2606 3870 2736 3936 qua}

442 3967 568 4035 quia
624 3966 671 4018 S
723 3966 813 4034 qui
879 3964 995 4017 ΜΘ
1178 3968 1306 4016 atua
1365 3962 1415 4015 G
1593 3962 1961 4029 confringatur
2019 3962 2067 4025 (r
2119 3974 2162 4012 s,
2223 3960 2279 4015 I.)
2341 3960 2402 4010 M
2472 3957 2736 4026 confisuga-

440 4058 529 4107 tur
558 4058 612 4121 (n
644 4058 737 4117 er.)
768 4052 820 4105 L
850 4050 1249 4120 constringatur
1286 4049 1327 4108 (1
1366 4051 1457 4117 er.)
1496 4048 1543 4101 C
1687 4048 1752 4100 15
1793 4052 1846 4100 te
1889 4051 1951 4100 (s.
1994 4048 2028 4099 l.
2071 4064 2133 4099 m.
2177 4047 2229 4099 1»
2267 4047 2314 4099 (J
2483 4046 2738 4109 aucturus

444 4147 581 4211 serp.
626 4160 695 4195 m.
752 4142 799 4208 1)
844 4142 891 4193 (J
1016 4140 1081 4193 19
1126 4139 1251 4192 libri
1298 4138 1367 4203 (ri
1412 4140 1473 4191 in
1522 4142 1658 4205 ναε.)
1697 4137 1742 4191 S
1774 4136 1936 4203 liberi
1979 4136 2030 4191 G
2157 4136 2227 4189 ‘20
2264 4139 2528 4188 testernue
2570 4134 2656 4186 f'ue
2695 4150 2738 4187 ε.

444 4235 477 4286 l.
518 4250 555 4285 a
590 4250 658 4287 m.
698 4232 752 4297 2)
794 4230 893 4284 SG
1040 4228 1232 4281 citabis
1272 4227 1324 4291 <b
1364 4244 1499 4281 corr.
1540 4244 1606 4281 ea:
1644 4228 1698 4295 u)
1745 4228 1810 4280 JI
1913 4226 1975 4278 21
2021 4225 2296 4279 conaueris
2328 4223 2380 4275 L
2525 4222 2736 4276 uidebis

442 4321 638 4388 scri-psi
657 4340 669 4373 :
700 4318 853 4373 uides
885 4316 1245 4370 LPSGMCb
1355 4314 1423 4368 23
1453 4332 1624 4384 usque
1655 4315 1808 4373 (add.
1836 4330 1904 4366 m.
1933 4314 1988 4377 ⁶2)
2020 4313 2064 4367 S
2168 4313 2234 4364 26
2266 4315 2666 4364 conuerteretur
2699 4310 2746 4364 0

444 4424 610 4478 pauet}
650 4414 693 4469 (ι,
730 4425 797 4461 m.
836 4407 869 4459 2
910 4406 1062 4470 add.)
1106 4406 1149 4457 S
1254 4405 1321 4457 27
1360 4404 1644 4457 notissime
1683 4404 1736 4455 L
