3159 4984
510 448 639 510 576
1220 445 1273 501 S.
1336 445 1607 499 Aureli
1663 447 2098 515 Augustini

500 636 866 711 interitum;
927 640 992 701 et
1038 636 1343 719 quicquid
1388 638 1565 701 illam
1611 639 2044 702 membrorum
2091 658 2438 723 conpagem
2488 642 2814 724 copulam-

500 762 624 823 que
673 742 879 807 carnis
928 746 993 806 et
1040 743 1303 825 spiritus
1352 762 1387 807 a
1436 743 1732 808 concordi
1767 744 2066 809 iunctura
2101 745 2368 811 disicere
2406 766 2480 812 ac
2517 748 2814 813 dirimere

508 852 744 933 potest,
786 852 1023 931 quanta
1068 850 1290 914 ualent
1336 850 1643 934 agilitate,
1683 851 1974 917 deuitant
2007 852 2362 918 nutrientes
2403 854 2593 918 etiam
2631 856 2814 938 ipsae

502 976 577 1021 ac
632 956 925 1021 fouentes
987 976 1237 1021 carnem
1295 975 1497 1021 suam.
1566 977 1777 1023 nemo
1845 959 2038 1023 enim
2103 979 2456 1043 umquam
2512 979 2816 1027 carnem

504 1082 713 1126 suam
763 1063 931 1129 odio
980 1064 1227 1143 habet,
1279 1065 1409 1129 sed
1454 1066 1717 1143 nutrit,
1757 1066 1986 1149 inquit,
2029 1086 2110 1131 ac
2147 1066 2365 1133 fouet
2402 1086 2560 1131 eam
2599 1067 2814 1133 sicut
2879 1089 2910 1125 ⁵

498 1172 575 1233 et
622 1169 975 1235 Christus
1024 1172 1455 1237 ecclesiam.
1503 1172 1741 1251 uidete,
1787 1173 1956 1237 unde
1997 1193 2123 1256 quo
2164 1174 2556 1251 ascenderit3
2603 1174 2814 1240 intue-

498 1276 677 1354 mini,
747 1278 803 1342 si
864 1278 1159 1361 potestiS‚
1228 1298 1419 1361 quam
1483 1281 1616 1345 uim
1685 1281 1880 1345 ducat
1943 1300 1980 1343 a
2044 1282 2324 1345 creatore
2389 1284 2676 1345 creatura
2732 1282 2815 1346 ab

499 1382 661 1465 ipsis
710 1385 1095 1451 caelestibus
1144 1386 1551 1469 adparatibus
1607 1407 1812 1470 usque
1869 1386 1948 1451 ad
2005 1406 2256 1452 carnem
2313 1390 2378 1453 et
2433 1388 2816 1472 sanguinem

498 1489 941 1555 uniuersitatis
988 1493 1388 1575 plenitudine
1435 1494 1794 1571 terminata,
1852 1494 2198 1559 formarum
2255 1494 2568 1558 uarietate
2628 1494 2818 1559 deco-

496 1598 653 1672 rata,
701 1616 911 1661 rerum
959 1600 1263 1683 gradibus
1312 1600 1617 1667 ordinata.
2848 1624 2900 1660 ¹⁰

592 1704 651 1769 8.
702 1704 949 1770 Rursus
996 1707 1173 1771 idem
1222 1708 1555 1790 apostolus
1605 1728 1750 1773 cum
1801 1709 1878 1773 de
1925 1708 2323 1791 spiritalibus
2361 1706 2634 1772 diuersis
2671 1728 2815 1772 mu-

505 1810 761 1875 neribus
810 1814 877 1875 et
928 1816 1144 1879 tamen
1204 1815 1282 1879 ad
1337 1816 1652 1881 unitatem
1728 1817 2023 1882 consonis
2078 1836 2210 1880 rem
2269 1816 2456 1899 plane
2510 1834 2818 1899 magnam

500 1921 568 1980 et
616 1917 897 1984 diuinam
946 1925 1012 1986 et
1057 1923 1340 1987 abditam
1388 1943 1504 1989 nos
1552 1925 1828 2003 doceret,
1877 1924 1954 1988 de
2001 1924 2130 1988 ista
2173 1924 2315 2005 ipsa
2361 1940 2544 1987 carne
2591 1926 2824 1987 nostra

499 2025 989 2093 similitudinem
1039 2029 1233 2107 dedit,
1285 2032 1469 2095 cuius
1517 2030 1823 2095 artificem
1873 2030 2083 2109 deum,
2124 2048 2272 2095 oum
2316 2029 2476 2093 haec
2519 2029 2820 2111 loquere-

500 2134 627 2209 tur,
687 2134 940 2200 omnino
997 2156 1120 2201 non
1178 2138 1403 2202 tacuit.
1462 2138 1633 2220 quod
1689 2137 1815 2202 etsi
1865 2138 2132 2221 longum
2191 2138 2309 2214 est,
2367 2138 2602 2212 tamen,
2660 2136 2822 2218 quia
2861 2156 2910 2193 ιε

507 2238 695 2303 ualde
742 2244 1193 2321 necessarium,
1240 2246 1451 2309 totum
1496 2245 1711 2327 ipsum
1755 2246 1971 2310 locum
2021 2264 2092 2309 ex
2141 2244 2279 2309 eius
2327 2242 2406 2308 ad
2445 2242 2820 2309 Corinthios

511 2345 789 2427 epistula
834 2348 985 2413 huic
1034 2351 1207 2433 operi
1252 2370 1355 2415 me
1391 2351 1667 2416 inserere
1704 2370 1826 2416 non
1864 2351 2128 2435 pigebit.
2181 2350 2266 2415 de
2314 2349 2816 2433 spiritalibus

507 2456 759 2531 autem
832 2456 1005 2521 nolo
1082 2475 1218 2522 uos
1292 2457 1674 2543 ignorare,
1751 2458 2032 2523 fratres
2092 2510 2105 2522 .
2175 2457 2428 2535 scitis,
2509 2456 2816 2538 quando

504 2564 773 2642 gentes
822 2564 1085 2641 eratis,
1135 2564 1224 2628 ad
1271 2566 1684 2630 simulacra
1721 2566 1883 2630 sine
1921 2584 2105 2630 uoce
2147 2563 2515 2647 quomodo
2554 2581 2816 2627 ascen-

500 2666 807 2733 debatis
852 2670 1176 2740 inducti.
1224 2675 1535 2757 propter
1572 2674 1772 2756 quod
1810 2676 2071 2738 notum
2109 2672 2307 2737 facio
2347 2669 2590 2746 uobis,
2631 2668 2818 2751 quia
2848 2690 2900 2727 ευ

494 2794 709 2841 nemo
757 2778 832 2842 in
881 2779 1163 2862 spiritu
1225 2781 1345 2845 dei
1396 2781 1718 2863 loquens
1777 2779 1970 2844 dicit
2025 2778 2424 2843 anathema
2475 2776 2670 2851 Iesu,
2736 2772 2820 2839 et

498 2902 709 2949 nemo
776 2890 1042 2969 potest
1110 2888 1365 2952 dicere
1433 2886 1822 2965 ‚dominus’
1868 2886 2105 2951 Iesus'
2170 2885 2320 2950 11131
2383 2886 2456 2949 111
2523 2881 2812 2966 spiritu

495 2996 783 3057 sancto.
880 2992 1323 3059 diuisiones
1409 2996 1660 3057 autem
1744 2991 2232 3058 donationum
2320 2993 2523 3065 sunt,
2608 2988 2812 3054 idem

496 3102 749 3163 autem
816 3100 1175 3184 spiritus;
1254 3104 1328 3164 et
1394 3099 1824 3165 diuisiones
1891 3098 2542 3163 ministrationum
2601 3099 2809 3185 sunt·

495 3208 693 3271 idem
740 3209 905 3290 ipse
952 3208 1330 3284 dominum
1390 3209 1464 3271 et
1519 3206 1949 3271 diuisiones
2008 3204 2540 3290 operationum
2596 3208 2800 3275 sunt.
2843 3219 2900 3257 2⁵

498 3315 697 3379 idem
744 3334 924 3403 uero
974 3314 1181 3391 deus,
1232 3313 1359 3396 qui
1407 3312 1654 3379 omnia
1701 3316 2058 3395 operatur
2100 3312 2175 3377 in
2223 3312 2598 3377 omnibus.
2647 3312 2810 3375 uni·

497 3422 770 3503 cuique
846 3424 1095 3485 autem
1171 3420 1393 3485 datur
1452 3420 1980 3487 manifestatio
2044 3420 2368 3502 spiritus
2440 3418 2530 3482 ad
2593 3418 2809 3483 utili-

496 3530 759 3592 tatem:
846 3528 982 3592 alii
1064 3528 1369 3611 quidem
1442 3527 1665 3591 datur
1736 3545 1870 3609 per
1941 3526 2298 3608 spiritum
2373 3543 2618 3591 sermo
2695 3544 2808 3589 sa·

494 3636 859 3718 pientiae,
955 3635 1091 3699 alii
1185 3654 1426 3700 sermo
1523 3632 1896 3700 scientiae
1983 3632 2396 3697 secundum
2483 3630 2804 3696 eundem

681 3870 744 3921 17
782 3868 811 3922 1
848 3866 969 3923 Cor.
1012 3868 1095 3933 12,
1142 3869 1166 3921 1
1210 3885 1327 3939 sqq.

573 4013 600 4064 1
652 4011 747 4065 illa
796 4012 826 4065 b
1044 4013 1079 4065 2
1126 4010 1407 4081 concordie
1454 4010 1486 4065 b
1715 4010 1967 4065 dissicere
2021 4010 2070 4064 G
2106 4010 2370 4065 dissecare
2418 4011 2500 4081 (in
2547 4016 2688 4077 ναε.)
2731 4010 2804 4063 Μ

504 4098 767 4154 discidere
788 4100 821 4155 b
931 4101 963 4154 9
1001 4100 1234 4154 ueritate
1256 4099 1581 4154 SGML¹P¹
1693 4100 1761 4153 13
1795 4100 1918 4169 ipsa
1951 4100 2062 4154 ista
2086 4099 2135 4154 G
2237 4100 2304 4154 15
2332 4114 2440 4153 non
2473 4101 2528 4166 (n
2557 4100 2658 4165 fin.
2687 4113 2732 4151 ε.
2766 4099 2802 4152 l.

496 4190 630 4244 add.
666 4208 737 4243 m.
775 4190 834 4260 2)
864 4188 919 4243 L
995 4189 1061 4242 16
1101 4188 1433 4243 chorinthios
1466 4189 1515 4243 C
1585 4190 1650 4244 17
1681 4189 1912 4260 epistola
1947 4189 2002 4243 L
2073 4188 2144 4243 20
2178 4187 2392 4243 inducit
2418 4186 2804 4243 S¹P¹M¹L¹G

492 4280 563 4331 24
618 4280 983 4333 ministeriorfi
1040 4280 1167 4331 sunt
1220 4277 1303 4347 (in
1354 4280 1489 4345 ras.)
1550 4277 1596 4331 C
1772 4277 1840 4331 25
1899 4276 2068 4347 idem]
2123 4278 2180 4331 et
2231 4275 2376 4331 idem
2433 4276 2512 4347 (et
2563 4293 2606 4329 8.
2659 4276 2712 4333 Ζ.)
2761 4276 2808 4329 C

493 4367 632 4437 ipse]
671 4369 769 4419 aui
808 4366 839 4419 b
948 4364 1018 4419 26
1056 4364 1225 4433 idern]
1258 4365 1377 4435 ipse
1422 4365 1469 4418 C
1607 4365 1754 4435 uero]
1796 4368 1978 4420 autem
2023 4363 2298 4419 SPMGG
