<?xml version="1.0" encoding="UTF-8"?>
<!DOCTYPE html PUBLIC "-//W3C//DTD XHTML 1.0 Transitional//EN"
    "http://www.w3.org/TR/xhtml1/DTD/xhtml1-transitional.dtd">
<html xmlns="http://www.w3.org/1999/xhtml" xml:lang="en" lang="en">
 <head>
  <title>
</title>
<meta http-equiv="Content-Type" content="text/html;charset=utf-8" />
  <meta name='ocr-system' content='tesseract 3.04.00' />
  <meta name='ocr-capabilities' content='ocr_page ocr_carea ocr_par ocr_line ocrx_word'/>
</head>
<body>
  <div class='ocr_page' id='page_1' title='image "./corpusscriptoru27wissgoog_0610.png"; bbox 0 0 3159 4984; ppageno 0'>
   <div class='ocr_carea' id='block_1_1' title="bbox 483 439 2045 510">
    <p class='ocr_par' dir='ltr' id='par_1_1' title="bbox 483 439 2045 510">
     <span class='ocr_line' id='line_1_1' title="bbox 483 439 2045 510; baseline -0.013 1"><span class='ocrx_word' id='word_1_1' title='bbox 483 447 613 510; x_wconf 80' lang='grc'><strong>600</strong></span> <span class='ocrx_word' id='word_1_2' title='bbox 1172 443 1224 494; x_wconf 83' lang='lat' dir='ltr'><strong>S.</strong></span> <span class='ocrx_word' id='word_1_3' title='bbox 1283 440 1553 494; x_wconf 84' lang='lat' dir='ltr'><strong>Aureli</strong></span> <span class='ocrx_word' id='word_1_4' title='bbox 1612 439 2045 509; x_wconf 76' lang='lat' dir='ltr'><strong>Augustini</strong></span> 
     </span>
    </p>
   </div>
   <div class='ocr_carea' id='block_1_2' title="bbox 473 636 2890 3486">
    <p class='ocr_par' dir='ltr' id='par_1_2' title="bbox 484 636 2793 934">
     <span class='ocr_line' id='line_1_2' title="bbox 488 636 2793 721; baseline -0.001 -17"><span class='ocrx_word' id='word_1_5' title='bbox 488 643 607 714; x_wconf 89' lang='lat' dir='ltr'><strong>est,</strong></span> <span class='ocrx_word' id='word_1_6' title='bbox 676 636 1182 721; x_wconf 90' lang='lat' dir='ltr'><strong>quandoquidem</strong></span> <span class='ocrx_word' id='word_1_7' title='bbox 1252 636 1409 700; x_wconf 90' lang='lat' dir='ltr'><strong>deus</strong></span> <span class='ocrx_word' id='word_1_8' title='bbox 1477 654 1692 700; x_wconf 91' lang='lat' dir='ltr'><strong>eorum</strong></span> <span class='ocrx_word' id='word_1_9' title='bbox 1751 653 1893 698; x_wconf 90' lang='lat' dir='ltr'><strong>cum</strong></span> <span class='ocrx_word' id='word_1_10' title='bbox 1952 636 2235 700; x_wconf 88' lang='lat' dir='ltr'><strong>membra</strong></span> <span class='ocrx_word' id='word_1_11' title='bbox 2296 655 2411 700; x_wconf 87' lang='lat' dir='ltr'><strong>sua</strong></span> <span class='ocrx_word' id='word_1_12' title='bbox 2456 637 2679 701; x_wconf 85' lang='lat' dir='ltr'><strong>mersit</strong></span> <span class='ocrx_word' id='word_1_13' title='bbox 2724 639 2793 701; x_wconf 91' lang='lat' dir='ltr'><strong>in</strong></span> 
     </span>
     <span class='ocr_line' id='line_1_3' title="bbox 487 741 2791 825; baseline 0 -15"><span class='ocrx_word' id='word_1_14' title='bbox 487 746 804 820; x_wconf 87' lang='lat' dir='ltr'><strong>tenebras,</strong></span> <span class='ocrx_word' id='word_1_15' title='bbox 845 744 1063 807; x_wconf 90' lang='lat' dir='ltr'><strong>uelum</strong></span> <span class='ocrx_word' id='word_1_16' title='bbox 1113 746 1332 807; x_wconf 88' lang='lat' dir='ltr'><strong>contra</strong></span> <span class='ocrx_word' id='word_1_17' title='bbox 1379 761 1446 806; x_wconf 92' lang='lat' dir='ltr'><strong>se</strong></span> <span class='ocrx_word' id='word_1_18' title='bbox 1494 742 1759 825; x_wconf 79' lang='lat' dir='ltr'><strong>posuit?</strong></span> <span class='ocrx_word' id='word_1_19' title='bbox 1808 761 1931 806; x_wconf 89' lang='lat' dir='ltr'><strong>non</strong></span> <span class='ocrx_word' id='word_1_20' title='bbox 1972 742 2141 807; x_wconf 90' lang='lat' dir='ltr'><strong>enim</strong></span> <span class='ocrx_word' id='word_1_21' title='bbox 2181 741 2351 825; x_wconf 88' lang='lat' dir='ltr'><strong>quod</strong></span> <span class='ocrx_word' id='word_1_22' title='bbox 2386 743 2559 819; x_wconf 81' lang='lat' dir='ltr'><strong>fecit,</strong></span> <span class='ocrx_word' id='word_1_23' title='bbox 2598 743 2791 812; x_wconf 85' lang='lat' dir='ltr'><strong>uidit.</strong></span> 
     </span>
     <span class='ocr_line' id='line_1_4' title="bbox 484 847 2458 934; baseline -0.002 -18"><span class='ocrx_word' id='word_1_24' title='bbox 484 852 632 934; x_wconf 89' lang='lat' dir='ltr'><strong>quia</strong></span> <span class='ocrx_word' id='word_1_25' title='bbox 677 852 915 916; x_wconf 90' lang='lat' dir='ltr'><strong>bonum</strong></span> <span class='ocrx_word' id='word_1_26' title='bbox 967 853 1102 926; x_wconf 86' lang='lat' dir='ltr'><strong>est;</strong></span> <span class='ocrx_word' id='word_1_27' title='bbox 1155 848 1268 914; x_wconf 89' lang='lat' dir='ltr'><strong>sed</strong></span> <span class='ocrx_word' id='word_1_28' title='bbox 1317 849 1526 913; x_wconf 92' lang='lat' dir='ltr'><strong>noluit</strong></span> <span class='ocrx_word' id='word_1_29' title='bbox 1571 847 1809 926; x_wconf 89' lang='lat' dir='ltr'><strong>uidere,</strong></span> <span class='ocrx_word' id='word_1_30' title='bbox 1859 849 2007 931; x_wconf 89' lang='lat' dir='ltr'><strong>quia</strong></span> <span class='ocrx_word' id='word_1_31' title='bbox 2053 850 2295 913; x_wconf 89' lang='lat' dir='ltr'><strong>malum</strong></span> <span class='ocrx_word' id='word_1_32' title='bbox 2341 851 2458 914; x_wconf 89' lang='lat' dir='ltr'><strong>est.</strong></span> 
     </span>
    </p>

    <p class='ocr_par' dir='ltr' id='par_1_3' title="bbox 473 954 2890 3258">
     <span class='ocr_line' id='line_1_5' title="bbox 579 954 2795 1037; baseline -0.001 -15"><span class='ocrx_word' id='word_1_33' title='bbox 579 960 681 1022; x_wconf 81' lang='lat'><strong>13.</strong></span> <span class='ocrx_word' id='word_1_34' title='bbox 759 957 1064 1021; x_wconf 87' lang='lat' dir='ltr'><strong>Miratum</strong></span> <span class='ocrx_word' id='word_1_35' title='bbox 1143 975 1292 1020; x_wconf 89' lang='lat' dir='ltr'><strong>sane</strong></span> <span class='ocrx_word' id='word_1_36' title='bbox 1365 955 1647 1020; x_wconf 79' lang='lat' dir='ltr'><strong>Faustus</strong></span> <span class='ocrx_word' id='word_1_37' title='bbox 1724 954 1911 1019; x_wconf 89' lang='lat' dir='ltr'><strong>deum</strong></span> <span class='ocrx_word' id='word_1_38' title='bbox 1984 958 2273 1020; x_wconf 88' lang='lat' dir='ltr'><strong>nostrum</strong></span> <span class='ocrx_word' id='word_1_39' title='bbox 2351 954 2542 1022; x_wconf 79' lang='lat' dir='ltr'><strong>dixit.</strong></span> <span class='ocrx_word' id='word_1_40' title='bbox 2618 957 2795 1037; x_wconf 86' lang='lat' dir='ltr'><strong>quod</strong></span> 
     </span>
     <span class='ocr_line' id='line_1_6' title="bbox 479 1061 2889 1147; baseline -0.003 -18"><span class='ocrx_word' id='word_1_41' title='bbox 479 1065 804 1147; x_wconf 88' lang='lat' dir='ltr'><strong>scriptum</strong></span> <span class='ocrx_word' id='word_1_42' title='bbox 850 1082 974 1128; x_wconf 90' lang='lat' dir='ltr'><strong>non</strong></span> <span class='ocrx_word' id='word_1_43' title='bbox 1023 1071 1123 1126; x_wconf 87' lang='lat' dir='ltr'><strong>est</strong></span> <span class='ocrx_word' id='word_1_44' title='bbox 1185 1081 1302 1126; x_wconf 91' lang='lat' dir='ltr'><strong>nec</strong></span> <span class='ocrx_word' id='word_1_45' title='bbox 1349 1061 1607 1126; x_wconf 83' lang='lat' dir='ltr'><strong>omnino</strong></span> <span class='ocrx_word' id='word_1_46' title='bbox 1658 1065 1757 1125; x_wconf 91' lang='lat' dir='ltr'><strong>est</strong></span> <span class='ocrx_word' id='word_1_47' title='bbox 1804 1079 2221 1143; x_wconf 86' lang='lat' dir='ltr'><strong>consequenS,</strong></span> <span class='ocrx_word' id='word_1_48' title='bbox 2261 1065 2333 1125; x_wconf 86' lang='lat' dir='ltr'><strong>ut</strong></span> <span class='ocrx_word' id='word_1_49' title='bbox 2372 1081 2515 1126; x_wconf 86' lang='lat' dir='ltr'><strong>cum</strong></span> <span class='ocrx_word' id='word_1_50' title='bbox 2556 1062 2795 1144; x_wconf 88' lang='lat' dir='ltr'><strong>aliquis</strong></span> <span class='ocrx_word' id='word_1_51' title='bbox 2858 1085 2889 1122; x_wconf 73' lang='grc' dir='ltr'><strong>ε,</strong></span> 
     </span>
     <span class='ocr_line' id='line_1_7' title="bbox 478 1167 2789 1253; baseline -0.002 -17"><span class='ocrx_word' id='word_1_52' title='bbox 478 1171 667 1247; x_wconf 88' lang='lat' dir='ltr'><strong>uidit,</strong></span> <span class='ocrx_word' id='word_1_53' title='bbox 735 1171 887 1253; x_wconf 88' lang='lat' dir='ltr'><strong>quia</strong></span> <span class='ocrx_word' id='word_1_54' title='bbox 947 1169 1186 1235; x_wconf 88' lang='lat' dir='ltr'><strong>bonum</strong></span> <span class='ocrx_word' id='word_1_55' title='bbox 1253 1172 1372 1243; x_wconf 80' lang='lat' dir='ltr'><strong>est,</strong></span> <span class='ocrx_word' id='word_1_56' title='bbox 1443 1169 1633 1232; x_wconf 84' lang='lat' dir='ltr'><strong>etiam</strong></span> <span class='ocrx_word' id='word_1_57' title='bbox 1694 1167 1963 1232; x_wconf 91' lang='lat' dir='ltr'><strong>miratus</strong></span> <span class='ocrx_word' id='word_1_58' title='bbox 2021 1167 2288 1232; x_wconf 88' lang='lat' dir='ltr'><strong>dicatur.</strong></span> <span class='ocrx_word' id='word_1_59' title='bbox 2355 1169 2561 1232; x_wconf 85' lang='lat' dir='ltr'><strong>multa</strong></span> <span class='ocrx_word' id='word_1_60' title='bbox 2617 1169 2789 1234; x_wconf 88' lang='lat' dir='ltr'><strong>enim</strong></span> 
     </span>
     <span class='ocr_line' id='line_1_8' title="bbox 477 1275 2796 1357; baseline -0.002 -15"><span class='ocrx_word' id='word_1_61' title='bbox 477 1277 648 1342; x_wconf 91' lang='lat' dir='ltr'><strong>bona</strong></span> <span class='ocrx_word' id='word_1_62' title='bbox 694 1276 990 1340; x_wconf 89' lang='lat' dir='ltr'><strong>uidentes</strong></span> <span class='ocrx_word' id='word_1_63' title='bbox 1038 1294 1162 1341; x_wconf 92' lang='lat' dir='ltr'><strong>non</strong></span> <span class='ocrx_word' id='word_1_64' title='bbox 1220 1275 1542 1352; x_wconf 83' lang='lat' dir='ltr'><strong>miramur,</strong></span> <span class='ocrx_word' id='word_1_65' title='bbox 1600 1277 1927 1356; x_wconf 77' lang='lat' dir='ltr'><strong>tamquam</strong></span> <span class='ocrx_word' id='word_1_66' title='bbox 1982 1276 2229 1357; x_wconf 89' lang='lat' dir='ltr'><strong>praeter</strong></span> <span class='ocrx_word' id='word_1_67' title='bbox 2286 1275 2643 1356; x_wconf 83' lang='lat' dir='ltr'><strong>opinionem</strong></span> <span class='ocrx_word' id='word_1_68' title='bbox 2696 1276 2796 1338; x_wconf 85' lang='lat' dir='ltr'><strong>ita</strong></span> 
     </span>
     <span class='ocr_line' id='line_1_9' title="bbox 485 1380 2787 1464; baseline -0.002 -15"><span class='ocrx_word' id='word_1_69' title='bbox 485 1384 633 1454; x_wconf 84' lang='lat' dir='ltr'><strong>sint,</strong></span> <span class='ocrx_word' id='word_1_70' title='bbox 693 1383 804 1447; x_wconf 89' lang='lat' dir='ltr'><strong>sed</strong></span> <span class='ocrx_word' id='word_1_71' title='bbox 861 1380 1304 1446; x_wconf 87' lang='lat' dir='ltr'><strong>tantummodo</strong></span> <span class='ocrx_word' id='word_1_72' title='bbox 1363 1381 1808 1464; x_wconf 84' lang='lat' dir='ltr'><strong>adprobamus,</strong></span> <span class='ocrx_word' id='word_1_73' title='bbox 1865 1380 2035 1463; x_wconf 89' lang='lat' dir='ltr'><strong>quod</strong></span> <span class='ocrx_word' id='word_1_74' title='bbox 2088 1381 2179 1444; x_wconf 85' lang='lat' dir='ltr'><strong>ita</strong></span> <span class='ocrx_word' id='word_1_75' title='bbox 2235 1398 2377 1446; x_wconf 87' lang='lat' dir='ltr'><strong>esse</strong></span> <span class='ocrx_word' id='word_1_76' title='bbox 2425 1381 2787 1446; x_wconf 82' lang='lat' dir='ltr'><strong>debuerint.</strong></span> 
     </span>
     <span class='ocr_line' id='line_1_10' title="bbox 478 1487 2793 1566; baseline -0.001 -12"><span class='ocrx_word' id='word_1_77' title='bbox 478 1491 916 1554; x_wconf 71' lang='lat' dir='ltr'><strong>‘ierumtamen</strong></span> <span class='ocrx_word' id='word_1_78' title='bbox 986 1488 1384 1552; x_wconf 82' lang='lat' dir='ltr'><strong>ostendimus</strong></span> <span class='ocrx_word' id='word_1_79' title='bbox 1451 1487 1544 1552; x_wconf 93' lang='lat' dir='ltr'><strong>eis</strong></span> <span class='ocrx_word' id='word_1_80' title='bbox 1612 1507 1737 1552; x_wconf 91' lang='lat' dir='ltr'><strong>non</strong></span> <span class='ocrx_word' id='word_1_81' title='bbox 1802 1488 1863 1552; x_wconf 90' lang='lat' dir='ltr'><strong>in</strong></span> <span class='ocrx_word' id='word_1_82' title='bbox 1930 1491 2149 1552; x_wconf 87' lang='lat' dir='ltr'><strong>uetere</strong></span> <span class='ocrx_word' id='word_1_83' title='bbox 2217 1491 2623 1566; x_wconf 85' lang='lat' dir='ltr'><strong>testamento,</strong></span> <span class='ocrx_word' id='word_1_84' title='bbox 2682 1491 2793 1554; x_wconf 88' lang='lat' dir='ltr'><strong>cui</strong></span> 
     </span>
     <span class='ocr_line' id='line_1_11' title="bbox 479 1593 2890 1678; baseline -0.002 -16"><span class='ocrx_word' id='word_1_85' title='bbox 479 1598 798 1662; x_wconf 74' lang='lat' dir='ltr'><strong>malitiose</strong></span> <span class='ocrx_word' id='word_1_86' title='bbox 849 1595 1336 1674; x_wconf 75' lang='lat' dir='ltr'><strong>calumniantur,</strong></span> <span class='ocrx_word' id='word_1_87' title='bbox 1386 1594 1498 1660; x_wconf 87' lang='lat' dir='ltr'><strong>sed</strong></span> <span class='ocrx_word' id='word_1_88' title='bbox 1545 1595 1611 1658; x_wconf 92' lang='lat' dir='ltr'><strong>in</strong></span> <span class='ocrx_word' id='word_1_89' title='bbox 1657 1613 1845 1669; x_wconf 90' lang='lat' dir='ltr'><strong>nouo,</strong></span> <span class='ocrx_word' id='word_1_90' title='bbox 1896 1594 2067 1677; x_wconf 91' lang='lat' dir='ltr'><strong>quod</strong></span> <span class='ocrx_word' id='word_1_91' title='bbox 2106 1597 2181 1657; x_wconf 90' lang='lat' dir='ltr'><strong>ut</strong></span> <span class='ocrx_word' id='word_1_92' title='bbox 2218 1593 2523 1678; x_wconf 85' lang='lat' dir='ltr'><strong>inperitos</strong></span> <span class='ocrx_word' id='word_1_93' title='bbox 2560 1595 2791 1659; x_wconf 84' lang='lat' dir='ltr'><strong>fallant</strong></span> <span class='ocrx_word' id='word_1_94' title='bbox 2834 1623 2890 1658; x_wconf 78' lang='grc' dir='ltr'><strong>ιο</strong></span> 
     </span>
     <span class='ocr_line' id='line_1_12' title="bbox 479 1699 2791 1787; baseline -0.001 -19"><span class='ocrx_word' id='word_1_95' title='bbox 479 1704 818 1787; x_wconf 84' lang='lat' dir='ltr'><strong>accipiunt.</strong></span> <span class='ocrx_word' id='word_1_96' title='bbox 870 1703 1058 1766; x_wconf 88' lang='lat' dir='ltr'><strong>deum</strong></span> <span class='ocrx_word' id='word_1_97' title='bbox 1107 1721 1248 1766; x_wconf 89' lang='lat' dir='ltr'><strong>esse</strong></span> <span class='ocrx_word' id='word_1_98' title='bbox 1298 1702 1619 1765; x_wconf 88' lang='lat' dir='ltr'><strong>miratum.</strong></span> <span class='ocrx_word' id='word_1_99' title='bbox 1682 1699 2005 1766; x_wconf 87' lang='lat' dir='ltr'><strong>Christum</strong></span> <span class='ocrx_word' id='word_1_100' title='bbox 2054 1701 2221 1765; x_wconf 88' lang='lat' dir='ltr'><strong>enim</strong></span> <span class='ocrx_word' id='word_1_101' title='bbox 2270 1701 2549 1766; x_wconf 86' lang='lat' dir='ltr'><strong>fatentur</strong></span> <span class='ocrx_word' id='word_1_102' title='bbox 2593 1701 2791 1766; x_wconf 86' lang='lat' dir='ltr'><strong>deum</strong></span> 
     </span>
     <span class='ocr_line' id='line_1_13' title="bbox 478 1806 2795 1891; baseline -0.001 -17"><span class='ocrx_word' id='word_1_103' title='bbox 478 1813 543 1874; x_wconf 89' lang='lat' dir='ltr'><strong>et</strong></span> <span class='ocrx_word' id='word_1_104' title='bbox 589 1810 750 1874; x_wconf 91' lang='lat' dir='ltr'><strong>hanc</strong></span> <span class='ocrx_word' id='word_1_105' title='bbox 797 1809 862 1874; x_wconf 89' lang='lat' dir='ltr'><strong>in</strong></span> <span class='ocrx_word' id='word_1_106' title='bbox 910 1809 1139 1891; x_wconf 90' lang='lat' dir='ltr'><strong>laqueo</strong></span> <span class='ocrx_word' id='word_1_107' title='bbox 1191 1826 1306 1872; x_wconf 91' lang='lat' dir='ltr'><strong>suo</strong></span> <span class='ocrx_word' id='word_1_108' title='bbox 1355 1808 1537 1872; x_wconf 88' lang='lat' dir='ltr'><strong>uelut</strong></span> <span class='ocrx_word' id='word_1_109' title='bbox 1583 1825 1795 1871; x_wconf 89' lang='lat' dir='ltr'><strong>escam</strong></span> <span class='ocrx_word' id='word_1_110' title='bbox 1843 1806 2285 1871; x_wconf 81' lang='lat' dir='ltr'><strong>dulcissimam</strong></span> <span class='ocrx_word' id='word_1_111' title='bbox 2337 1809 2599 1889; x_wconf 89' lang='lat' dir='ltr'><strong>ponunt.</strong></span> <span class='ocrx_word' id='word_1_112' title='bbox 2661 1827 2795 1890; x_wconf 84' lang='lat' dir='ltr'><strong>qua</strong></span> 
     </span>
     <span class='ocr_line' id='line_1_14' title="bbox 477 1911 2791 1998; baseline -0.002 -17"><span class='ocrx_word' id='word_1_113' title='bbox 477 1916 728 1983; x_wconf 89' lang='lat' dir='ltr'><strong>Christo</strong></span> <span class='ocrx_word' id='word_1_114' title='bbox 751 1915 997 1980; x_wconf 88' lang='lat' dir='ltr'><strong>deditos</strong></span> <span class='ocrx_word' id='word_1_115' title='bbox 1019 1915 1286 1998; x_wconf 86' lang='lat' dir='ltr'><strong>capiant.</strong></span> <span class='ocrx_word' id='word_1_116' title='bbox 1318 1914 1474 1978; x_wconf 87' lang='lat' dir='ltr'><strong>deus</strong></span> <span class='ocrx_word' id='word_1_117' title='bbox 1497 1933 1645 1997; x_wconf 89' lang='lat' dir='ltr'><strong>ergo</strong></span> <span class='ocrx_word' id='word_1_118' title='bbox 1664 1914 1931 1977; x_wconf 87' lang='lat' dir='ltr'><strong>miratus</strong></span> <span class='ocrx_word' id='word_1_119' title='bbox 1963 1915 2081 1990; x_wconf 90' lang='lat' dir='ltr'><strong>est,</strong></span> <span class='ocrx_word' id='word_1_120' title='bbox 2112 1932 2259 1977; x_wconf 90' lang='lat' dir='ltr'><strong>cum</strong></span> <span class='ocrx_word' id='word_1_121' title='bbox 2281 1911 2571 1978; x_wconf 87' lang='lat' dir='ltr'><strong>Christus</strong></span> <span class='ocrx_word' id='word_1_122' title='bbox 2600 1914 2791 1977; x_wconf 91' lang='lat' dir='ltr'><strong>mira-</strong></span> 
     </span>
     <span class='ocr_line' id='line_1_15' title="bbox 475 2019 2791 2105; baseline -0.001 -19"><span class='ocrx_word' id='word_1_123' title='bbox 475 2027 580 2088; x_wconf 88' lang='lat' dir='ltr'><strong>tus</strong></span> <span class='ocrx_word' id='word_1_124' title='bbox 602 2027 728 2102; x_wconf 82' lang='lat' dir='ltr'><strong>est3</strong></span> <span class='ocrx_word' id='word_1_125' title='bbox 765 2023 856 2087; x_wconf 93' lang='lat' dir='ltr'><strong>sic</strong></span> <span class='ocrx_word' id='word_1_126' title='bbox 881 2023 1050 2086; x_wconf 89' lang='lat' dir='ltr'><strong>enim</strong></span> <span class='ocrx_word' id='word_1_127' title='bbox 1078 2022 1387 2105; x_wconf 91' lang='lat' dir='ltr'><strong>scriptum</strong></span> <span class='ocrx_word' id='word_1_128' title='bbox 1421 2020 1599 2084; x_wconf 89' lang='lat' dir='ltr'><strong>estin</strong></span> <span class='ocrx_word' id='word_1_129' title='bbox 1624 2021 1975 2104; x_wconf 86' lang='lat' dir='ltr'><strong>euangelio,</strong></span> <span class='ocrx_word' id='word_1_130' title='bbox 2000 2020 2172 2102; x_wconf 90' lang='lat' dir='ltr'><strong>quod</strong></span> <span class='ocrx_word' id='word_1_131' title='bbox 2193 2020 2410 2084; x_wconf 89' lang='lat' dir='ltr'><strong>audita</strong></span> <span class='ocrx_word' id='word_1_132' title='bbox 2428 2020 2551 2084; x_wconf 88' lang='lat' dir='ltr'><strong>fide</strong></span> <span class='ocrx_word' id='word_1_133' title='bbox 2572 2019 2791 2084; x_wconf 91' lang='lat' dir='ltr'><strong>cuius-</strong></span> 
     </span>
     <span class='ocr_line' id='line_1_16' title="bbox 476 2125 2887 2209; baseline -0.001 -17"><span class='ocrx_word' id='word_1_134' title='bbox 476 2129 620 2192; x_wconf 88' lang='lat' dir='ltr'><strong>dam</strong></span> <span class='ocrx_word' id='word_1_135' title='bbox 672 2128 1058 2195; x_wconf 86' lang='lat' dir='ltr'><strong>centurionis</strong></span> <span class='ocrx_word' id='word_1_136' title='bbox 1104 2128 1422 2191; x_wconf 90' lang='lat' dir='ltr'><strong>miratus</strong></span> <span class='ocrx_word' id='word_1_137' title='bbox 1471 2129 1589 2190; x_wconf 90' lang='lat' dir='ltr'><strong>est</strong></span> <span class='ocrx_word' id='word_1_138' title='bbox 1626 2129 1699 2190; x_wconf 90' lang='lat' dir='ltr'><strong>et</strong></span> <span class='ocrx_word' id='word_1_139' title='bbox 1737 2126 1844 2190; x_wconf 90' lang='lat' dir='ltr'><strong>ait</strong></span> <span class='ocrx_word' id='word_1_140' title='bbox 1882 2125 2298 2209; x_wconf 90' lang='lat' dir='ltr'><strong>discipulis</strong></span> <span class='ocrx_word' id='word_1_141' title='bbox 2338 2126 2527 2192; x_wconf 87' lang='lat' dir='ltr'><strong>suis:</strong></span> <span class='ocrx_word' id='word_1_142' title='bbox 2569 2146 2789 2191; x_wconf 88' lang='lat' dir='ltr'><strong>amen</strong></span> <span class='ocrx_word' id='word_1_143' title='bbox 2834 2151 2887 2190; x_wconf 67' lang='grc' dir='ltr'><strong>ιε</strong></span> 
     </span>
     <span class='ocr_line' id='line_1_17' title="bbox 479 2231 2787 2312; baseline 0 -14"><span class='ocrx_word' id='word_1_144' title='bbox 479 2234 644 2300; x_wconf 89' lang='lat' dir='ltr'><strong>dico</strong></span> <span class='ocrx_word' id='word_1_145' title='bbox 676 2234 935 2312; x_wconf 90' lang='lat' dir='ltr'><strong>uobis,</strong></span> <span class='ocrx_word' id='word_1_146' title='bbox 967 2253 1106 2299; x_wconf 93' lang='lat' dir='ltr'><strong>non</strong></span> <span class='ocrx_word' id='word_1_147' title='bbox 1136 2233 1396 2298; x_wconf 89' lang='lat' dir='ltr'><strong>inueni</strong></span> <span class='ocrx_word' id='word_1_148' title='bbox 1422 2235 1709 2296; x_wconf 88' lang='lat' dir='ltr'><strong>tantam</strong></span> <span class='ocrx_word' id='word_1_149' title='bbox 1741 2231 1971 2296; x_wconf 87' lang='lat' dir='ltr'><strong>fidem</strong></span> <span class='ocrx_word' id='word_1_150' title='bbox 2008 2231 2081 2295; x_wconf 90' lang='lat' dir='ltr'><strong>in</strong></span> <span class='ocrx_word' id='word_1_151' title='bbox 2120 2231 2437 2296; x_wconf 86' lang='lat' dir='ltr'><strong>Israhel.</strong></span> <span class='ocrx_word' id='word_1_152' title='bbox 2478 2251 2623 2297; x_wconf 88' lang='lat' dir='ltr'><strong>ecce</strong></span> <span class='ocrx_word' id='word_1_153' title='bbox 2664 2253 2787 2299; x_wconf 90' lang='lat' dir='ltr'><strong>nos</strong></span> 
     </span>
     <span class='ocr_line' id='line_1_18' title="bbox 476 2339 2777 2424; baseline -0 -19"><span class='ocrx_word' id='word_1_154' title='bbox 476 2345 551 2405; x_wconf 92' lang='lat' dir='ltr'><strong>ut</strong></span> <span class='ocrx_word' id='word_1_155' title='bbox 609 2340 964 2424; x_wconf 79' lang='lat' dir='ltr'><strong>potuimuS,</strong></span> <span class='ocrx_word' id='word_1_156' title='bbox 1033 2341 1437 2423; x_wconf 81' lang='lat' dir='ltr'><strong>exposuimus</strong></span> <span class='ocrx_word' id='word_1_157' title='bbox 1511 2339 1748 2416; x_wconf 86' lang='lat' dir='ltr'><strong>„uidit</strong></span> <span class='ocrx_word' id='word_1_158' title='bbox 1815 2339 1997 2404; x_wconf 89' lang='lat' dir='ltr'><strong>deus</strong></span> <span class='ocrx_word' id='word_1_159' title='bbox 2057 2340 2231 2422; x_wconf 89' lang='lat' dir='ltr'><strong>quia</strong></span> <span class='ocrx_word' id='word_1_160' title='bbox 2284 2340 2558 2405; x_wconf 91' lang='lat' dir='ltr'><strong>bonum</strong></span> <span class='ocrx_word' id='word_1_161' title='bbox 2616 2345 2777 2406; x_wconf 80' lang='lat' dir='ltr'><strong>est‘·</strong></span> 
     </span>
     <span class='ocr_line' id='line_1_19' title="bbox 479 2446 2787 2530; baseline 0 -20"><span class='ocrx_word' id='word_1_162' title='bbox 479 2451 544 2510; x_wconf 90' lang='lat' dir='ltr'><strong>et</strong></span> <span class='ocrx_word' id='word_1_163' title='bbox 588 2447 821 2511; x_wconf 88' lang='lat' dir='ltr'><strong>melius</strong></span> <span class='ocrx_word' id='word_1_164' title='bbox 877 2447 1168 2511; x_wconf 87' lang='lat' dir='ltr'><strong>fortassis</strong></span> <span class='ocrx_word' id='word_1_165' title='bbox 1230 2451 1548 2530; x_wconf 87' lang='lat' dir='ltr'><strong>exponunt</strong></span> <span class='ocrx_word' id='word_1_166' title='bbox 1602 2446 1726 2510; x_wconf 88' lang='lat' dir='ltr'><strong>ista</strong></span> <span class='ocrx_word' id='word_1_167' title='bbox 1778 2447 2115 2511; x_wconf 88' lang='lat' dir='ltr'><strong>meliores:</strong></span> <span class='ocrx_word' id='word_1_168' title='bbox 2180 2450 2493 2530; x_wconf 81' lang='lat' dir='ltr'><strong>exponant</strong></span> <span class='ocrx_word' id='word_1_169' title='bbox 2536 2452 2605 2512; x_wconf 90' lang='lat' dir='ltr'><strong>et</strong></span> <span class='ocrx_word' id='word_1_170' title='bbox 2648 2447 2787 2524; x_wconf 82' lang='lat' dir='ltr'><strong>isti,</strong></span> 
     </span>
     <span class='ocr_line' id='line_1_20' title="bbox 476 2543 2789 2636; baseline 0.001 -20"><span class='ocrx_word' id='word_1_171' title='bbox 476 2571 666 2634; x_wconf 89' lang='lat' dir='ltr'><strong>quare</strong></span> <span class='ocrx_word' id='word_1_172' title='bbox 716 2553 802 2617; x_wconf 89' lang='lat' dir='ltr'><strong>sit</strong></span> <span class='ocrx_word' id='word_1_173' title='bbox 849 2554 1114 2618; x_wconf 90' lang='lat' dir='ltr'><strong>miratus</strong></span> <span class='ocrx_word' id='word_1_174' title='bbox 1151 2553 1355 2630; x_wconf 77' lang='lat' dir='ltr'><strong>Iesu8‚</strong></span> <span class='ocrx_word' id='word_1_175' title='bbox 1405 2553 1571 2636; x_wconf 90' lang='lat' dir='ltr'><strong>quod</strong></span> <span class='ocrx_word' id='word_1_176' title='bbox 1620 2555 1959 2636; x_wconf 90' lang='lat' dir='ltr'><strong>antequam</strong></span> <span class='ocrx_word' id='word_1_177' title='bbox 2004 2543 2203 2631; x_wconf 87' lang='lat' dir='ltr'><strong>fieret,</strong></span> <span class='ocrx_word' id='word_1_178' title='bbox 2251 2553 2668 2636; x_wconf 85' lang='lat' dir='ltr'><strong>praesciebat,</strong></span> <span class='ocrx_word' id='word_1_179' title='bbox 2718 2559 2789 2618; x_wconf 88' lang='lat' dir='ltr'><strong>et</strong></span> 
     </span>
     <span class='ocr_line' id='line_1_21' title="bbox 477 2659 2879 2742; baseline -0 -19"><span class='ocrx_word' id='word_1_180' title='bbox 477 2663 816 2741; x_wconf 90' lang='lat' dir='ltr'><strong>antequam</strong></span> <span class='ocrx_word' id='word_1_181' title='bbox 866 2659 1134 2727; x_wconf 85' lang='lat' dir='ltr'><strong>audiret.</strong></span> <span class='ocrx_word' id='word_1_182' title='bbox 1181 2659 1405 2740; x_wconf 90' lang='lat' dir='ltr'><strong>utique</strong></span> <span class='ocrx_word' id='word_1_183' title='bbox 1451 2660 1737 2724; x_wconf 88' lang='lat' dir='ltr'><strong>nouerat.</strong></span> <span class='ocrx_word' id='word_1_184' title='bbox 1786 2678 2173 2741; x_wconf 89' lang='lat' dir='ltr'><strong>quamquam</strong></span> <span class='ocrx_word' id='word_1_185' title='bbox 2220 2659 2385 2722; x_wconf 87' lang='lat' dir='ltr'><strong>enim</strong></span> <span class='ocrx_word' id='word_1_186' title='bbox 2430 2659 2789 2742; x_wconf 85' lang='lat' dir='ltr'><strong>plurimum</strong></span> <span class='ocrx_word' id='word_1_187' title='bbox 2824 2686 2879 2722; x_wconf 60' lang='grc' dir='ltr'><strong>κο</strong></span> 
     </span>
     <span class='ocr_line' id='line_1_22' title="bbox 473 2763 2781 2847; baseline 0.001 -19"><span class='ocrx_word' id='word_1_188' title='bbox 473 2765 761 2844; x_wconf 88' lang='lat' dir='ltr'><strong>intersit,</strong></span> <span class='ocrx_word' id='word_1_189' title='bbox 830 2767 1048 2828; x_wconf 90' lang='lat' dir='ltr'><strong>utrum</strong></span> <span class='ocrx_word' id='word_1_190' title='bbox 1114 2764 1334 2828; x_wconf 88' lang='lat' dir='ltr'><strong>uideat</strong></span> <span class='ocrx_word' id='word_1_191' title='bbox 1398 2763 1665 2845; x_wconf 90' lang='lat' dir='ltr'><strong>aliquis,</strong></span> <span class='ocrx_word' id='word_1_192' title='bbox 1732 2764 1879 2847; x_wconf 90' lang='lat' dir='ltr'><strong>quia</strong></span> <span class='ocrx_word' id='word_1_193' title='bbox 1940 2765 2179 2829; x_wconf 90' lang='lat' dir='ltr'><strong>bonum</strong></span> <span class='ocrx_word' id='word_1_194' title='bbox 2247 2769 2381 2840; x_wconf 88' lang='lat' dir='ltr'><strong>est,</strong></span> <span class='ocrx_word' id='word_1_195' title='bbox 2440 2785 2516 2829; x_wconf 92' lang='lat' dir='ltr'><strong>an</strong></span> <span class='ocrx_word' id='word_1_196' title='bbox 2582 2765 2781 2830; x_wconf 86' lang='lat' dir='ltr'><strong>etiarn</strong></span> 
     </span>
     <span class='ocr_line' id='line_1_23' title="bbox 473 2869 2783 2954; baseline 0.001 -20"><span class='ocrx_word' id='word_1_197' title='bbox 473 2871 758 2948; x_wconf 87' lang='lat' dir='ltr'><strong>miretur,</strong></span> <span class='ocrx_word' id='word_1_198' title='bbox 823 2871 888 2934; x_wconf 90' lang='lat' dir='ltr'><strong>in</strong></span> <span class='ocrx_word' id='word_1_199' title='bbox 955 2869 1077 2935; x_wconf 93' lang='lat' dir='ltr'><strong>hoc</strong></span> <span class='ocrx_word' id='word_1_200' title='bbox 1142 2874 1356 2934; x_wconf 86' lang='lat' dir='ltr'><strong>tamen</strong></span> <span class='ocrx_word' id='word_1_201' title='bbox 1424 2872 1523 2934; x_wconf 89' lang='lat' dir='ltr'><strong>est</strong></span> <span class='ocrx_word' id='word_1_202' title='bbox 1588 2871 1892 2934; x_wconf 90' lang='lat' dir='ltr'><strong>nonnulla</strong></span> <span class='ocrx_word' id='word_1_203' title='bbox 1946 2871 2320 2948; x_wconf 89' lang='lat' dir='ltr'><strong>similitudo,</strong></span> <span class='ocrx_word' id='word_1_204' title='bbox 2380 2871 2529 2954; x_wconf 87' lang='lat' dir='ltr'><strong>quia</strong></span> <span class='ocrx_word' id='word_1_205' title='bbox 2584 2872 2783 2937; x_wconf 86' lang='lat' dir='ltr'><strong>etiam</strong></span> 
     </span>
     <span class='ocr_line' id='line_1_24' title="bbox 474 2976 2783 3059; baseline 0.002 -19"><span class='ocrx_word' id='word_1_206' title='bbox 474 2976 658 3042; x_wconf 89' lang='lat' dir='ltr'><strong>Iesus</strong></span> <span class='ocrx_word' id='word_1_207' title='bbox 703 2978 914 3042; x_wconf 89' lang='lat' dir='ltr'><strong>lucem</strong></span> <span class='ocrx_word' id='word_1_208' title='bbox 962 2977 1113 3042; x_wconf 91' lang='lat' dir='ltr'><strong>fidei</strong></span> <span class='ocrx_word' id='word_1_209' title='bbox 1151 2977 1417 3041; x_wconf 86' lang='lat' dir='ltr'><strong>miratus</strong></span> <span class='ocrx_word' id='word_1_210' title='bbox 1458 2979 1577 3055; x_wconf 90' lang='lat' dir='ltr'><strong>est,</strong></span> <span class='ocrx_word' id='word_1_211' title='bbox 1618 2995 1809 3059; x_wconf 90' lang='lat' dir='ltr'><strong>quam</strong></span> <span class='ocrx_word' id='word_1_212' title='bbox 1846 2977 1909 3040; x_wconf 91' lang='lat' dir='ltr'><strong>in</strong></span> <span class='ocrx_word' id='word_1_213' title='bbox 1951 2977 2135 3042; x_wconf 89' lang='lat' dir='ltr'><strong>corde</strong></span> <span class='ocrx_word' id='word_1_214' title='bbox 2174 2977 2349 3042; x_wconf 91' lang='lat' dir='ltr'><strong>illius</strong></span> <span class='ocrx_word' id='word_1_215' title='bbox 2388 2978 2783 3044; x_wconf 86' lang='lat' dir='ltr'><strong>centurionis</strong></span> 
     </span>
     <span class='ocr_line' id='line_1_25' title="bbox 473 3082 2779 3166; baseline 0.001 -20"><span class='ocrx_word' id='word_1_216' title='bbox 473 3082 614 3166; x_wconf 89' lang='lat' dir='ltr'><strong>ipse</strong></span> <span class='ocrx_word' id='word_1_217' title='bbox 679 3085 935 3162; x_wconf 85' lang='lat' dir='ltr'><strong>fecerat,</strong></span> <span class='ocrx_word' id='word_1_218' title='bbox 1003 3083 1112 3166; x_wconf 91' lang='lat' dir='ltr'><strong>qui</strong></span> <span class='ocrx_word' id='word_1_219' title='bbox 1178 3086 1278 3148; x_wconf 92' lang='lat' dir='ltr'><strong>est</strong></span> <span class='ocrx_word' id='word_1_220' title='bbox 1330 3083 1550 3147; x_wconf 91' lang='lat' dir='ltr'><strong>lumen</strong></span> <span class='ocrx_word' id='word_1_221' title='bbox 1607 3102 1855 3161; x_wconf 89' lang='lat' dir='ltr'><strong>uerum,</strong></span> <span class='ocrx_word' id='word_1_222' title='bbox 1914 3083 2083 3166; x_wconf 90' lang='lat' dir='ltr'><strong>quod</strong></span> <span class='ocrx_word' id='word_1_223' title='bbox 2136 3083 2476 3148; x_wconf 89' lang='lat' dir='ltr'><strong>inluminat</strong></span> <span class='ocrx_word' id='word_1_224' title='bbox 2524 3103 2779 3148; x_wconf 90' lang='lat' dir='ltr'><strong>omnem</strong></span> 
     </span>
     <span class='ocr_line' id='line_1_26' title="bbox 477 3189 2877 3258; baseline 0.003 -6"><span class='ocrx_word' id='word_1_225' title='bbox 477 3189 800 3255; x_wconf 90' lang='lat' dir='ltr'><strong>hominem</strong></span> <span class='ocrx_word' id='word_1_226' title='bbox 848 3191 1210 3254; x_wconf 87' lang='lat' dir='ltr'><strong>uenientem</strong></span> <span class='ocrx_word' id='word_1_227' title='bbox 1259 3189 1319 3253; x_wconf 90' lang='lat' dir='ltr'><strong>in</strong></span> <span class='ocrx_word' id='word_1_228' title='bbox 1370 3189 1538 3253; x_wconf 89' lang='lat' dir='ltr'><strong>hunc</strong></span> <span class='ocrx_word' id='word_1_229' title='bbox 1583 3190 1916 3253; x_wconf 88' lang='lat' dir='ltr'><strong>mundum.</strong></span> <span class='ocrx_word' id='word_1_230' title='bbox 2822 3221 2877 3258; x_wconf 55' lang='grc' dir='ltr'><strong>κε.</strong></span> 
     </span>
    </p>

    <p class='ocr_par' dir='ltr' id='par_1_4' title="bbox 476 3294 2779 3486">
     <span class='ocr_line' id='line_1_27' title="bbox 569 3294 2779 3378; baseline 0.001 -20"><span class='ocrx_word' id='word_1_231' title='bbox 569 3297 670 3361; x_wconf 89' lang='grc'><strong>14.</strong></span> <span class='ocrx_word' id='word_1_232' title='bbox 714 3294 919 3373; x_wconf 85' lang='lat' dir='ltr'><strong>Quem</strong></span> <span class='ocrx_word' id='word_1_233' title='bbox 957 3298 1180 3378; x_wconf 87' lang='lat' dir='ltr'><strong>posset</strong></span> <span class='ocrx_word' id='word_1_234' title='bbox 1217 3299 1385 3358; x_wconf 91' lang='lat' dir='ltr'><strong>certe</strong></span> <span class='ocrx_word' id='word_1_235' title='bbox 1427 3295 1660 3377; x_wconf 91' lang='lat' dir='ltr'><strong>aliquis</strong></span> <span class='ocrx_word' id='word_1_236' title='bbox 1698 3294 1911 3378; x_wconf 90' lang='lat' dir='ltr'><strong>inpius</strong></span> <span class='ocrx_word' id='word_1_237' title='bbox 1948 3313 2234 3378; x_wconf 88' lang='lat' dir='ltr'><strong>paganus</strong></span> <span class='ocrx_word' id='word_1_238' title='bbox 2272 3295 2364 3359; x_wconf 90' lang='lat' dir='ltr'><strong>ita</strong></span> <span class='ocrx_word' id='word_1_239' title='bbox 2400 3297 2779 3362; x_wconf 89' lang='lat' dir='ltr'><strong>calumniari</strong></span> 
     </span>
     <span class='ocr_line' id='line_1_28' title="bbox 476 3401 2776 3486; baseline 0.001 -20"><span class='ocrx_word' id='word_1_240' title='bbox 476 3405 540 3466; x_wconf 89' lang='lat' dir='ltr'><strong>et</strong></span> <span class='ocrx_word' id='word_1_241' title='bbox 592 3401 1048 3486; x_wconf 88' lang='lat' dir='ltr'><strong>reprehendere</strong></span> <span class='ocrx_word' id='word_1_242' title='bbox 1103 3401 1166 3465; x_wconf 91' lang='lat' dir='ltr'><strong>in</strong></span> <span class='ocrx_word' id='word_1_243' title='bbox 1227 3402 1582 3485; x_wconf 87' lang='lat' dir='ltr'><strong>euangelio,</strong></span> <span class='ocrx_word' id='word_1_244' title='bbox 1644 3402 1813 3466; x_wconf 88' lang='lat' dir='ltr'><strong>sicut</strong></span> <span class='ocrx_word' id='word_1_245' title='bbox 1871 3401 2057 3465; x_wconf 89' lang='lat' dir='ltr'><strong>deum</strong></span> <span class='ocrx_word' id='word_1_246' title='bbox 2106 3401 2385 3466; x_wconf 86' lang='lat' dir='ltr'><strong>Faustus</strong></span> <span class='ocrx_word' id='word_1_247' title='bbox 2441 3401 2505 3465; x_wconf 92' lang='lat' dir='ltr'><strong>in</strong></span> <span class='ocrx_word' id='word_1_248' title='bbox 2554 3407 2776 3468; x_wconf 84' lang='lat' dir='ltr'><strong>uetere</strong></span> 
     </span>
    </p>
   </div>
   <div class='ocr_carea' id='block_1_3' title="bbox 652 3645 1750 3709">
    <p class='ocr_par' dir='ltr' id='par_1_5' title="bbox 652 3645 1750 3709">
     <span class='ocr_line' id='line_1_29' title="bbox 652 3645 1750 3709; baseline 0 -10"><span class='ocrx_word' id='word_1_249' title='bbox 652 3647 718 3700; x_wconf 85' lang='lat'><strong>15</strong></span> <span class='ocrx_word' id='word_1_250' title='bbox 754 3645 952 3699; x_wconf 78' lang='lat' dir='ltr'><strong>Matth.</strong></span> <span class='ocrx_word' id='word_1_251' title='bbox 990 3645 1040 3702; x_wconf 89' lang='grc'><strong>8.</strong></span> <span class='ocrx_word' id='word_1_252' title='bbox 1081 3646 1148 3699; x_wconf 88' lang='grc'>10</span> <span class='ocrx_word' id='word_1_253' title='bbox 1258 3646 1327 3699; x_wconf 85' lang='lat'><strong>25</strong></span> <span class='ocrx_word' id='word_1_254' title='bbox 1366 3645 1432 3699; x_wconf 85' lang='lat' dir='ltr'><strong>cf.</strong></span> <span class='ocrx_word' id='word_1_255' title='bbox 1473 3645 1591 3700; x_wconf 91' lang='lat' dir='ltr'><strong>Ioh.</strong></span> <span class='ocrx_word' id='word_1_256' title='bbox 1633 3647 1677 3709; x_wconf 90' lang='lat'><strong>1,</strong></span> <span class='ocrx_word' id='word_1_257' title='bbox 1718 3647 1750 3699; x_wconf 88' lang='grc'>9</span> 
     </span>
    </p>
   </div>
   <div class='ocr_carea' id='block_1_4' title="bbox 543 3795 2769 3852">
    <p class='ocr_par' dir='ltr' id='par_1_6' title="bbox 543 3795 2769 3852">
     <span class='ocr_line' id='line_1_30' title="bbox 543 3795 2769 3852; baseline 0 -4"><span class='ocrx_word' id='word_1_258' title='bbox 543 3797 576 3848; x_wconf 83' lang='lat'><strong>3</strong></span> <span class='ocrx_word' id='word_1_259' title='bbox 613 3795 866 3850; x_wconf 85' lang='lat' dir='ltr'><strong>sed—est</strong></span> <span class='ocrx_word' id='word_1_260' title='bbox 901 3812 944 3850; x_wconf 83' lang='lat'><strong>8.</strong></span> <span class='ocrx_word' id='word_1_261' title='bbox 983 3797 1018 3850; x_wconf 85' lang='lat' dir='ltr'><strong>l.</strong></span> <span class='ocrx_word' id='word_1_262' title='bbox 1055 3812 1124 3849; x_wconf 85' lang='lat' dir='ltr'><strong>m.</strong></span> <span class='ocrx_word' id='word_1_263' title='bbox 1161 3813 1264 3850; x_wconf 81' lang='lat' dir='ltr'><strong>rec.</strong></span> <span class='ocrx_word' id='word_1_264' title='bbox 1309 3795 1356 3852; x_wconf 84' lang='lat'><em>0</em></span> <span class='ocrx_word' id='word_1_265' title='bbox 1488 3797 1521 3849; x_wconf 88' lang='lat'>8</span> <span class='ocrx_word' id='word_1_266' title='bbox 1559 3795 1818 3851; x_wconf 83' lang='lat' dir='ltr'><strong>debuerat</strong></span> <span class='ocrx_word' id='word_1_267' title='bbox 1862 3795 1910 3850; x_wconf 81' lang='lat'><em>0</em></span> <span class='ocrx_word' id='word_1_268' title='bbox 1942 3795 2244 3850; x_wconf 88' lang='lat' dir='ltr'><strong>debuerunt</strong></span> <span class='ocrx_word' id='word_1_269' title='bbox 2281 3797 2311 3850; x_wconf 76' lang='lat' dir='ltr'><strong>b</strong></span> <span class='ocrx_word' id='word_1_270' title='bbox 2448 3799 2481 3850; x_wconf 87' lang='grc'><strong>9</strong></span> <span class='ocrx_word' id='word_1_271' title='bbox 2520 3797 2695 3850; x_wconf 78' lang='lat' dir='ltr'><strong>ueteri</strong></span> <span class='ocrx_word' id='word_1_272' title='bbox 2736 3797 2769 3849; x_wconf 78' lang='lat' dir='ltr'><strong>b</strong></span> 
     </span>
    </p>
   </div>
   <div class='ocr_carea' id='block_1_5' title="bbox 463 3871 2771 4408">
    <p class='ocr_par' dir='ltr' id='par_1_7' title="bbox 463 3871 2771 4408">
     <span class='ocr_line' id='line_1_31' title="bbox 475 3871 2767 3982; baseline 0 -19"><span class='ocrx_word' id='word_1_273' title='bbox 475 3910 541 3963; x_wconf 92' lang='lat'><strong>10</strong></span> <span class='ocrx_word' id='word_1_274' title='bbox 575 3909 877 3964; x_wconf 72' lang='lat' dir='ltr'><strong>manfiosae</strong></span> <span class='ocrx_word' id='word_1_275' title='bbox 914 3912 968 3966; x_wconf 87' lang='lat' dir='ltr'><strong><em>L</em></strong></span> <span class='ocrx_word' id='word_1_276' title='bbox 1077 3878 1149 3982; x_wconf 64' lang='lat' dir='ltr'><strong>{a</strong></span> <span class='ocrx_word' id='word_1_277' title='bbox 1176 3871 1243 3961; x_wconf 65' lang='lat'><strong>1¹77</strong></span> <span class='ocrx_word' id='word_1_278' title='bbox 1281 3911 1440 3980; x_wconf 77' lang='lat' dir='ltr'><strong>(cm-r.</strong></span> <span class='ocrx_word' id='word_1_279' title='bbox 1461 3929 1530 3966; x_wconf 85' lang='lat' dir='ltr'><strong>m.</strong></span> <span class='ocrx_word' id='word_1_280' title='bbox 1552 3912 1685 3977; x_wconf 79' lang='lat' dir='ltr'><strong>2)L</strong></span> <span class='ocrx_word' id='word_1_281' title='bbox 1786 3915 1847 3966; x_wconf 81' lang='lat' dir='ltr'><strong>ut</strong></span> <span class='ocrx_word' id='word_1_282' title='bbox 1874 3928 1978 3968; x_wconf 81' lang='lat' dir='ltr'><strong>om.</strong></span> <span class='ocrx_word' id='word_1_283' title='bbox 2007 3911 2265 3966; x_wconf 79' lang='lat' dir='ltr'><strong>PSGMb</strong></span> <span class='ocrx_word' id='word_1_284' title='bbox 2340 3910 2585 3966; x_wconf 75' lang='lat' dir='ltr'><strong>naemu</strong></span> <span class='ocrx_word' id='word_1_285' title='bbox 2607 3911 2767 3965; x_wconf 61' lang='lat' dir='ltr'><strong>ome,</strong></span> 
     </span>
     <span class='ocr_line' id='line_1_32' title="bbox 474 3998 2766 4070; baseline 0 -18"><span class='ocrx_word' id='word_1_286' title='bbox 474 3999 540 4052; x_wconf 82' lang='lat'><strong>12</strong></span> <span class='ocrx_word' id='word_1_287' title='bbox 577 3999 778 4069; x_wconf 69' lang='lat' dir='ltr'><strong>ueluts&#39;l</strong></span> <span class='ocrx_word' id='word_1_288' title='bbox 815 4016 989 4070; x_wconf 73' lang='lat' dir='ltr'><strong>escam</strong></span> <span class='ocrx_word' id='word_1_289' title='bbox 1029 3999 1074 4054; x_wconf 83' lang='lat' dir='ltr'><strong><em>G</em></strong></span> <span class='ocrx_word' id='word_1_290' title='bbox 1153 4003 1162 4011; x_wconf 87' lang='lat'>&#39;</span> <span class='ocrx_word' id='word_1_291' title='bbox 1255 4002 1322 4054; x_wconf 87' lang='grc'><strong>14</strong></span> <span class='ocrx_word' id='word_1_292' title='bbox 1379 4001 1702 4070; x_wconf 88' lang='lat' dir='ltr'><strong>euuangelio</strong></span> <span class='ocrx_word' id='word_1_293' title='bbox 1760 4004 1817 4068; x_wconf 91' lang='lat' dir='ltr'><strong>(u</strong></span> <span class='ocrx_word' id='word_1_294' title='bbox 1868 4017 1937 4054; x_wconf 85' lang='lat' dir='ltr'><strong>m.</strong></span> <span class='ocrx_word' id='word_1_295' title='bbox 1976 4004 2019 4054; x_wconf 79' lang='lat'><strong><em>2</em></strong></span> <span class='ocrx_word' id='word_1_296' title='bbox 2061 4006 2345 4070; x_wconf 72' lang='lat' dir='ltr'><strong>superscr.)</strong></span> <span class='ocrx_word' id='word_1_297' title='bbox 2386 3999 2431 4053; x_wconf 86' lang='lat' dir='ltr'><strong><em>C</em></strong></span> <span class='ocrx_word' id='word_1_298' title='bbox 2609 3998 2766 4054; x_wconf 83' lang='lat' dir='ltr'><strong>audit</strong></span> 
     </span>
     <span class='ocr_line' id='line_1_33' title="bbox 471 4087 2771 4162; baseline 0 -21"><span class='ocrx_word' id='word_1_299' title='bbox 471 4088 608 4142; x_wconf 86' lang='lat' dir='ltr'><strong>afide</strong></span> <span class='ocrx_word' id='word_1_300' title='bbox 664 4087 765 4143; x_wconf 75' lang='lat' dir='ltr'><strong>SG</strong></span> <span class='ocrx_word' id='word_1_301' title='bbox 963 4090 1030 4145; x_wconf 87' lang='lat'><strong>18</strong></span> <span class='ocrx_word' id='word_1_302' title='bbox 1083 4091 1191 4145; x_wconf 83' lang='lat' dir='ltr'><strong>ista</strong></span> <span class='ocrx_word' id='word_1_303' title='bbox 1245 4091 1298 4162; x_wconf 82' lang='lat' dir='ltr'><strong>(a</strong></span> <span class='ocrx_word' id='word_1_304' title='bbox 1354 4107 1488 4146; x_wconf 79' lang='lat' dir='ltr'><strong>corr.</strong></span> <span class='ocrx_word' id='word_1_305' title='bbox 1543 4107 1615 4145; x_wconf 85' lang='lat' dir='ltr'><strong>m.</strong></span> <span class='ocrx_word' id='word_1_306' title='bbox 1670 4094 1702 4144; x_wconf 89' lang='lat'><strong><em>1</em></strong></span> <span class='ocrx_word' id='word_1_307' title='bbox 1754 4107 1819 4144; x_wconf 79' lang='lat' dir='ltr'><strong>ex</strong></span> <span class='ocrx_word' id='word_1_308' title='bbox 1877 4101 1929 4158; x_wconf 90' lang='lat' dir='ltr'><strong>o)</strong></span> <span class='ocrx_word' id='word_1_309' title='bbox 1996 4090 2043 4144; x_wconf 82' lang='lat'><em>0</em></span> <span class='ocrx_word' id='word_1_310' title='bbox 2240 4091 2305 4144; x_wconf 88' lang='grc'><strong>19</strong></span> <span class='ocrx_word' id='word_1_311' title='bbox 2359 4087 2665 4160; x_wconf 82' lang='lat' dir='ltr'><strong>presciebat</strong></span> <span class='ocrx_word' id='word_1_312' title='bbox 2723 4087 2771 4142; x_wconf 87' lang='lat' dir='ltr'><strong><em>S</em></strong></span> 
     </span>
     <span class='ocr_line' id='line_1_34' title="bbox 471 4177 2765 4249; baseline 0 -19"><span class='ocrx_word' id='word_1_313' title='bbox 471 4178 539 4230; x_wconf 84' lang='lat'><strong>22</strong></span> <span class='ocrx_word' id='word_1_314' title='bbox 579 4177 878 4232; x_wconf 75' lang='lat' dir='ltr'><strong>similitudo</strong></span> <span class='ocrx_word' id='word_1_315' title='bbox 926 4180 988 4249; x_wconf 93' lang='lat' dir='ltr'><strong>(li</strong></span> <span class='ocrx_word' id='word_1_316' title='bbox 1026 4195 1069 4234; x_wconf 81' lang='lat' dir='ltr'><strong>s.</strong></span> <span class='ocrx_word' id='word_1_317' title='bbox 1109 4181 1144 4234; x_wconf 84' lang='lat' dir='ltr'><strong>l.</strong></span> <span class='ocrx_word' id='word_1_318' title='bbox 1194 4198 1232 4234; x_wconf 88' lang='lat' dir='ltr'><strong>a</strong></span> <span class='ocrx_word' id='word_1_319' title='bbox 1281 4197 1350 4234; x_wconf 84' lang='lat' dir='ltr'><strong>m.</strong></span> <span class='ocrx_word' id='word_1_320' title='bbox 1395 4183 1445 4246; x_wconf 88' lang='lat'><strong>1)</strong></span> <span class='ocrx_word' id='word_1_321' title='bbox 1486 4178 1533 4233; x_wconf 86' lang='lat' dir='ltr'><strong><em>S</em></strong></span> <span class='ocrx_word' id='word_1_322' title='bbox 1719 4179 1789 4232; x_wconf 85' lang='lat'><strong>24</strong></span> <span class='ocrx_word' id='word_1_323' title='bbox 1828 4182 1912 4233; x_wconf 89' lang='lat' dir='ltr'><strong>est</strong></span> <span class='ocrx_word' id='word_1_324' title='bbox 1947 4197 2137 4234; x_wconf 88' lang='lat' dir='ltr'><strong>uerum</strong></span> <span class='ocrx_word' id='word_1_325' title='bbox 2172 4179 2352 4234; x_wconf 87' lang='lat' dir='ltr'><strong>lumen</strong></span> <span class='ocrx_word' id='word_1_326' title='bbox 2390 4177 2492 4233; x_wconf 77' lang='lat' dir='ltr'><strong>SG</strong></span> <span class='ocrx_word' id='word_1_327' title='bbox 2528 4194 2641 4234; x_wconf 85' lang='lat' dir='ltr'><strong>uer.</strong></span> <span class='ocrx_word' id='word_1_328' title='bbox 2680 4181 2765 4230; x_wconf 84' lang='lat' dir='ltr'><strong>est</strong></span> 
     </span>
     <span class='ocr_line' id='line_1_35' title="bbox 463 4264 2763 4338; baseline -0 -19"><span class='ocrx_word' id='word_1_329' title='bbox 463 4264 593 4320; x_wconf 91' lang='lat' dir='ltr'><strong>lum.</strong></span> <span class='ocrx_word' id='word_1_330' title='bbox 633 4266 702 4317; x_wconf 90' lang='lat' dir='ltr'><em>M</em></span> <span class='ocrx_word' id='word_1_331' title='bbox 813 4267 884 4320; x_wconf 84' lang='lat'><strong>25</strong></span> <span class='ocrx_word' id='word_1_332' title='bbox 923 4269 1060 4322; x_wconf 86' lang='lat' dir='ltr'><strong>hunc</strong></span> <span class='ocrx_word' id='word_1_333' title='bbox 1100 4271 1157 4331; x_wconf 85' lang='lat' dir='ltr'><strong>(n</strong></span> <span class='ocrx_word' id='word_1_334' title='bbox 1193 4283 1236 4322; x_wconf 80' lang='lat' dir='ltr'><strong>s.</strong></span> <span class='ocrx_word' id='word_1_335' title='bbox 1277 4269 1334 4336; x_wconf 81' lang='grc' dir='ltr'><strong>Ζ.)</strong></span> <span class='ocrx_word' id='word_1_336' title='bbox 1374 4267 1419 4320; x_wconf 69' lang='lat'><strong>(7</strong></span> <span class='ocrx_word' id='word_1_337' title='bbox 1552 4268 1623 4321; x_wconf 83' lang='lat'><strong>27</strong></span> <span class='ocrx_word' id='word_1_338' title='bbox 1654 4271 1709 4322; x_wconf 87' lang='lat' dir='ltr'><strong>et</strong></span> <span class='ocrx_word' id='word_1_339' title='bbox 1734 4285 1777 4322; x_wconf 80' lang='lat' dir='ltr'><strong>s.</strong></span> <span class='ocrx_word' id='word_1_340' title='bbox 1810 4269 1845 4322; x_wconf 81' lang='lat' dir='ltr'><strong>l.</strong></span> <span class='ocrx_word' id='word_1_341' title='bbox 1874 4285 1942 4322; x_wconf 86' lang='lat' dir='ltr'><strong>m.</strong></span> <span class='ocrx_word' id='word_1_342' title='bbox 1974 4271 2014 4322; x_wconf 80' lang='lat'><em>2</em></span> <span class='ocrx_word' id='word_1_343' title='bbox 2042 4267 2115 4322; x_wconf 85' lang='lat' dir='ltr'><strong><em>M</em></strong></span> <span class='ocrx_word' id='word_1_344' title='bbox 2252 4265 2677 4338; x_wconf 84' lang='lat' dir='ltr'><strong>repraehendere</strong></span> <span class='ocrx_word' id='word_1_345' title='bbox 2710 4265 2763 4318; x_wconf 89' lang='lat' dir='ltr'><em>L</em></span> 
     </span>
     <span class='ocr_line' id='line_1_36' title="bbox 471 4353 816 4408; baseline 0.003 -1"><span class='ocrx_word' id='word_1_346' title='bbox 471 4355 644 4408; x_wconf 86' lang='lat' dir='ltr'><strong>ueteri</strong></span> <span class='ocrx_word' id='word_1_347' title='bbox 688 4353 816 4408; x_wconf 67' lang='lat' dir='ltr'><strong>CLI»</strong></span> 
     </span>
    </p>
   </div>
  </div>
 </body>
</html>
