3159 4984
466 429 596 492 478
1154 426 1204 476 S.
1266 424 1543 477 Aureli
1600 424 2026 492 Augustini

466 623 697 695 taret,
767 618 960 700 quod
1030 636 1156 682 eos
1222 617 1418 680 nihil
1469 617 1545 680 in
1605 636 1684 682 os
1750 618 2043 681 intrans
2109 619 2524 700 pollueret,
2593 618 2771 699 quia

471 746 660 808 quae
711 727 796 790 de
839 744 961 791 ore
998 724 1499 807 inprudenter
1535 723 1976 807 procedunt,
2019 743 2102 789 ea
2141 725 2304 789 sola
2341 727 2538 803 sunt,
2580 743 2767 807 quae

465 834 820 916 polluant
856 831 1109 896 homin
1126 838 1293 895 em.“
1340 832 1496 895 haec
1532 831 1733 895 uerba
1767 834 1882 895 tua
1919 834 2071 896 sunt
2099 834 2277 897 tanto
2307 832 2768 916 inpudentiore⁹

466 942 701 1022 quanto
751 938 1060 1021 apertiore
1106 937 1436 1003 mendacio
1486 937 1860 1021 deprompta
1906 940 1973 1002 et
2019 957 2332 1020 expressa.
2380 939 2582 1021 primo
2623 938 2773 1021 quia

466 1046 820 1111 secundum
878 1044 1115 1113 Christi
1174 1044 1549 1109 sententiam
1611 1046 1669 1109 si
1725 1063 1799 1109 ea
1861 1045 2000 1110 sola
2059 1045 2362 1129 polluunt
2424 1045 2768 1121 hominem,
2828 1067 2852 1104 5

466 1172 625 1235 quae
671 1155 841 1217 mala
888 1173 961 1217 ex
1008 1171 1115 1217 ore
1162 1152 1533 1235 procedunt,
1574 1172 1688 1217 cur
1734 1155 1799 1215 et
1848 1151 2198 1235 discipulos
2239 1152 2478 1217 Christi
2523 1172 2647 1216 non
2697 1170 2772 1215 ea

468 1260 604 1324 sola
646 1260 1037 1343 polluerunt,
1086 1261 1162 1322 ut
1208 1278 1316 1324 eos
1364 1261 1690 1341 tamquam
1739 1259 1816 1323 ab
1861 1257 2186 1323 inmundis
2244 1258 2538 1323 carnibus
2599 1261 2772 1323 esset

462 1385 723 1430 necesse
770 1364 1136 1448 prohiberi?
1186 1383 1264 1429 an
1312 1365 1669 1429 saeculares
1715 1364 2006 1430 homines
2055 1383 2179 1429 non
2226 1364 2601 1448 polluuntur
2645 1363 2766 1437 his,

464 1492 625 1556 quae
668 1472 735 1536 in
784 1492 855 1537 os
902 1472 1161 1551 intrant,
1211 1472 1322 1537 sed
1371 1472 1493 1549 his,
1544 1490 1706 1553 quae
1754 1490 1826 1535 ex
1875 1490 1980 1536 ore
2030 1471 2309 1537 exeunt?
2365 1490 2515 1556 ergo
2563 1471 2769 1536 muni-

459 1580 655 1644 tiores
703 1581 856 1643 sunt
902 1578 1209 1643 aduersus
1258 1578 1705 1649 inmunditiam
1765 1598 1954 1660 quam
2011 1577 2234 1646 sancti.
2295 1579 2352 1643 si
2397 1581 2653 1644 sanctos
2703 1582 2768 1642 et
2806 1600 2855 1638 ιο

464 1704 555 1763 ea,
606 1703 765 1767 quae
803 1684 1059 1749 intrant.
1102 1688 1167 1749 et
1205 1704 1296 1761 ea,
1338 1703 1498 1766 quae
1537 1689 1785 1759 exeunt,
1824 1689 2098 1768 possunt
2132 1685 2478 1766 inquinare.
2529 1686 2767 1750 uellem

462 1794 677 1855 autem
714 1791 874 1855 mihi
909 1791 1021 1855 isti
1059 1791 1367 1856 dicerent:
1399 1791 1551 1874 quid
1588 1791 2014 1857 manducabat
2052 1794 2117 1856 et
2151 1792 2413 1856 bibebat
2451 1792 2765 1870 christus,

463 1898 573 1980 qui
616 1898 681 1962 in
732 1898 1171 1981 conparatione
1218 1894 1517 1963 Iohannis
1573 1918 1698 1964 non
1745 1898 2190 1963 manducantis
2237 1918 2440 1981 neque
2488 1898 2766 1963 bibentis

464 2023 533 2067 se
582 2004 738 2067 dixit
782 2004 1267 2068 manducantem
1318 2008 1383 2068 et
1427 2004 1748 2069 bibentem
1772 2009 1802 2069 ⁴?
1868 2024 2015 2069 cum
2073 2004 2236 2069 enim
2289 2009 2584 2089 argueret
2626 2024 2764 2090 per-

462 2109 837 2173 uersitatem
884 2109 1213 2174 hominum
1250 2110 1590 2193 utrobique
1631 2112 1980 2177 calumnias
2015 2111 2491 2194 inquirentium,
2530 2110 2764 2176 uenit.
2805 2134 2856 2169 2⁵

460 2215 688 2297 inquit,
738 2216 1113 2281 Iohannes
1168 2236 1309 2282 non
1366 2218 1830 2282 manducans
1887 2238 2126 2301 neque
2179 2218 2474 2291 bibens,
2533 2220 2607 2282 et
2662 2218 2760 2282 di-

462 2324 671 2385 cunt:
724 2322 1201 2387 daemonium
1249 2324 1503 2400 habet3
1551 2324 1770 2387 uenit
1816 2324 2036 2389 filius
2083 2324 2416 2389 hominis
2461 2324 2761 2389 mandu-

460 2444 637 2491 cans
686 2431 760 2491 et
805 2427 1095 2506 bibens,
1138 2431 1211 2492 et
1249 2429 1545 2494 dicunt:
1596 2448 1768 2495 ecce
1808 2431 2023 2496 homo
2062 2450 2290 2496 uorax
2330 2435 2404 2496 et
2440 2431 2758 2495 uinaria.

460 2534 747 2599 amicus
785 2535 1367 2617 publicanorum
1407 2539 1482 2601 et
1516 2541 2018 2619 peccatorum.
2062 2542 2125 2602 et
2163 2538 2462 2603 Iohannis
2502 2538 2758 2621 quidem

461 2658 673 2705 escam
724 2660 795 2705 ac
833 2646 1056 2725 potum
1092 2643 1431 2720 nouimus;
1480 2662 1605 2708 non
1645 2643 1812 2708 enim
1851 2644 2094 2709 dictum
2134 2648 2254 2720 est,
2294 2646 2464 2727 quod
2503 2644 2760 2710 omnino
2794 2668 2848 2705 το

458 2765 583 2811 non
631 2748 898 2825 biberet,
938 2750 1051 2813 sed
1089 2749 1259 2831 quod
1306 2750 1528 2814 uinum
1577 2754 1643 2814 et
1689 2750 1958 2815 siceram
2005 2770 2128 2815 non
2174 2752 2452 2816 biberet:
2501 2752 2762 2816 bibebat

457 2872 605 2937 ergo
656 2872 904 2937 aquam.
974 2854 1155 2919 cibus
1213 2858 1427 2919 autem
1485 2854 1624 2920 eius
1679 2874 1803 2921 non
1863 2856 2115 2921 omnino
2173 2856 2391 2921 nullus
2441 2860 2594 2935 erat,
2645 2856 2760 2921 sed

451 2960 740 3024 locustae
781 2963 847 3025 et
882 2962 1012 3024 mel
1051 2960 1368 3027 siluestre.
1417 2962 1583 3025 unde
1626 2980 1775 3045 ergo
1822 2962 2036 3027 dictus
2085 2966 2184 3027 est
2238 2984 2414 3040 „non
2460 2962 2758 3027 mandu-

455 3084 633 3130 cans
680 3086 923 3149 neque
970 3066 1303 3140 bibens,“
1369 3068 1491 3132 nisi
1547 3068 1697 3150 quia
1749 3068 1863 3133 illo
1919 3068 2121 3135 uictu.
2179 3088 2303 3152 quo
2351 3069 2572 3134 Iudaei
2618 3074 2757 3135 ute-

449 3172 697 3239 bantur.
758 3173 864 3236 ille
922 3193 1043 3238 non
1104 3173 1453 3240 utebatur?
1517 3175 1638 3239 hoc
1697 3194 1845 3259 ergo
1905 3175 2197 3240 dominus
2263 3176 2384 3241 nisi
2447 3179 2754 3253 uteretur,
2792 3196 2844 3235 ar»

630 3434 696 3486 15
732 3432 930 3487 Matth.
973 3434 1055 3497 11,
1096 3436 1164 3488 18
1202 3452 1281 3505 sq.
1394 3437 1459 3489 21
1502 3436 1566 3491 cf.
1609 3438 1737 3491 Luc.
1780 3439 1827 3493 1.
1872 3438 1936 3490 15
2047 3436 2118 3490 23
2157 3438 2222 3492 cf.
2261 3439 2459 3492 Matth.
2499 3439 2551 3501 3,
2590 3441 2626 3491 4

523 3600 546 3651 1
592 3600 705 3667 eos]
746 3616 835 3653 eos
875 3602 921 3666 (s
958 3618 1002 3655 s.
1043 3602 1100 3671 l.)
1140 3602 1189 3657 S
1344 3605 1401 3657 in
1442 3606 1510 3671 (8.
1551 3604 1586 3660 1.
1629 3622 1666 3657 a
1702 3622 1773 3659 m.
1808 3609 1865 3673 1)
1904 3605 1957 3658 L
2123 3624 2213 3663 *os
2255 3611 2304 3675 (e
2346 3611 2438 3675 er.)
2475 3608 2530 3661 L
2567 3624 2659 3662 eos
2701 3612 2752 3675 (e

444 3688 508 3739 in
540 3688 677 3754 rae.)
717 3688 773 3740 P
950 3691 983 3742 2
1021 3690 1365 3761 impudenter
1401 3694 1433 3747 b
1615 3693 1908 3764 procedent
1951 3696 1997 3749 C
2175 3696 2207 3749 3
2256 3695 2664 3766 inprudentiore
2711 3696 2759 3750 0

447 3774 852 3845 inprudentiore
891 3777 1169 3835 LPSMG
1348 3782 1383 3834 4
1426 3781 1702 3835 mendatio
1745 3781 1898 3837 ΘΒΜ
2044 3783 2364 3855 deprompta
2411 3798 2466 3856 (p
2515 3804 2559 3842 s,
2601 3787 2660 3856 l.)
2710 3788 2754 3838 G

444 3892 506 3943 ul
544 3906 789 3960 expressa
826 3893 997 3962 primo
1037 3895 1141 3965 (ita
1177 3896 1369 3963 iunct.)
1408 3897 1439 3949 b
1623 3864 1731 3967 quia
1773 3899 1820 3952 S
2007 3900 2039 3952 6
2087 3916 2226 3969 quur
2262 3900 2315 3953 L
2493 3900 2750 3972 discipuli

448 3984 587 4049 (sup.
618 3979 638 4052 i
668 3998 706 4035 a
732 3999 801 4038 m.
836 3984 860 4035 1
896 3982 975 4049 os)
1004 3982 1057 4035 L
1168 3985 1200 4036 9
1228 3985 1538 4039 mundiores
1569 3985 1719 4051 GLb,
1759 3988 1842 4053 (in
1879 4004 2047 4062 mam.
2085 4005 2153 4040 m.
2192 4005 2294 4043 rec.
2333 3990 2676 4058 munitiores)
2709 3992 2753 4044 (¹

443 4071 512 4123 10
547 4070 929 4126 inmundiciam
977 4071 1021 4125 G
1168 4074 1228 4127 11
1284 4076 1341 4127 et
1386 4090 1450 4128 ea
1497 4090 1635 4143 quae
1696 4078 1892 4129 exeunt
1941 4092 2044 4131 om.
2089 4076 2138 4129 0
2281 4078 2345 4130 16
2383 4078 2636 4132 iohannis
2673 4078 2748 4133 1²¹

448 4161 508 4211 17
568 4159 877 4214 demonium
922 4160 969 4214 Ο
1144 4162 1213 4215 18
1269 4178 1430 4216 uei-ax
1480 4162 1527 4218 S
1655 4192 1662 4199 ·
1750 4165 1960 4219 uinaria
1996 4165 2203 4219 LPMb
2259 4167 2500 4221 uinarius
2553 4166 2748 4223 CS²G²

444 4248 511 4300 19
546 4248 805 4303 iohannes
843 4249 1045 4304 L¹S¹G
1152 4251 1223 4303 20
1260 4266 1470 4305 aescam
1509 4252 1562 4305 L
1699 4256 1782 4322 ac]
1821 4256 1877 4307 et
1913 4252 2086 4308 SMG·
2195 4256 2258 4308 21
2304 4255 2448 4326 quod
2487 4258 2554 4322 (ε.
2597 4258 2661 4323 l.)
2705 4257 2752 4312 S

440 4336 509 4387 23
548 4337 795 4407 siluestre
836 4338 913 4393 δ’ὁ
950 4338 1234 4393 siluestrae
1276 4339 1386 4395 LG
1532 4341 1736 4396 dictum
1765 4342 1818 4395 L
1925 4345 1994 4397 24
2033 4344 2177 4413 quod
2205 4344 2280 4397 L¹
