3159 4984
1054 434 1145 487 VI.
1206 433 1496 489 Contra
1543 433 1911 488 Faustum
1970 434 2099 488 lib.
2158 432 2280 486 XII.
2685 438 2813 501 343

514 634 755 696 tantam
818 629 1277 713 blasphemiam
1352 629 1649 694 caderent
1709 629 1990 713 putando
2058 648 2126 693 se
2189 648 2329 694 esse
2395 632 2684 694 naturam
2751 633 2814 695 et

517 737 937 803 substantiam
1005 735 1126 803 dei.
1193 736 1305 801 sed
1349 735 1492 800 ideo
1540 756 1663 801 non
1729 738 2020 819 possunt,
2069 736 2220 819 quia
2263 755 2386 800 non
2435 736 2808 817 quiescunt;

516 846 850 911 sabbatum
916 843 1083 908 enim
1150 842 1356 908 cordis
1421 860 1545 907 non
1611 842 2021 926 intellegunt..
2079 860 2224 906 nam
2291 840 2348 907 si
2393 842 2810 925 quiescerent,

516 954 685 1017 sicut
729 952 970 1017 dictum
1020 953 1117 1015 est
1162 949 1240 1013 ad
1290 948 1463 1026 Cain,
1501 952 1836 1032 peccatum
1875 968 2066 1013 suum
2113 948 2191 1012 ad
2239 968 2306 1013 se
2355 952 2810 1026 conuerterent,

450 1080 476 1119 5
514 1059 580 1122 id
628 1062 727 1123 est
774 1057 896 1123 sibi
941 1058 1312 1133 tribuerent,
1361 1075 1482 1121 non
1522 1056 1699 1139 genti
1743 1054 1958 1120 nescio
2008 1054 2110 1119 cui
2155 1055 2576 1131 tenebrarum,
2617 1057 2808 1138 atque

515 1166 607 1229 ita
650 1184 761 1249 per
806 1163 1075 1248 gratiam
1143 1163 1243 1227 dei
1301 1161 1505 1227 eidem
1570 1165 1833 1246 peccato
1901 1161 2388 1226 dominarentur.
2448 1179 2614 1225 nunc
2660 1180 2810 1226 uero

517 1276 580 1337 et
622 1271 748 1355 ipsi
796 1273 860 1335 et
908 1266 1147 1349 01111100,
1189 1270 1300 1351 qui
1348 1268 1618 1333 diuersis
1658 1268 1972 1334 erroribus
2011 1269 2415 1333 contumaces
2462 1268 2810 1333 resistendo

519 1378 770 1443 ueritati
847 1380 1075 1441 exeunt
1122 1376 1362 1441 a·facie
1440 1376 1559 1452 dei,
1630 1376 1799 1440 sicut
1856 1374 2028 1453 Cain,
2079 1374 2248 1439 sicut
2292 1374 2512 1439 Iudaei
2557 1375 2807 1458 perditi,

518 1484 804 1549 habitant
845 1485 911 1548 in
958 1486 1125 1548 terra
1173 1483 1640 1559 commotionis,
1689 1482 1755 1546 id
1805 1485 1904 1547 est
1946 1482 2012 1546 in
2059 1482 2552 1566 perturbatione,
2579 1482 2811 1546 carnali

430 1609 483 1648 ιο
520 1594 733 1656 contra
777 1590 1236 1655 iucunditatem
1300 1589 1421 1667 dei,
1470 1588 1592 1654 hoc
1641 1591 1740 1655 est
1787 1591 2006 1655 contra
2050 1589 2246 1667 Eden,
2296 1588 2466 1673 quod
2512 1588 2810 1672 interpre-

516 1700 730 1762 tantur
790 1698 1235 1781 epulationem,
1293 1696 1404 1760 ubi
1461 1698 1561 1761 est
1613 1697 1940 1779 plantatus
1985 1696 2338 1779 paradisus,
2416 1696 2548 1759 iam
2603 1698 2812 1760 cetera

514 1823 712 1888 pauca
760 1804 835 1868 de
872 1803 1095 1869 multis
1131 1803 1537 1885 breuiterque
1573 1802 2016 1887 perstringam,
2050 1822 2127 1867 ne
2166 1802 2563 1886 propositum
2603 1803 2807 1885 operis

514 1911 702 1976 huius
768 1912 833 1975 et
896 1910 1328 1993 responsionis
1394 1928 1571 1973 meae
1637 1910 1835 1973 nimia
1897 1909 2294 1993 longitudine
2361 1910 2668 1976 sermonis
2715 1910 2810 1974 in-

514 2017 782 2098 pediam.

428 2144 479 2181 15
608 2126 709 2190 14.
761 2120 965 2201 Quem
1012 2123 1177 2187 enim
1236 2142 1359 2187 non
1423 2125 1682 2187 moueat
1729 2121 1808 2186 ad
1855 2121 2282 2206 quaerendum
2332 2125 2397 2186 et
2440 2122 2809 2206 intellegen-

516 2230 667 2294 dum
713 2230 1037 2295 Christum
1100 2229 1163 2294 in
1230 2229 1359 2293 illis
1428 2228 1632 2305 libris,
1699 2231 1775 2292 ut
1821 2247 1895 2292 ea
1942 2228 2252 2306 omittam,
2303 2247 2466 2312 quae
2513 2228 2807 2311 quamuis

513 2342 689 2403 tanto
740 2338 1003 2402 suauius
1052 2336 1576 2415 contemplentur,
1626 2338 1862 2419 quanto
1912 2354 1983 2400 ex
2032 2335 2602 2401 absconditioribus
2648 2334 2808 2401 locis

515 2446 941 2521 enucleantur,
1008 2446 1219 2507 tamen
1286 2442 1545 2526 exigunt
1607 2442 2030 2526 prolixitatem
2106 2442 2591 2520 dissertationis,
2660 2442 2808 2524 quia

513 2551 799 2634 pluribus
875 2549 1409 2615 adtestationibus
1482 2549 1790 2633 indigent,
1867 2552 1942 2613 ut
2017 2550 2308 2614 omittam
2393 2568 2540 2633 ergo
2613 2549 2804 2613 talia:

426 2676 479 2717 no
514 2676 704 2739 quem
750 2676 872 2723 non
918 2659 1178 2721 moueat
1242 2656 1320 2720 ad
1370 2656 1690 2721 salubrem
1746 2655 1958 2733 fidem,
2010 2655 2180 2738 quod
2233 2655 2451 2720 Enoch
2500 2656 2804 2738 septimus

514 2764 589 2829 ab
636 2763 839 2827 Adam
887 2763 1003 2829 deo
1059 2763 1303 2846 placuit
1367 2766 1432 2827 et
1494 2764 1840 2829 translatus
1907 2767 2043 2828 est:
2112 2767 2178 2828 et
2241 2762 2512 2847 septima
2554 2761 2804 2843 requies

511 2870 924 2953 praedicatur,
990 2870 1070 2934 ad
1136 2888 1329 2953 quam
1390 2869 1769 2935 transfertur
1815 2870 2039 2947 omnis,
2099 2870 2209 2954 qui
2254 2872 2582 2951 tamquam
2630 2870 2804 2934 sexto

514 2976 615 3040 die
663 2978 839 3041 sexta
885 2979 1092 3041 aetate
1161 2976 1401 3041 saeculi
1449 2975 1688 3042 Christi
1736 2976 2013 3042 aduentu
2061 2976 2409 3043 formatur?
2453 2974 2621 3058 quod
2667 2974 2804 3039 Noe

514 3102 659 3147 cum
693 3085 826 3149 suis
872 3104 985 3167 per
1030 3103 1261 3165 aquam
1300 3087 1365 3147 et
1400 3083 1647 3167 lignum
1693 3084 2027 3149 liberatur:
2077 3083 2246 3149 sicut
2289 3081 2532 3145 familia
2569 3080 2806 3146 Christi

429 3210 479 3247 2⁵
510 3208 620 3273 per
664 3191 1049 3274 baptismum
1080 3190 1285 3255 crucis
1331 3190 1627 3273 passione
1675 3190 2017 3273 signatum.
2079 3190 2250 3272 quod
2297 3189 2373 3253 de
2419 3187 2611 3273 lignis
2651 3206 2803 3269 qua-

513 3296 705 3360 dratis
774 3300 989 3361 eadem
1055 3314 1198 3361 arca
1261 3295 1631 3361 fabricatur:
1702 3296 1870 3361 sicut
1935 3294 2206 3360 ecclesia
2251 3294 2328 3359 de
2375 3294 2614 3359 sanctis
2660 3312 2804 3360 con·

691 3548 757 3602 10
804 3548 869 3601 ef.
918 3546 1050 3602 Gen.
1099 3549 1149 3611 4,
1202 3548 1267 3601 16
1448 3548 1509 3601 21
1566 3548 1632 3602 cs.
1683 3546 1816 3602 Gen.
1867 3550 1916 3612 5,
1967 3549 2036 3601 24
2218 3548 2288 3601 24
2337 3547 2404 3601 cf.
2453 3544 2586 3601 Gen.
2637 3546 2684 3610 7,
2731 3546 2800 3600 23

599 3744 627 3795 1
702 3747 895 3797 natura
967 3745 1273 3799 substantia
1330 3746 1360 3799 b
1586 3744 1620 3798 8
1695 3742 1842 3797 iudei
1905 3742 1953 3797 Ο
2167 3742 2230 3797 10
2302 3738 2692 3795 inconditatem
2748 3738 2800 3791 L

511 3830 644 3886 eden
678 3830 876 3887 &826²
912 3832 1099 3888 aedem
1128 3834 1179 3886 L
1218 3834 1354 3905 eden
1382 3834 1454 3888 M
1487 3832 1625 3887 eden
1667 3834 1722 3900 (n
1761 3847 1828 3885 ex
1865 3831 1939 3901 m)
1970 3831 2025 3885 P
2059 3830 2247 3885 eodem
2275 3828 2425 3884 8¹6¹
2631 3828 2796 3882 inter-

506 3923 749 3990 pretatur
785 3922 1148 3991 epulationem
1201 3920 1381 3976 LOM
1417 3921 1810 3992 interpretatur
1857 3920 2097 3991 epulatio
2137 3920 2168 3973 b
2319 3921 2380 3972 11
2424 3916 2718 3989 paradysus
2757 3915 2804 3970 S

508 4012 575 4063 15
612 4009 943 4079 querendum
978 4010 1027 4065 0
1133 4012 1197 4064 16
1236 4010 1318 4081 00]
1359 4026 1475 4064 00111
1504 4008 1730 4065 L¹S¹G¹
1842 4010 1909 4063 17
1949 4010 2441 4080 contempler-entur
2469 4007 2526 4071 S,
2567 4006 2657 4075 (in
2691 4022 2793 4076 my.

505 4114 574 4151 m.
610 4114 715 4152 rec.
750 4097 777 4150 Χ
813 4098 1259 4169 coplecterentur)
1294 4098 1347 4153 (ἴτ’
1374 4099 1806 4169 contemplentvr
1835 4102 1890 4169 (v
1929 4114 2050 4169 sup.
2091 4116 2119 4153 e
2161 4115 2198 4152 a
2232 4114 2301 4151 m.
2345 4099 2396 4165 1)
2429 4097 2499 4150 Μ
2678 4094 2799 4149 abs·

509 4186 924 4257 conditioribus]
978 4186 1339 4242 abditioribus
1405 4186 1652 4242 SMG²G
1861 4188 1930 4241 20
1995 4204 2134 4258 quae
2189 4185 2389 4242 LS¹G¹
2613 4200 2799 4238 moue·

507 4277 603 4329 ant
656 4274 947 4331 LGPGSb
1137 4292 1267 4330 enoc
1329 4275 1377 4330 0
1578 4276 1649 4330 24
1701 4276 1966 4331 liberatur
2022 4275 2182 4341 (liber
2233 4292 2276 4330 8.
2335 4276 2370 4329 l.
2428 4292 2466 4329 a
2519 4290 2588 4329 m.
2644 4273 2699 4342 2)
2757 4272 2804 4327 S

507 4364 575 4417 25
612 4365 917 4435 passionem
954 4364 1007 4420 L
1151 4366 1398 4435 signatur
1435 4366 1466 4419 b
1576 4364 1646 4418 26
1685 4365 1847 4420 archa
1883 4364 1930 4420 S
2017 4352 2020 4355 ⁴
