3159 4984
462 436 593 498 328
1178 432 1234 489 S.
1293 431 1566 485 Aureli
1621 429 2059 499 Augustini

466 624 595 689 sed
640 625 714 689 in
764 624 1076 707 spiritu;
1125 622 1190 687 id
1240 625 1375 701 est:
1426 621 1535 705 qui
1578 621 1645 684 in
1693 639 1804 703 spe
1853 620 2198 684 carnalium
2241 622 2552 686 bonorum
2591 627 2757 699 sunt,

466 729 581 796 deo
638 730 885 814 placere
931 749 1055 795 non
1102 732 1409 812 possunt3
1479 747 1597 793 uos
1647 730 1861 792 autem
1906 748 2029 793 non
2079 728 2232 793 estis
2279 728 2342 793 in
2391 748 2504 812 spe
2552 748 2759 794 carna-

461 837 640 915 lium,
709 837 821 902 sed
876 837 941 901 in
1000 856 1112 920 spe
1171 836 1574 920 spiritalium,
1631 835 1698 900 id
1755 837 1855 900 est
1907 835 2083 919 regni
2141 836 2480 915 caelorum,
2537 837 2648 901 ubi
2696 840 2760 901 et

459 944 671 1027 ipsum
728 962 954 1023 corpus
1010 964 1123 1027 per
1177 944 1355 1008 illam
1413 943 1832 1007 mutationem
1885 942 1950 1006 in
2009 961 2122 1008 suo
2190 942 2464 1025 quodam
2530 962 2756 1027 genere

462 1050 743 1133 spiritale
794 1051 929 1133 erit,
979 1050 1147 1133 quod
1195 1050 1383 1115 modo
1432 1049 1702 1114 animale
1753 1053 1870 1114 est.
1930 1050 2348 1114 seminatur
2395 1049 2558 1114 enim
2609 1069 2757 1116 cor-
2817 1069 2844 1107 5

456 1176 595 1241 pus
663 1157 1015 1235 animale,
1086 1157 1255 1221 sicut
1329 1156 1408 1220 ad
1475 1155 1836 1222 Corinthios
1909 1156 2078 1221 idem
2154 1156 2337 1235 dicit,
2403 1160 2757 1240 resurget

457 1284 731 1349 corpus
781 1264 1155 1347 spiritale.
1224 1262 1279 1327 si
1336 1282 1484 1347 ergo
1543 1262 1858 1326 neminem
1916 1282 2132 1328 eorum
2177 1262 2306 1327 iam
2351 1266 2615 1329 nouerat
2661 1283 2754 1328 se-

459 1372 733 1437 cundum
784 1390 1033 1436 carnem
1082 1369 1429 1452 apostolus,
1481 1369 1588 1452 qui
1635 1371 1966 1452 propterea
2011 1368 2381 1434 dicebantur
2435 1390 2556 1435 non
2613 1389 2753 1435 esse

457 1482 521 1545 in
580 1497 784 1554 carne,
844 1477 992 1559 quia
1046 1496 1168 1541 non
1227 1479 1403 1541 erant
1454 1476 1518 1539 in
1586 1494 1696 1556 spe
1761 1494 1972 1540 rerum
2037 1475 2402 1552 carnalium,
2460 1477 2752 1559 quamuis

460 1587 665 1651 adhuc
731 1584 1205 1667 corruptibilem
1272 1601 1520 1648 carnem
1589 1582 2045 1664 mortalemque
2109 1585 2451 1664 portarent,
2519 1587 2843 1665 quantem

460 1693 815 1777 expressius
881 1691 958 1755 de
1025 1690 1275 1755 Christo
1343 1690 1599 1765 diceret,
1666 1687 1834 1771 quod
1900 1707 2043 1752 eum
2109 1688 2236 1751 iam
2301 1708 2423 1754 non
2489 1694 2753 1755 nouerat

462 1798 811 1863 secundum
878 1816 1147 1873 carnem,
1202 1796 1267 1859 in
1326 1794 1509 1859 cuius
1567 1813 1824 1878 corpore
1882 1794 2074 1859 etiam
2128 1813 2194 1858 re
2249 1794 2390 1877 ipsa
2441 1794 2570 1858 iam
2614 1814 2748 1878 per-

457 1905 697 1969 fectum
763 1905 915 1980 erat,
984 1902 1152 1985 quod
1207 1902 1304 1965 illi
1358 1902 1423 1966 in
1482 1920 1594 1985 spe
1659 1900 2043 1984 promissum
2109 1901 2448 1965 tenebant!
2515 1904 2749 1983 quanto

460 2030 607 2096 ergo
681 2010 941 2085 melius,
1018 2010 1251 2092 quanto
1326 2007 1688 2092 religiosius
1754 2006 2003 2070 diuinae
2070 2006 2414 2089 scripturae
2477 2007 2569 2071 ita
2611 2026 2750 2090 per·

450 2119 819 2193 tractantur,
866 2117 942 2180 ut
988 2114 1294 2179 discussis
1344 2115 1635 2179 omnibus
1685 2113 2058 2180 concordare
2093 2114 2516 2192 inueniantur,
2557 2134 2742 2197 quam
2788 2127 2841 2168 1⁵

454 2222 783 2287 deficiente
850 2221 1104 2287 homine
1168 2220 1234 2284 in
1301 2221 1699 2304 quaestione,
1768 2239 1955 2304 quam
2021 2223 2268 2286 soluere
2332 2241 2456 2286 non
2513 2224 2744 2305 potest,

449 2332 773 2411 tamquam
830 2346 1017 2392 uerae
1074 2327 1140 2391 in
1198 2330 1375 2409 parte
1434 2330 1841 2411 acceptentur
1920 2331 1985 2391 et
2037 2330 2363 2409 tamquam
2427 2328 2625 2393 falsae
2679 2327 2744 2390 in

450 2438 627 2519 parte
667 2435 1075 2499 damnentur!
1126 2434 1275 2515 quia
1322 2436 1387 2497 et
1432 2452 1576 2498 cum
1627 2437 1798 2499 esset
1841 2435 2146 2518 paruulus
2185 2435 2512 2517 apostolus
2551 2437 2615 2499 et
2653 2452 2744 2512 ea,

453 2561 611 2625 quae
658 2541 909 2625 paruuli
956 2543 1152 2619 erant,
1202 2544 1469 2624 saperet,
1520 2560 1898 2623 quamquam
1953 2541 2074 2607 hoc
2131 2541 2210 2605 ad
2265 2540 2746 2617 similitudinem

452 2649 692 2725 dixerit,
759 2648 1042 2713 nondum
1110 2650 1242 2712 erat
1296 2650 1508 2712 tamen
1568 2648 1894 2731 spiritalis,
1953 2647 2158 2730 qualis
2212 2648 2342 2711 iam
2399 2651 2550 2726 erat,
2599 2666 2744 2711 cum
2781 2661 2836 2700 20

452 2756 774 2834 scriberet,
834 2774 992 2839 quae
1051 2754 1127 2818 ad
1187 2754 1598 2820 ecclesiarum
1654 2754 2154 2821 aedificationem
2207 2772 2330 2821 non
2377 2753 2744 2837 proficiendi

450 2860 890 2926 exercitatione
936 2860 1002 2924 in
1052 2859 1485 2925 studiosorum
1531 2860 1824 2925 manibus
1870 2864 2292 2937 uersarentur,
2351 2860 2462 2925 sed
2506 2860 2742 2943 praeci-

444 2967 658 3050 piendi
706 2966 1081 3032 auctoritate
1127 2966 1191 3029 in
1242 2966 1675 3031 ecclesiastico
1723 2986 1958 3032 canone
2003 2968 2380 3052 legerentur.

1216 3174 1435 3230 LIBER
1470 3172 1961 3231 DUODECIMUS.

539 3267 596 3330 1.
662 3266 989 3336 FAUSTUS
1039 3265 1228 3330 dixit:
1282 3264 1409 3331 Cur
1453 3284 1577 3330 non
1625 3265 1912 3349 accipitis
1965 3266 2307 3351 prophetas
2327 3270 2358 3331 P
2413 3268 2609 3333 immo
2665 3272 2735 3331 tu
2775 3299 2829 3339 25

443 3371 544 3436 dic
588 3372 827 3455 potius,
872 3372 929 3437 si
974 3372 1127 3455 quid
1181 3372 1398 3450 habes,
1458 3390 1571 3435 cur
1627 3370 1970 3437 debeamus
2028 3374 2370 3456 prophetas
2431 3376 2731 3458 accipere.

619 3531 651 3582 5
690 3530 717 3579 1
755 3526 873 3582 Cor.
916 3528 999 3591 15,
1038 3530 1109 3581 44
1219 3529 1285 3581 19
1326 3526 1392 3581 cf.
1431 3529 1457 3577 1
1496 3526 1616 3582 Cor.
1658 3528 1740 3592 13,
1783 3526 1846 3581 11

512 3636 538 3688 1
590 3637 670 3705 (et
722 3634 777 3704 3)
833 3640 919 3689 est
972 3636 1047 3713 (st
1100 3651 1171 3687 m.
1220 3636 1254 3687 2
1305 3632 1458 3704 add.)
1512 3632 1567 3687 L
1710 3636 1745 3688 3
1801 3635 2034 3689 celorum
2099 3634 2190 3689 OS
2332 3638 2363 3690 5
2420 3654 2524 3707 quo
2583 3636 2732 3693 816¹

436 3724 470 3777 6
506 3726 789 3793 resureget
829 3723 877 3777 0
1016 3724 1049 3777 9
1088 3726 1204 3777 erat
1242 3721 1389 3777 S¹G¹
1500 3721 1569 3777 10
1609 3723 2012 3793 corruptibilem
2059 3724 2109 3795 (c
2141 3741 2170 3778 s
2229 3724 2264 3777 l.
2305 3724 2437 3779 add.
2475 3743 2544 3780 m.
2587 3728 2638 3785 1)
2679 3726 2732 3779 L

438 3813 503 3867 11
552 3813 867 3883 expraessius
911 3812 965 3866 L
1095 3814 1161 3866 14
1207 3811 1393 3866 diuine
1445 3810 1493 3865 0
1649 3812 1911 3883 scripture
1964 3812 2013 3867 0
2138 3814 2201 3869 16
2249 3814 2534 3884 questione
2587 3816 2734 3871 CSG-

434 3902 500 3956 17
554 3916 682 3972 uere
740 3904 850 3973 (ere
901 3901 966 3955 in
1016 3904 1153 3967 ras.)
1190 3900 1244 3954 L
1279 3915 1405 3953 uere
1450 3898 1698 3955 GSGMb
1849 3902 2216 3973 acceptentur]
2261 3904 2596 3974 accipientur
2631 3904 2732 3959 SG

432 3988 570 4044 false
614 3988 691 4044 Cb
874 3989 942 4043 19
983 4004 1086 4058 que
1130 3986 1179 4041 0
1353 4003 1677 4056 quamquam
1715 3987 1789 4041 13¹
1971 3988 2041 4043 20
2077 3996 2112 4059 ζι
2148 3988 2345 4044 dixerit
2385 3990 2468 4063 (in
2509 3990 2644 4058 ras)
2688 3991 2738 4044 C

433 4078 495 4133 21
541 4077 799 4133 scriberet
838 4078 879 4147 (i
914 4093 958 4132 s.
998 4078 1035 4132 Ζ.
1074 4093 1113 4131 a
1146 4093 1217 4130 m.
1256 4076 1309 4143 2)
1357 4074 1406 4129 0
1550 4092 1654 4146 que
1697 4076 1747 4131 0
1887 4076 2279 4133 edificationem
2325 4080 2369 4134 0
2476 4081 2544 4133 22
2583 4098 2728 4134 exer-

434 4167 695 4239 citatione
732 4166 833 4222 SG
976 4164 1314 4237 precipiendi
1360 4163 1407 4218 G

502 4256 570 4309 25
625 4255 759 4325 Cap.
805 4256 1024 4310 XXIIII
1070 4254 1347 4310 LPSMG
1572 4255 1817 4326 accipitis
1865 4258 1929 4328 (ti
1973 4258 2036 4311 in
2083 4258 2218 4327 raa.)
2271 4258 2319 4311 O
2503 4260 2645 4313 inmo
2685 4260 2734 4314 S

428 4344 485 4396 in
531 4348 682 4397 motu
728 4345 810 4413 (in
855 4344 989 4415 ras.)
1041 4344 1092 4397 G
1238 4344 1306 4397 26
1346 4342 1480 4417 dicis
1526 4346 1668 4412 (ex-p.
1716 4362 1784 4399 m.
1825 4346 1879 4414 3)
1917 4346 1973 4399 P
