3159 4984
829 471 930 525 111.
970 470 1215 526 Contra
1252 470 1693 524 Fortunatam
1734 471 2139 540 disputatio,
2554 472 2639 534 93

328 664 737 739 fidentiae,
796 666 866 729 in
925 652 1197 749 quibus
1257 669 1516 731 etnos
1575 670 1649 729 et
1704 684 1959 729 omnes
2018 664 2425 747 aliquando
2476 684 2637 730 con-

327 774 634 837 uersati
685 792 941 839 sumus
996 773 1069 837 in
1128 772 1535 837 desideriis
1596 773 1843 836 carnis
1902 774 2205 837 nostrae
2261 771 2636 835 facientes

325 880 790 945 uoluntates
840 879 1338 945 consiliorum
1387 878 1655 948 carnis,
1706 885 1780 943 et
1826 898 2123 943 eramus
2171 878 2641 943 naturaliter

325 986 488 1051 filii
550 988 730 1061 irae,
791 987 995 1052 sicut
1051 990 1124 1050 et
1169 986 1426 1050 ceteri.
1487 984 1671 1051 deus
1730 988 1999 1054 autem.
2060 985 2187 1067 qui
2245 984 2462 1049 diues
2522 989 2638 1048 est

261 1092 402 1157 ⁵in
483 1094 687 1159 omni
761 1093 1318 1168 misericordia,
1389 1092 1753 1157 misertus
1832 1095 1949 1156 est
2012 1093 2252 1157 nobis.
2334 1096 2407 1155 et
2472 1110 2636 1157 cum

323 1201 620 1264 mortui
651 1218 988 1265 essemus
1017 1200 1378 1282 peccatiS‚
1414 1199 2009 1265 conuiuificauit
2036 1217 2168 1264 nos
2199 1198 2273 1263 in
2307 1198 2633 1272 Christo,

325 1304 556 1369 cuius
609 1306 857 1389 gratia
901 1307 1094 1371 estis
1142 1307 1342 1372 salui
1387 1306 1605 1377 facti:
1665 1310 1739 1369 et
1795 1306 2025 1370 simul
2084 1305 2508 1371 suscitauit
2562 1310 2636 1370 et

325 1430 496 1475 cum
559 1431 646 1477 eo
705 1412 1125 1478 collocauit
1181 1414 1253 1477 in
1312 1413 1783 1477 caelestibus
1851 1431 2013 1477 cum
2072 1410 2379 1478 Christo
2438 1412 2633 1483 Iesu,

323 1522 412 1581 ut
481 1519 932 1584 ostenderet
1013 1520 1088 1583 in
1155 1519 1495 1589 saeculis
1572 1519 2303 1603 superuenientibus
2362 1529 2420 1579 et
2457 1528 2635 1578 cetera

241 1642 504 1701 musque
565 1632 638 1686 ad
688 1632 764 1693 id.
811 1632 956 1702 quod
1011 1634 1268 1703 scriptum
1325 1638 1411 1688 est
1463 1625 1951 1690 interficiens
2007 1626 2495 1691 inimicitiam
2560 1625 2632 1689 in

325 1735 586 1797 semet
645 1732 831 1816 ipso.
902 1736 976 1797 et
1039 1734 1356 1797 ueniens
1435 1733 2004 1817 euangelizauit
2067 1752 2323 1815 pacem
2388 1732 2630 1807 uobiS,

323 1840 456 1921 qui
507 1840 755 1923 longe,
810 1860 1068 1924 pacem
1124 1841 1242 1917 iis,
1303 1841 1428 1923 qui
1486 1859 1735 1924 prope.
1803 1842 2153 1922 quoniam
2208 1860 2336 1923 per
2381 1840 2631 1921 ipsum

323 1947 702 2011 habemus
750 1950 1066 2030 uterque
1114 1948 1186 2012 in
1233 1966 1378 2013 uno
1427 1947 1707 2030 spiritu
1757 1966 2147 2013 accessum
2186 1947 2276 2011 ad
2320 1950 2628 2029 patrem.

416 2053 602 2118 Aue.
652 2052 840 2118 dixit:
909 2054 1044 2118 Ista
1098 2054 1372 2137 apostoli
1424 2054 1637 2128 lecti0,
1688 2073 1877 2137 quam
1925 2054 2189 2117 recitare
2237 2052 2526 2121 uoluisti.
2575 2052 2631 2116 si

237 2177 286 2215 1⁵
322 2179 453 2226 non
521 2161 730 2235 fallor,
795 2180 906 2243 pro
964 2178 1108 2223 mea
1161 2160 1506 2242 plurimum
1574 2164 1639 2224 et
1704 2166 1923 2225 contra
1976 2165 2153 2224 tuam
2211 2159 2401 2223 fidem
2456 2158 2627 2223 facit.

323 2268 536 2350 primo
607 2266 756 2349 quia
814 2266 1026 2349 ipsum
1092 2266 1360 2331 liberum
1419 2267 1765 2338 arbitrium,
1816 2285 1939 2349 quo
1989 2286 2106 2350 ego
2164 2265 2291 2330 dixi
2344 2265 2499 2341 fieri,
2556 2269 2631 2328 ut

325 2375 546 2438 anima
592 2376 835 2457 peccet,
885 2373 1041 2437 satis
1088 2373 1192 2437 hic
1233 2392 1599 2457 expressum
1639 2376 1755 2441 est.
1798 2393 1943 2437 cum
1978 2375 2243 2457 peccata
2278 2372 2632 2438 nominauit

325 2484 392 2545 et
438 2499 592 2544 cum
631 2480 1206 2545 reconciliationem
1245 2484 1524 2546 nostram
1567 2480 1723 2543 dixit
1760 2480 1893 2544 fieri
1934 2500 2079 2545 cum
2110 2480 2227 2545 deo
2265 2500 2379 2563 per
2413 2479 2629 2544 Iesum

325 2586 687 2651 Christum.
734 2585 1052 2670 peccando
1101 2587 1270 2651 enim
1318 2588 1526 2651 auersi
1565 2606 1815 2652 eramus
1855 2606 1891 2650 a
1930 2587 2067 2660 deo,
2107 2586 2377 2652 tenendo
2420 2590 2633 2651 autem

239 2734 288 2773 20
327 2694 677 2776 praecepta
714 2692 950 2758 Christi
996 2692 1482 2757 reconciliamur
1527 2692 1665 2767 deo,
1714 2696 1789 2755 ut
1827 2692 1934 2773 qui
1972 2693 2037 2755 in
2076 2692 2359 2775 peccatis
2398 2692 2635 2756 mortui

327 2818 614 2875 emmae,
663 2802 990 2863 seruantes
1037 2802 1374 2883 praecepta
1422 2798 1557 2863 eius
1606 2799 2010 2863 uiuificemur
2046 2803 2111 2863 et
2147 2816 2369 2881 pacem
2408 2797 2626 2861 habea-

325 2926 478 2971 mus
529 2924 676 2969 cum
721 2906 836 2970 illo
884 2906 948 2969 in
997 2924 1122 2969 uno
1173 2905 1422 2988 spiritu,
1472 2923 1508 2968 a
1555 2924 1680 2987 quo
1728 2906 1988 2969 alienati
2036 2923 2289 2969 eramus
2337 2922 2461 2969 non
2510 2922 2634 2967 ser-

327 3014 564 3075 uantes
593 3010 892 3073 mandata
923 3011 1082 3083 eius,
1116 3011 1306 3075 sicuti
1338 3010 1412 3073 de
1449 3011 1725 3085 homine,
1758 3012 1869 3093 qui
1897 3010 2141 3094 primus
2182 3013 2284 3075 est
2321 3010 2635 3078 conditus,

327 3118 394 3181 in
444 3117 574 3181 fide
621 3119 836 3181 nostra
872 3116 1287 3200 praedicatur.
1339 3136 1488 3201 ergo
1527 3136 1693 3181 nunc
1733 3136 1966 3200 quaero
2008 3117 2121 3182 abs
2159 3122 2244 3191 te,
2287 3115 2637 3181 secundum

243 3239 292 3278 2³
334 3242 479 3286 eam
544 3222 906 3298 lectionem,
966 3242 1125 3306 quae
1182 3224 1351 3287 lecta
1407 3226 1524 3298 est,
1583 3224 1901 3306 quomodo
1957 3224 2309 3288 habeamus
2356 3225 2636 3307 peccata,

331 3330 388 3393 si
437 3331 668 3392 natura
713 3328 1025 3392 contraria
1069 3348 1185 3393 nos
1234 3327 1408 3412 cogit
1451 3328 1676 3405 facere,
1727 3328 1896 3411 quod
1942 3328 2235 3393 facimus.
2306 3328 2416 3416 qui
2472 3328 2640 3391 enirn

331 3434 592 3519 cogitur
617 3435 998 3499 necessitate
1033 3434 1273 3517 aliquid
1302 3434 1525 3511 facere,
1560 3454 1685 3501 non
1716 3438 1976 3518 peccat3
2017 3436 2127 3518 qui
2157 3438 2369 3499 autem
2396 3438 2640 3518 peccat,

332 3542 542 3605 libero
592 3540 849 3606 arbitrio
897 3544 1134 3623 peccat.
1205 3560 1395 3623 quare
1444 3542 1529 3607 sit
1574 3541 1756 3607 nobis
1802 3540 2193 3625 paenitentia
2229 3542 2556 3625 imperata,
2588 3540 2644 3604 si

2374 3741 2557 3769 —————

407 3778 442 3829 5
479 3774 755 3827 miseritus
792 3773 847 3826 A
958 3775 987 3827 7
1031 3774 1168 3828 salui
1207 3774 1358 3843 sacti]
1399 3774 1596 3828 saluati
1637 3774 1732 3830 128
1872 3777 2034 3830 simul
2072 3784 2129 3831 et
2168 3778 2199 3830 b
2310 3778 2342 3830 8
2371 3777 2428 3829 in
2457 3793 2558 3845 xpo
2587 3774 2642 3827 A

333 3866 365 3918 9
396 3880 510 3933 pro
551 3866 607 3916 et
644 3866 822 3916 cetera
859 3878 1029 3931 usque
1068 3862 1136 3916 ad
1175 3867 1380 3917 tatum
1405 3864 1637 3931 plenum
1675 3864 1791 3918 ecch.
1834 3864 1867 3917 b
1945 3865 2013 3918 10
2052 3864 2350 3918 inimicitas
2390 3864 2422 3916 b
2461 3864 2641 3916 inimi·

333 3952 821 4007 citiam—ueniens
860 3967 961 4005 om.
1001 3950 1048 4005 S.
1157 3952 1222 4005 12
1259 3952 1469 4021 pacem]
1507 3955 1563 4005 et
1598 3968 1787 4022 pacem
1826 3951 1904 4007 Sb
2098 3954 2183 4008 his
2220 3952 2421 4007 BAPb
2458 3952 2565 4006 hiis
2603 3952 2651 4005 S

339 4040 409 4095 13
457 4039 674 4110 utrique
703 4038 792 4092 Ab
837 4042 1124 4109 utrumque
1156 4040 1196 4093 S
1337 4040 1568 4109 patrem]
1605 4055 1791 4109 pacem
1840 4040 1887 4095 S
2032 4042 2098 4096 14
2126 4040 2290 4095 lectio
2320 4046 2451 4109 post
2486 4039 2647 4093 fallor

339 4128 473 4182 add.
513 4127 562 4181 S
706 4129 769 4180 19
809 4126 1022 4181 aduersi
1059 4127 1104 4181 S
1244 4128 1313 4181 20
1349 4127 1693 4181 reconciliari]
1736 4132 1807 4194 (ῆι
1847 4128 1911 4181 in
1946 4131 2081 4195 rae.)
2121 4129 2177 4181 A
2326 4128 2382 4181 in
2420 4144 2521 4183 om.
2550 4128 2640 4180 Ab

335 4216 540 4271 mortui
577 4232 680 4271 om.
721 4214 767 4269 S
853 4214 920 4270 21
959 4216 1258 4269 uiuicemur
1292 4215 1348 4267 A
1383 4215 1721 4270 uiuificemus
1761 4216 1807 4269 S
1918 4217 1985 4269 22
2023 4216 2144 4285 illo]
2183 4232 2245 4269 eo
2287 4216 2332 4269 S
2406 4216 2475 4269 23
2516 4232 2641 4269 con-

343 4304 508 4376 ditus]
548 4303 879 4359 constitutus
915 4299 1160 4358 APSbB
1203 4305 1284 4371 (in
1321 4310 1472 4359 textu
1508 4304 1661 4359 cond.
1709 4306 1773 4358 in
1807 4322 1978 4374 mary.
2019 4305 2261 4373 constit.)
2405 4306 2475 4359 26
2514 4304 2647 4359 faci-

347 4410 493 4448 amus
642 4394 710 4446 27
749 4394 960 4462 peccat]
998 4410 1106 4459 non
1145 4397 1335 4463 peccat
1370 4395 1426 4447 A
