3159 4984
252 1673 307 1712 1⁰

250 2209 302 2246 15

250 2741 303 2780 2⁰

842 488 936 543 VI.
984 487 1273 544 Contra
1327 489 1698 542 Faustum
1753 455 2158 542 lib.'xxx11.
2285 505 2298 520 ·
2509 489 2638 552 769

342 683 553 748 fratris
615 682 693 746 ad
749 683 871 749 hoc
926 684 1120 748 frater
1173 683 1391 749 iussus
1448 687 1549 749 est
1597 683 1850 760 ducere,
1899 686 1974 747 ut
2019 703 2143 748 non
2192 681 2334 760 sibi,
2385 681 2497 746 sed
2543 681 2641 748 illi

344 790 631 856 sobolem
680 789 1023 855 suscitaret
1070 791 1331 872 eiusque
1378 793 1644 855 uocaret
1689 790 1965 866 nomine,
2015 790 2186 874 quod
2229 788 2380 854 inde
2426 807 2641 854 nasce-

340 900 535 986 retur,
577 896 727 979 quid
767 896 943 962 aliud
979 897 1043 960 in
1082 897 1286 980 figura
1320 899 1809 980 praemonstrat,
1851 897 1972 962 nisi
2012 896 2162 979 quia
2198 896 2636 979 unusquisque

344 1003 664 1087 euangelii
700 1002 1100 1085 praedicator
1134 1004 1226 1068 ita
1264 1003 1453 1068 debet
1487 1003 1553 1067 in
1593 1004 1866 1068 ecclesia
1901 1003 2207 1081 laborare,
2236 1007 2312 1067 ut
2341 1002 2639 1070 defuncto

342 1111 541 1188 fratri,
594 1110 715 1175 hoc
765 1113 865 1175 est
904 1109 1179 1186 Christo,
1220 1110 1492 1176 suscitet
1538 1129 1775 1187 semen,
1815 1111 1924 1192 qui
1969 1129 2082 1192 pro
2130 1110 2314 1176 nobis
2351 1115 2642 1176 mortuus

344 1220 467 1294 est,
516 1219 583 1280 et
630 1215 799 1298 quod
848 1217 1229 1280 suscitatum
1278 1216 1491 1294 fuerit,
1541 1216 1680 1282 eius
1726 1235 1956 1281 nomen
2005 1216 2324 1300 accipiat?
2373 1215 2640 1299 denique

341 1323 463 1388 hoc
506 1323 759 1406 inplens
809 1323 1140 1405 apostolus
1187 1341 1311 1386 non
1358 1323 1484 1387 iam
1532 1323 1868 1388 carnaliter
1919 1324 1983 1387 in
2039 1323 2392 1406 praemissa
2447 1323 2638 1408 signi·

342 1431 662 1505 ficatione,
712 1430 827 1495 sed
874 1429 1247 1514 spiritaliter
1290 1431 1356 1494 in
1404 1432 1700 1514 conpleta
1743 1431 2033 1506 ueritate,
2074 1449 2232 1513 quos
2279 1430 2344 1494 in
2385 1429 2636 1497 Christo

341 1538 491 1603 Iesu
541 1557 654 1621 per
701 1537 1111 1621 euangelium
1160 1555 1228 1602 se
1276 1542 1732 1603 commemorat
1777 1538 2096 1622 genuisse,
2155 1541 2491 1603 suscenset
2545 1538 2638 1602 eis

343 1649 409 1709 et
486 1663 597 1711 eos
670 1645 1003 1727 increpans
1084 1644 1343 1729 corrigit
1415 1645 1708 1711 uolentes
1775 1663 1915 1711 esse
1979 1645 2202 1710 Pauli:
2280 1645 2640 1726 numquid

340 1752 656 1828 PauluS,
697 1751 925 1832 inquit,
965 1770 1097 1834 pro
1137 1751 1357 1815 uobis
1399 1751 1814 1816 crucifixus
1855 1753 2010 1816 est?
2059 1754 2188 1815 aut
2232 1751 2304 1816 in
2343 1751 2640 1817 nomine

340 1859 562 1924 Pauli
616 1858 993 1941 baptizati
1053 1857 1287 1922 estis?
1353 1861 1682 1941 tamquam
1731 1857 2008 1922 diceret:
2065 1857 2402 1935 „defuncto
2459 1857 2638 1921 fratri

340 1984 461 2032 uos
510 1967 743 2050 genui3
812 1965 1141 2030 christiani
1196 1965 1538 2044 uocamini,
1595 1985 1720 2030 non
1765 1965 2120 2030 Pauliani.“
2196 1969 2262 2030 at
2316 1984 2467 2029 uero
2527 1965 2637 2048 qui

342 2073 588 2138 electus
656 2073 733 2136 ab
800 2070 1073 2136 ecclesia
1134 2070 1558 2136 ministerium
1625 2071 2102 2155 euangelizandi
2158 2072 2502 2151 rennuerit,
2559 2071 2636 2136 ab

340 2178 482 2262 ipsa
549 2178 824 2243 ecclesia
898 2177 1125 2242 merito
1191 2176 1507 2260 digneque
1572 2179 2018 2246 contemnitur.
2097 2179 2220 2246 hoc
2285 2181 2386 2244 est
2449 2178 2638 2254 enim,

344 2286 517 2368 quod
582 2285 647 2350 in
715 2285 853 2349 eius
918 2284 1145 2349 faciem
1209 2282 1467 2350 iubetur
1520 2303 1810 2369 expuere,
1866 2305 1990 2352 non
2051 2305 2200 2351 sane
2257 2285 2392 2351 sine
2453 2285 2636 2368 signo

342 2393 539 2458 huius
598 2391 937 2476 obprobrii,
996 2394 1071 2456 ut
1126 2391 1539 2458 calciamento
1599 2392 1784 2476 pedis
1838 2392 2030 2458 unius
2088 2395 2370 2470 exuatur,
2426 2411 2504 2458 ne
2553 2392 2640 2458 sit

340 2500 405 2564 in
454 2517 670 2564 eorum
712 2501 905 2576 sorte,
954 2499 1187 2581 quibus
1224 2499 1361 2582 ipse
1400 2501 1733 2582 apostolus
1771 2499 1901 2564 ait:
1951 2503 2025 2564 et
2061 2500 2372 2565 calciati
2408 2500 2638 2582 pedes

340 2605 413 2670 in
469 2605 1063 2688 praeparatione
1120 2605 1504 2689 euangelii
1558 2607 1789 2690 pacis,
1849 2611 1914 2671 et
1961 2607 2037 2671 de
2085 2607 2318 2690 quibus
2367 2624 2636 2670 comme-

340 2716 551 2777 morat
611 2712 961 2795 propheta:
1027 2731 1242 2795 quam
1308 2712 1642 2796 speciosi
1704 2713 1934 2796 pedes
2001 2733 2284 2790 eorum,
2343 2713 2469 2794 qui
2524 2710 2633 2776 ad-

344 2819 709 2882 nuntiant
778 2837 1067 2901 pacem,
1144 2819 1270 2901 qui
1336 2819 1788 2884 adnuntiant
1851 2820 2062 2888 bona.
2137 2821 2246 2902 qui
2312 2819 2479 2883 enim
2545 2818 2638 2884 sic

344 2926 785 3009 euangelicam
814 2925 1005 2989 fidem
1038 2928 1235 3000 tenet,
1265 2928 1340 2989 ut
1378 2929 1443 2989 et
1489 2924 1614 2989 sibi
1648 2926 1852 3008 prosit
1889 2930 1954 2991 et
1990 2926 2296 2992 ecclesiae
2335 2925 2636 3009 prodesse

342 3051 466 3097 non
528 3033 816 3106 rennuat,
883 3031 1043 3094 bene
1110 3030 1511 3115 intellegitur
1578 3035 1846 3113 utroque
1912 3031 2069 3114 pede
2137 3031 2463 3097 calciatus
2529 3033 2636 3116 qui

344 3141 557 3202 autem
606 3137 728 3203 sibi
774 3140 976 3221 putat,
1036 3138 1186 3220 quia
1241 3138 1529 3216 credidit,
1592 3139 1748 3204 satis
1797 3159 1938 3204 esse
1985 3141 2371 3218 consultum,
2421 3159 2634 3205 curam

524 3417 553 3468 7
593 3417 659 3470 cf.
698 3417 725 3470 1
764 3417 881 3472 cor.
921 3387 973 3482 4,
1017 3419 1078 3472 15
1152 3417 1221 3472 10
1258 3417 1285 3472 1
1324 3415 1443 3471 cor.
1474 3417 1523 3481 2,
1555 3417 1640 3480 13,
1719 3417 1782 3469 18
1811 3416 2010 3486 Ephes.
2041 3417 2092 3481 e,
2125 3417 2192 3471 15
2265 3415 2337 3470 20
2363 3415 2454 3470 Es.
2484 3415 2570 3480 52,
2603 3417 2632 3468 7

418 3591 444 3645 1
476 3591 642 3645 frater
664 3591 843 3645 iussus
872 3593 957 3646 est
984 3589 1197 3660 ducere]
1227 3590 1386 3644 fateri
1415 3606 1575 3644 ausus
1608 3591 1662 3654 (a
1687 3605 1730 3644 s.
1760 3590 1816 3654 Ζ.)
1847 3591 1934 3644 est
1960 3589 2151 3656 ducere
2184 3589 2402 3656 (ducere
2434 3587 2508 3656 G)
2529 3588 2629 3644 SG

344 3697 449 3734 non
489 3682 553 3745 (s.
592 3681 628 3734 1.
668 3697 705 3734 a
741 3697 809 3734 m.
848 3679 903 3745 2)
932 3678 1141 3736 LPSG
1248 3679 1281 3732 2
1319 3679 1561 3734 subolem
1597 3679 1646 3733 0
1668 3679 1913 3733 sobolem
1941 3677 2002 3733 δ”
2143 3677 2290 3748 inde]
2320 3677 2525 3732 indiem
2554 3677 2636 3730 L¹

338 3767 577 3822 indidem
607 3767 763 3822 SGC
794 3766 999 3820 indem
1037 3769 1127 3831 (ex
1162 3767 1403 3820 indidem
1440 3767 1600 3834 corr.)
1627 3766 1692 3820 M
1729 3765 1968 3820 indidem
2002 3766 2083 3829 (in
2109 3783 2211 3835 my.
2243 3764 2310 3819 al.
2341 3763 2562 3834 ibidem)
2599 3765 2632 3818 b

342 3858 376 3912 3
412 3873 553 3912 unus
589 3857 817 3928 quisque
850 3855 897 3910 G
990 3857 1025 3910 4
1052 3855 1256 3911 debent
1282 3855 1382 3910 SG
1490 3857 1522 3909 9
1562 3857 1814 3925 genuisse
1853 3857 1916 3925 (3.
1955 3857 1989 3909 Ζ.
2021 3873 2060 3908 a
2085 3871 2155 3909 m.
2185 3855 2239 3916 2)
2272 3853 2387 3917 SG,
2427 3871 2529 3910 om.
2565 3854 2638 3906 M

343 3946 593 4017 genuisse
665 3947 1047 4000 commemorat
1119 3943 1263 3998 OSG
1495 3947 1774 3998 suscenset
1837 3941 1988 3996 ΙΆΟΙ
2065 3946 2347 3996 succenset
2395 3941 2626 3995 SM²G12

343 4034 412 4088 10
436 4033 735 4103 pauli,num
767 4030 906 4097 Quid
929 4031 973 4086 S
1000 4031 1277 4101 paulinum
1308 4030 1451 4096 Quid
1484 4031 1612 4086 611¹
1640 4031 1908 4101 paulitni*
1939 4029 2084 4096 Quid
2113 4033 2204 4100 (ex
2233 4029 2532 4099 paulinum)
2558 4029 2634 4082 M

342 4122 491 4192 pauli
527 4121 792 4190 numquid
834 4122 991 4186 (corr.
1028 4121 1144 4176 uid.
1184 4138 1247 4174 ex
1284 4121 1475 4189 paulus
1520 4121 1703 4189 inquit
1739 4119 1906 4191 quid;
1961 4123 2109 4174 7--8
2148 4119 2253 4173 litt.
2299 4118 2363 4171 in
2408 4119 2541 4184 ras.)
2579 4118 2635 4170 P

349 4212 415 4266 14
450 4211 727 4275 rennuerit
764 4213 903 4277 (exp.
942 4227 1011 4264 m.
1050 4211 1103 4270 2)
1141 4208 1297 4264 LSG·
1334 4209 1571 4262 renuerit
1610 4209 1654 4263 C
1761 4209 1826 4262 16
1865 4208 1999 4263 facie
2043 4206 2259 4263 GSMG
2371 4207 2436 4260 19
2473 4223 2628 4276 prae-

344 4300 679 4370 parationem
717 4297 857 4352 Lob
913 4299 1069 4368 (uir-9.
1127 4303 1223 4365 er.)
1260 4299 1316 4351 P
1510 4298 1579 4350 22
1635 4297 1762 4367 sibi]
1816 4297 1922 4368 ipsi
1964 4295 2097 4353 GSb
2279 4299 2333 4349 et
2389 4313 2490 4350 om.
2535 4295 2636 4349 GS

346 4389 414 4443 23
450 4389 684 4452 rennuat
721 4389 860 4455 (exp.
900 4404 966 4439 m.
1005 4387 1059 4456 2)
1099 4387 1153 4440 L
1190 4391 1381 4440 renuat
1426 4385 1469 4438 G
1576 4387 1647 4440 24
1684 4385 1903 4440 creditis
1941 4387 1973 4440 b

394 4513 533 4554 XXV.
563 4512 683 4561 Aug.
714 4519 828 4551 sect.
850 4513 891 4553 6.
2421 4491 2492 4544 49
