3159 4984
186 1622 242 1660 10

185 2154 241 2193 15

821 443 913 497 vl.
963 443 1251 498 Contra
1307 443 1674 496 Faustum
1732 441 1861 495 lib.
1917 440 2084 494 XXX.
2451 444 2578 507 749

282 656 409 720 quo
466 638 879 702 uehementer
934 637 1192 720 perinde
1252 635 1749 708 confundemini,
1810 635 1866 700 si
1917 635 2096 700 istud
2144 635 2503 700 constiterit
2550 655 2586 700 a

285 744 447 809 cibis
506 745 819 810 abstinere
880 744 1361 809 daemoniorum
1420 763 1559 807 esse
1617 743 2015 827 religionem.
2083 742 2180 806 illi
2237 743 2404 808 enim
2460 763 2582 808 non

281 855 533 916 tantum
586 853 661 916 ab
709 851 1068 916 interdictis
1116 852 1257 936 lege
1307 850 1418 916 sed
1476 851 1668 915 etiam
1727 870 1762 914 a
1818 851 2140 915 concessis
2197 850 2585 915 abstinuisse

280 959 625 1042 leguntur:
696 977 857 1040 quos
925 958 1336 1022 uehementer
1399 957 1617 1021 mirari
1682 955 1906 1022 soletis
1963 959 2028 1020 et
2081 957 2145 1021 in
2201 957 2584 1040 martyribus

283 1085 635 1140 numerare,
686 1085 829 1130 cum
882 1065 1013 1129 sint
1058 1068 1124 1128 et
1166 1063 1293 1146 ipsi
1340 1063 1690 1129 doctrinam
1743 1063 2030 1128 adsecuti
2088 1063 2584 1140 daemoniorum,

282 1173 340 1236 si
385 1171 509 1238 hoc
556 1191 697 1236 esse
746 1170 1021 1256 apostoli
1066 1170 1511 1236 testimonium
1560 1172 1830 1234 constat.
1881 1169 1958 1233 ad
2005 1169 2162 1233 haec
2210 1173 2274 1233 et
2309 1169 2583 1233 Danihel

280 1278 422 1361 ipse
468 1278 673 1343 tribus
722 1277 1140 1342 hebdomadis
1198 1275 1443 1340 dierum
1498 1275 1820 1340 ieiunasse
1877 1294 1947 1340 se
2002 1276 2295 1359 perhibet
2341 1280 2405 1340 et
2453 1295 2581 1339 car-

280 1405 428 1449 nem
476 1405 598 1450 non
648 1385 857 1450 edisse
904 1405 1021 1450 nec
1069 1385 1308 1450 bibisse
1356 1385 1602 1460 uinum,
1661 1383 1810 1448 dum
1859 1387 2142 1449 exoraret
2185 1404 2297 1468 pro
2345 1384 2581 1467 populo

282 1511 423 1558 suo.
473 1493 625 1576 quid
664 1512 813 1577 ergo
836 1495 867 1556 ¹?
916 1495 981 1556 et
1016 1492 1120 1557 hic
1158 1483 1221 1556 in
1262 1491 1548 1566 doctrina
1585 1509 1655 1556 se
1694 1491 2167 1556 daemoniorum
2217 1491 2585 1574 magnificat

286 1602 353 1662 et
398 1598 473 1662 de
522 1599 869 1664 seductorii
916 1599 1178 1682 spiritus
1228 1601 1586 1664 commento
1636 1598 1901 1682 gloriam
1951 1601 2213 1680 captat?

373 1707 434 1771 3.
500 1705 597 1769 De
643 1704 831 1769 uobis
878 1723 1029 1768 uero
1088 1703 1242 1787 quid
1299 1704 1557 1769 dicam?
1614 1703 1680 1767 id
1740 1707 1841 1768 est
1897 1704 1973 1768 de
2032 1703 2579 1769 christianioribus

282 1811 448 1894 apud
514 1830 669 1886 u08‚
737 1830 1006 1892 quorum
1071 1810 1359 1874 nonnulli
1428 1807 1688 1891 quidem
1750 1809 2027 1892 porcina,
2075 1809 2360 1892 plerique
2427 1829 2579 1874 uero

280 1917 683 2000 quadrupede
733 1918 924 1993 omni,
976 1917 1085 1981 alii
1133 1916 1323 1981 etiam
1375 1919 1604 1982 cuncto
1647 1916 1905 1981 animali
1941 1917 2199 2000 penitus
2240 1917 2578 1996 abstinent,

278 2017 527 2106 fertque
576 2023 654 2088 ob
706 2024 827 2102 hoc
874 2025 937 2087 in
988 2023 1194 2088 oculis
1244 2042 1352 2088 eos
1411 2023 1618 2088 omnis
1677 2023 1950 2088 ecclesia
2007 2027 2071 2087 et
2126 2043 2380 2088 summa
2434 2041 2574 2087 cum

278 2130 685 2195 ueneratione
735 2131 1095 2214 suscipiens
1144 2129 1350 2195 solum
1403 2150 1525 2196 non
1575 2130 1728 2195 deos
1779 2129 2117 2194 existimat.
2167 2149 2283 2194 nec
2321 2129 2580 2207 uidetiS‚

278 2228 609 2329 indociles,
659 2237 808 2319 quia
854 2237 911 2302 si
957 2237 1078 2301 hoc
1126 2255 1348 2300 uerum
1401 2241 1467 2300 et
1513 2237 1590 2301 ab
1640 2238 1931 2320 apostolo
1991 2237 2232 2302 dictum
2291 2223 2579 2302 testimo-

280 2343 457 2407 nium
506 2347 623 2420 est,
674 2341 1151 2410 daemoniorum
1201 2347 1266 2407 et
1310 2343 1435 2427 ipsi
1483 2347 1636 2408 sunt
1679 2343 1993 2408 ludificati
2042 2343 2366 2409 doctrinis,
2427 2344 2579 2426 quid

280 2469 431 2514 uero
480 2452 545 2515 et
584 2449 668 2538 ‘de
714 2450 827 2514 illo
878 2450 1187 2533 dicemus,
1247 2449 1417 2532 quod
1465 2470 1616 2515 sane
1663 2449 1955 2514 frustrari
2002 2450 2145 2533 quis
2193 2450 2424 2516 audeat
2469 2452 2580 2514 aut

282 2557 615 2641 abnegare,
666 2577 811 2622 cum
864 2559 1113 2622 constet
1160 2556 1283 2622 hoc
1329 2557 1495 2621 inter
1544 2576 1762 2622 omnes
1821 2561 1885 2621 et
1939 2576 2138 2638 aeque
2192 2577 2306 2641 per
2361 2559 2577 2622 orbem

283 2667 591 2727 terrarum
640 2664 981 2747 quotannis
1031 2663 1202 2728 omni
1251 2682 1393 2728 cum
1454 2663 1668 2728 studio
1727 2664 2082 2728 celebratur
2135 2664 2199 2728 in
2259 2667 2578 2729 conuentu

281 2769 645 2835 catholico?
713 2770 854 2835 dico
913 2774 1127 2834 autem
1186 2769 1760 2854 quadragesimam.
1819 2789 2009 2852 quam
2067 2771 2175 2854 qui
2229 2770 2395 2835 inter
2457 2790 2575 2834 uos

276 2876 398 2941 rite
465 2876 925 2942 obseruandam
991 2877 1335 2960 putauerit,
1403 2877 1723 2942 abstineat
1786 2895 2046 2942 necesse
2112 2879 2212 2940 est
2277 2877 2572 2942 omnibus

277 2982 403 3060 his,
453 3003 611 3066 quae
660 2984 1013 3066 capitulum
1061 2984 1183 3049 hoc
1230 3003 1267 3048 a
1315 2983 1431 3048 deo
1480 2984 1559 3048 ad
1603 2983 2076 3068 percipiendum
2129 2984 2312 3049 nobis
2367 2988 2579 3050 creata

279 3089 437 3155 dicit
492 3094 557 3154 et
613 3090 1089 3156 daemoniorum
1145 3091 1406 3176 insuper
1463 3091 1814 3156 doctrinam
1880 3095 2072 3156 uocat
2125 3091 2574 3157 abstinentiam

280 3197 769 3280 praedictorum.
821 3197 976 3279 quid
1013 3217 1162 3284 ergo
1202 3201 1268 3263 et
1302 3217 1443 3276 UOS‚
1484 3198 1849 3263 carissimi?
1886 3199 2094 3263 ritune
2133 3203 2286 3263 tunc
2325 3198 2575 3263 daemo-

276 3303 525 3368 niorum
573 3303 821 3382 uiuitis,
871 3323 1018 3369 cum
1056 3305 1214 3370 haec
1253 3325 1289 3387 a
1323 3304 1511 3370 uobis
1549 3305 1863 3389 passionis
1904 3305 2140 3372 Christi
2178 3292 2577 3370 celebrantur

276 3410 581 3494 mysteria
626 3413 692 3474 et
738 3410 1085 3476 seductorii
1133 3411 1396 3495 spiritus
1442 3412 1664 3477 fraude
1713 3413 2013 3496 capimini
2051 3411 2212 3477 etin
2251 3411 2572 3497 hypocrisi

412 3595 429 3604 ‘³
455 3617 490 3672 6
526 3617 593 3672 cf.
630 3617 769 3673 Dan.
810 3617 893 3684 10,
931 3620 965 3673 2
1002 3637 1082 3690 sq.

350 3744 381 3796 1
418 3760 453 3812 p
492 3740 635 3812 quod
676 3741 707 3791 b
852 3742 885 3794 2
923 3742 1116 3813 religio
1156 3743 1187 3796 b
1356 3744 1392 3797 3
1428 3760 1459 3797 a
1497 3744 1620 3817 lege
1660 3743 1761 3799 SG
1939 3747 1975 3799 4
2021 3745 2077 3800 i'n
2123 3747 2450 3818 martyribus
2491 3748 2570 3815 (in

274 3845 321 3884 3.
358 3829 417 3898 1.)
454 3829 499 3884 S
539 3831 939 3900 immartyribns
976 3831 1052 3886 M
1226 3833 1258 3884 5
1307 3830 1551 3903 adsecuti
1589 3831 1691 3888 SG
1837 3833 2240 3889 daemoniorum
2283 3834 2429 3890 6¹8²
2475 3835 2570 3890 de-

275 3917 575 3972 moniorum
610 3917 659 3972 C
752 3919 787 3972 6
815 3917 1050 3988 apostoli
1080 3935 1195 3974 esse
1231 3919 1279 3974 G
1382 3921 1413 3974 7
1446 3919 1759 3984 ebdomadis
1787 3920 2056 3977 LGSMG
2168 3924 2229 3977 11
2262 3923 2569 3978 christiani-

275 4008 459 4063 oribus
498 4010 633 4076 (tert.
674 4009 695 4062 i
730 4025 773 4063 8.
813 4009 871 4074 1.)
919 4009 964 4065 C
1071 4009 1139 4063 12
1177 4013 1311 4079 aput
1348 4009 1421 4063 M
1516 4011 1586 4063 14
1624 4010 1808 4080 ferque
1847 4009 1922 4064 L¹
1959 4010 2178 4082 fereque
2218 4013 2250 4066 b
2397 4014 2568 4068 omnis

276 4113 371 4152 eos
414 4097 460 4151 C
602 4099 841 4154 aecelesia
884 4097 932 4152 0
1040 4100 1104 4153 15
1143 4100 1453 4154 existimant
1490 4098 1614 4154 5¹¹6
1718 4101 1782 4154 17
1823 4105 1907 4155 est
1942 4117 2030 4155 om
2081 4099 2184 4156 SG
2328 4101 2568 4156 demoni-

278 4202 427 4240 orum
473 4186 521 4241 0
643 4188 712 4242 18
749 4187 951 4243 audeat
986 4189 1036 4257 (e
1074 4190 1137 4242 in
1168 4193 1306 4254 raa.)
1344 4187 1469 4244 SG²
1589 4189 1657 4242 20
1697 4193 1828 4260 quot
1866 4190 2019 4244 annis
2063 4189 2112 4244 0
2144 4177 2444 4262 quodannis
2481 4191 2567 4246 122>

274 4274 421 4328 omni
465 4273 539 4328 L¹
592 4274 715 4344 (bus
762 4275 891 4331 add.
940 4293 1009 4330 m.
1054 4279 1115 4344 2)
1296 4277 1366 4329 24
1412 4275 1782 4342 demoniorum
1840 4276 1887 4331 0
2059 4277 2130 4331 26
2176 4280 2460 4349 passiones
2491 4281 2566 4334 ΙΙ*

271 4363 342 4416 27
378 4363 623 4418 misteria
666 4364 714 4418 0
744 4365 1001 4435 mysterio
1041 4364 1106 4418 δ”
1198 4353 1201 4358 ’
1250 4368 1363 4420 etse
1402 4364 1634 4420 ductorii
1678 4365 1725 4420 C
1861 4365 2157 4436 hypocrisi*
2196 4370 2252 4436 (n
2292 4369 2386 4434 er.)
2423 4367 2478 4422 L
