3159 4984
941 466 1032 521 VI.
1090 466 1383 521 Contra
1436 466 1806 521 Faustum
1865 466 1998 522 lib.
2055 466 2170 521 XV.
2567 472 2698 536 417

398 664 906 729 detrectantibus
943 664 1169 748 iugum
1206 666 1481 747 superba
1519 665 1810 730 ceruice?
1851 664 1966 730 sed
2001 683 2120 730 uos
2161 664 2416 746 quidem
2452 666 2700 749 pergite

402 789 609 854 agere,
656 772 733 834 ut
779 771 1105 855 coepisti&
1152 771 1377 835 rudem
1422 790 1704 853 pannum
1741 772 1947 837 ueteri
1981 772 2369 837 uestimento
2408 771 2700 837 commit·

400 878 538 945 tite.
587 896 829 941 nouum
875 878 1097 941 uinum
1145 878 1503 943 ueternosis
1549 878 1802 942 utribus
1850 877 2108 949 credite,
2158 876 2408 942 duobus
2453 878 2699 944 maritis

402 985 565 1049 nulli
599 984 899 1068 placituri
940 985 1197 1061 semite,
1238 984 1652 1049 christianam
1689 984 1960 1066 denique
1996 984 2189 1048 fidem
2225 984 2700 1068 Hippocentau-

346 1111 547 1155 5rum
594 1092 805 1167 facite,
855 1111 970 1156 nec
1039 1111 1273 1174 equum
1328 1090 1686 1174 perfectum
1741 1110 1858 1157 nec
1913 1092 2275 1156 hominem:
2333 1092 2518 1157 nobis
2575 1093 2700 1159 soli

404 1198 654 1263 Christo
722 1198 962 1263 seruire
1028 1198 1397 1280 permittite,
1465 1198 1606 1263 eius
1661 1200 1914 1262 tantum
1969 1198 2293 1263 inmortali
2350 1197 2498 1264 dote
2555 1217 2700 1264 con-

400 1306 595 1369 tentis
676 1308 741 1369 et
806 1294 1210 1369 imitantibus
1286 1305 1680 1387 apostolum,
1759 1304 1868 1385 qui
1943 1303 2138 1369 dicit:
2215 1304 2699 1370 sufficientia

401 1414 663 1477 nostra
712 1430 793 1476 ex
841 1411 979 1477 deo
1027 1414 1163 1488 est,
1215 1412 1338 1493 qui
1378 1430 1513 1477 nos
1550 1412 1872 1477 idoneos
1908 1412 2268 1495 probauit
2302 1412 2696 1478 ministros

404 1518 583 1583 noui
629 1518 1099 1583 testamenti.
1168 1517 1607 1583 Hebraeorum
1663 1518 1767 1583 dei
1822 1522 1889 1583 et
1941 1522 2160 1584 nostra
2215 1518 2556 1619 admpdum
2608 1519 2698 1583 di-

310 1643 365 1681 10
404 1644 587 1691 uersa
654 1624 945 1691 condicio
1012 1627 1131 1701 est,
1199 1625 1348 1707 quia
1410 1644 1529 1689 nec
1593 1624 1752 1707 ipse,
1820 1644 1982 1707 quae
2043 1625 2382 1709 promittit,
2457 1626 2696 1709 inplere

306 2174 359 2213 15

398 1735 614 1815 potest
660 1735 726 1797 et
770 1751 886 1797 nos
934 1748 1009 1796 ea
1052 1731 1419 1797 fastidimus
1476 1732 1782 1814 accipere.
1851 1732 2160 1815 superbos
2215 1752 2332 1798 nos
2389 1732 2696 1799 aduersus

398 1840 743 1905 blanditias
791 1840 929 1904 eius
980 1837 1218 1905 Christi
1272 1839 1624 1905 liberalitas
1680 1838 1851 1905 fecit.
1919 1858 1992 1903 ac
2049 1858 2126 1904 ne
2191 1828 2538 1924 incongrue
2595 1860 2694 1905 me

398 1947 555 2012 haec
621 1966 999 2030 conparasse
1067 1946 1411 2023 existimes,
1467 1946 1711 2012 Paulus
1775 1948 1842 2011 in
1923 1965 2040 2013 nos
2105 1947 2268 2011 hanc
2339 1947 2694 2032 coniugalis

402 2054 773 2137 discipliuae
848 2053 1335 2119 similitudinem
1399 2052 1571 2137 prior
1636 2053 1910 2119 contulit
1973 2053 2230 2119 dicens:
2306 2072 2492 2137 quae
2557 2056 2694 2120 sub

400 2162 565 2228 uiro
623 2164 742 2227 est
794 2161 1072 2225 mulier
1127 2160 1461 2237 uiuente,
1519 2160 1685 2225 uiro
1747 2160 2069 2245 alligata
2126 2162 2244 2225 est
2295 2162 2466 2245 lege
2513 2162 2692 2239 uiri;

400 2268 467 2333 si
533 2272 783 2333 autem
848 2272 1195 2334 mortuus
1251 2267 1489 2332 fuerit
1542 2268 1665 2332 uir
1720 2268 1906 2345 eiua,
1965 2268 2225 2334 soluta
2279 2271 2396 2333 est
2442 2288 2479 2333 a
2522 2269 2694 2353 lege

403 2376 569 2441 uiri.
636 2395 815 2461 ergo
871 2377 1187 2440 uiuente
1244 2374 1411 2439 uiro
1458 2375 1886 2450 uocabitur,
1933 2374 2162 2457 inquit,
2213 2372 2580 2452 adultera,
2631 2376 2694 2441 si

398 2484 659 2547 iuncta
704 2482 942 2547 fuerit
1006 2482 1233 2547 alteri
1298 2483 1491 2559 uiro;
1558 2481 1832 2564 quodsi
1887 2484 2234 2549 mortuus
2299 2482 2537 2547 fuerit
2578 2483 2700 2547 uir

402 2590 587 2668 eius,
646 2609 790 2655 non
850 2590 996 2654 erit
1049 2589 1401 2653 adultera
1456 2589 1593 2653 alii
1650 2588 2076 2667 coniuncta,
2124 2608 2238 2672 per
2281 2590 2438 2653 haec
2488 2592 2696 2654 osten-

402 2696 553 2761 dens
620 2696 850 2779 spiritu
916 2696 1237 2762 moechari
1302 2716 1431 2774 eoS,
1490 2696 1600 2778 qui
1657 2714 1780 2761 non
1839 2698 1983 2759 ante
2039 2694 2444 2778 repudiantes
2511 2698 2578 2760 et
2629 2696 2693 2760 in

396 2805 665 2869 mortuis
715 2803 989 2886 quodam
1039 2803 1228 2869 modo
1276 2806 1582 2886 ponentes
1638 2803 1803 2886 legis
1861 2805 2182 2885 auctorem
2237 2805 2379 2866 tum
2438 2801 2696 2865 demum

396 2931 467 2976 se
507 2913 947 2995 copulauerint
984 2910 1257 2978 Christo.
1300 2911 1465 2993 quod
1508 2910 1752 2975 dictum
1788 2909 1869 2973 ad
1908 2928 2016 2974 eos
2053 2909 2388 2992 praecipue
2427 2910 2692 2992 spectat,

398 3019 509 3100 qui
556 3019 939 3084 crediderint
986 3038 1059 3084 ex
1095 3018 1371 3095 Iudaeis,
1421 3016 1728 3081 uidelicet
1765 3018 1840 3081 ut
1874 3016 1999 3099 ipsi
2037 3016 2168 3081 sint
2202 3015 2440 3098 primae
2479 3032 2693 3098 super-

399 3125 679 3190 stitionis
728 3125 933 3191 obliti.
982 3125 1165 3191 nobis
1203 3143 1357 3191 uero
1394 3125 1458 3189 in
1497 3125 1620 3189 hoc
1657 3124 1810 3206 quid
1851 3142 2011 3206 opus
2050 3126 2153 3187 est
2189 3123 2294 3186 uel
2330 3122 2690 3205 praecepto,

400 3232 630 3314 quibus
678 3252 751 3297 ex
799 3233 1156 3316 gentilitate
1206 3232 1531 3297 conuersis
1579 3231 1658 3295 ad
1699 3228 2024 3295 Christum
2061 3230 2496 3294 Hebraeorum
2537 3228 2694 3293 deus

398 3357 524 3403 nou
587 3342 879 3405 mortuus
947 3339 1137 3404 debet
1188 3340 1415 3413 uideri,
1474 3338 1590 3403 sed
1645 3356 1760 3402 nec
1817 3339 2058 3401 natus?
2122 3354 2273 3400 sane
2319 3335 2578 3411 Iudaeo,
2637 3335 2692 3400 si

394 3443 629 3521 credat,
678 3444 977 3509 Adoneus
1028 3445 1219 3509 debet
1264 3444 1469 3509 uideri
1517 3444 1877 3520 defunctus,
1936 3444 2163 3528 gentili
2217 3461 2369 3507 uero
2423 3442 2690 3519 idolum,

570 3634 604 3687 3
644 3634 711 3691 cf.
748 3634 943 3690 Matth.
983 3636 1031 3699 9,
1076 3636 1141 3688 16
1180 3651 1259 3704 sq.
1370 3636 1401 3688 7
1439 3634 1497 3689 11
1534 3632 1654 3689 Cor.
1692 3635 1744 3699 3,
1782 3636 1816 3688 5
1853 3650 1934 3704 sq.
2046 3635 2113 3687 14
2149 3634 2303 3687 Rom.
2343 3634 2393 3699 7,
2433 3632 2466 3686 2
2503 3650 2583 3703 sq.

392 3758 429 3811 2
467 3758 689 3829 cepistis
722 3758 771 3813 0
910 3758 1261 3829 uestimento]
1298 3760 1630 3813 testamento
1674 3758 1738 3813 0⁸
1883 3758 1916 3812 3
1955 3758 2162 3812 meritis
2192 3756 2316 3812 S¹G
2460 3758 2494 3810 4
2531 3757 2684 3826 ippo-

393 3852 705 3903 centaurum
740 3848 1019 3903 LCSGM
1123 3850 1156 3901 5
1196 3850 1415 3918 equum]
1454 3864 1577 3902 eum
1613 3847 1742 3903 S¹G·
1777 3864 1930 3902 ecum
1966 3846 2134 3901 L¹M¹
2244 3848 2275 3901 7
2315 3846 2410 3917 qui
2449 3848 2495 3913 (s
2526 3845 2618 3913 er.)
2649 3844 2695 3899 S

390 3937 513 4007 quis
546 3936 598 3992 G
704 3937 1027 3993 suffitientia
1051 3937 1105 3992 L
1277 3938 1311 3991 8
1346 3936 1602 4008 probauit
1639 3940 1726 4006 (ex
1761 3936 2017 4009 prouabit
2052 3938 2210 3997 corr.)
2241 3934 2316 3988 M
2416 3934 2692 3989 ministros

394 4025 472 4093 (ni
500 4042 565 4080 ex
591 4028 683 4095 no)
704 4029 757 4082 L
867 4029 901 4081 9
928 4026 1249 4081 hebreorum
1276 4028 1323 4081 0
1431 4028 1496 4081 12
1526 4027 1714 4081 christi
1733 4044 1775 4081 s.
1799 4028 1834 4081 1.
1856 4024 1904 4081 S
2041 4024 2394 4097 liberalitatis
2435 4028 2592 4090 (corr.
2619 4041 2690 4079 m.

395 4114 447 4181 1)
467 4115 515 4170 S
621 4116 687 4170 13
717 4123 937 4187 copasse
968 4118 1029 4175 (s.
1062 4117 1095 4171 Ζ.
1125 4133 1194 4171 m.
1214 4116 1269 4185 2)
1296 4115 1345 4170 0
1466 4116 1533 4169 17
1562 4116 1755 4186 inquid
1775 4114 1852 4169 L¹
1881 4116 2128 4170 adultera
2145 4114 2325 4185 inquit
2351 4113 2398 4167 0
2496 4112 2563 4166 18
2583 4112 2688 4167 asti

392 4206 477 4272 (in
500 4208 635 4273 ras.)
664 4205 713 4260 C'
784 4208 847 4261 19
878 4207 984 4261 alio
1006 4206 1055 4262 S
1156 4206 1259 4261 hoc
1279 4206 1311 4260 b
1385 4206 1455 4259 20
1493 4206 1688 4276 spiritu
1715 4205 1779 4259 in
1803 4205 1852 4260 G
1869 4210 1996 4275 post
2024 4220 2116 4259 eos
2145 4204 2241 4275 leq.
2369 4200 2622 4256 maechari
2647 4200 2701 4256 0

390 4293 691 4351 immortuis
711 4295 889 4351 SGM
980 4298 1046 4350 21
1076 4296 1213 4366 tum]
1245 4312 1363 4349 cum
1384 4295 1416 4349 b
1517 4295 1587 4348 22
1613 4296 1866 4365 precipue
1891 4295 1938 4349 0
2023 4294 2094 4348 23
2122 4292 2297 4347 iudeis
2314 4292 2361 4346 Ο
2501 4308 2685 4363 super-

390 4386 633 4439 sticionis
660 4385 708 4440 0
776 4386 845 4439 26
864 4402 961 4440 nec
980 4384 1159 4455 natus]
1180 4388 1413 4455 negatus
1427 4382 1526 4437 SG
1637 4382 1796 4438 iudeo
1815 4382 1863 4437 Ο
1934 4384 1998 4435 27
2019 4380 2245 4436 idoneus
2264 4381 2340 4436 ob
2362 4380 2601 4435 adoneus
2612 4378 2694 4434 L²

456 4508 586 4551 XXV.
619 4510 725 4557 Ana
770 4514 882 4551 sect.
912 4510 951 4547 Β.
2405 4487 2472 4540 27
