3159 4984
924 432 1015 483 Vl.
1076 432 1365 485 Contra
1421 431 1792 483 Faustum
1852 424 1984 479 lib.
2043 426 2185 481 XVI.
2543 442 2673 505 455

375 646 491 693 nec
536 627 725 693 hodie
774 628 1111 710 quisquam
1160 643 1377 689 eorum
1432 624 1666 688 audeat
1721 623 1948 703 dicere,
2007 626 2168 691 nihil
2216 634 2335 707 est,
2387 651 2498 696 cur
2543 612 2676 699 111οέ

374 754 587 799 remur
620 734 783 799 hanc
820 753 1075 816 quoque
1114 734 1191 799 de
1232 734 1485 800 domino
1525 737 1593 798 et
1628 734 1947 799 saluatore
1985 738 2204 803 nostro
2242 739 2388 803 Iesu
2423 740 2674 807 Christo

374 844 599 919 famuli
646 844 785 909 eius
832 843 1134 926 amplecti
1178 842 1598 925 prophetiam.
1667 846 1734 907 at
1795 843 1964 908 enim
2016 843 2186 907 inter
2230 847 2440 909 cetera
2485 849 2676 911 male-

376 951 547 1014 dicta
594 953 659 1014 et
702 950 824 1015 hoc
863 928 1152 1033 positum
1202 953 1319 1013 est.
1376 968 1531 1013 num
1577 949 1720 1014 ideo
1768 968 1894 1013 non
1944 951 2044 1014 est
2105 950 2461 1034 prophetia,
2530 972 2676 1017 cum

321 1080 346 1116 5
375 1060 441 1122 et
487 1059 717 1134 cetera,
765 1056 931 1121 inter
979 1074 1139 1137 quae
1184 1056 1467 1138 positum
1516 1058 1637 1126 est,
1698 1055 1856 1119 1111111
1903 1055 2033 1119 sint
2079 1056 2253 1120 aliud
2301 1076 2488 1139 quam
2537 1078 2674 1142 pro-

371 1164 679 1248 phetiae?
746 1166 858 1227 aut
921 1162 1065 1227 ideo
1130 1182 1255 1227 non
1324 1164 1423 1226 est
1479 1162 1553 1225 de
1615 1161 1867 1227 Christo
1923 1161 2276 1244 prophetia,
2341 1165 2490 1246 quia
2542 1165 2674 1245 illa,

374 1288 534 1353 quae
590 1270 655 1333 in
715 1288 790 1334 ea
844 1269 1117 1333 lectione
1177 1269 1281 1332 uel
1336 1268 1781 1351 praecedentia
1844 1268 1952 1333 uel
2017 1270 2470 1352 consequentia
2534 1290 2678 1337 con·

373 1380 691 1453 texuntur,
762 1376 925 1440 nihil
986 1376 1298 1458 pertinere
1355 1374 1656 1439 uidentur
1713 1376 1792 1439 ad
1849 1374 2168 1440 Christum
2191 1376 2225 1443 P
2290 1378 2473 1457 quasi
2527 1396 2675 1443 uero

376 1484 715 1567 quicquam
763 1483 851 1547 sit
894 1483 1079 1565 peius
1125 1484 1291 1545 inter
1343 1482 1706 1552 maledicta.
1766 1501 1925 1565 quae
1973 1482 2226 1547 Iudaeis
2281 1502 2394 1567 pro
2449 1485 2674 1550 merito

307 1614 336 1648 o
374 1590 707 1674 superbiae
761 1590 1087 1673 inpietatis
1146 1589 1529 1666 acciderunt,
1590 1609 1780 1671 quam
1837 1590 2053 1654 uidere
2102 1590 2300 1655 uitam
2360 1610 2562 1668 suam,
2608 1591 2676 1655 id

376 1700 476 1761 est
514 1696 717 1761 filium
759 1696 879 1772 dei,
921 1696 1303 1778 pendentem
1346 1698 1411 1759 et
1449 1715 1571 1761 non
1614 1695 1864 1759 credere
1903 1696 2076 1759 uitae
2115 1715 2286 1761 suae.
2333 1698 2677 1762 maledicta

376 1804 547 1869 enim
595 1822 741 1867 cum
791 1822 861 1867 ex
908 1802 1243 1887 prophetia
1292 1802 1609 1869 dicuntur.
1673 1821 1794 1866 non
1849 1806 2000 1865 sunt
2047 1803 2124 1867 de
2169 1804 2338 1867 malo
2387 1810 2538 1869 uoto
2583 1804 2675 1869 in·

371 1911 713 1993 precantia,
755 1910 868 1975 sed
917 1910 994 1973 de
1042 1910 1327 1992 praescio
1378 1910 1607 1992 spiritu
1657 1909 2112 1975 denuntiantis.
2161 1911 2476 1987 1131111113,
2516 1930 2677 1993 quae

374 2018 451 2082 de
506 2018 677 2083 malo
735 2021 889 2082 uoto
948 2020 1117 2095 sunt,
1184 2017 1624 2101 prohibentur,
1696 2037 1839 2082 cum
1911 2018 2179 2082 dicitur:
2245 2018 2674 2083 benedicite

284 2148 335 2185 15
376 2128 450 2187 et
512 2124 755 2188 nolite
820 2124 1298 2190 maledicere.
1366 2123 1525 2187 haec
1591 2127 1806 2187 autem
1873 2143 2086 2205 saepe⁴
2125 2124 2544 2188 inueniuntur
2607 2123 2672 2187 in

376 2250 663 2295 sermone
722 2234 1107 2295 sanctorum.
1178 2231 1347 2296 sicut
1401 2231 1731 2313 apostolus
1780 2231 2042 2305 PauluS,
2091 2231 2528 2308 Alexander,
2581 2230 2675 2294 in-

376 2339 535 2419 quit,
598 2338 939 2401 aerarius
996 2339 1238 2401 multa
1292 2338 1490 2403 mala
1543 2338 1730 2401 mihi
1789 2337 2157 2413 ostendit;
2221 2338 2488 2402 reddet
2552 2336 2674 2400 illi

376 2444 728 2511 dominus
786 2444 1196 2509 secundum
1256 2463 1483 2526 opera
1538 2462 1690 2509 sua.
1759 2463 1900 2507 nam
1957 2444 2122 2508 illud
2171 2448 2496 2526 tamquam
2545 2446 2672 2511 sto—

374 2552 708 2615 machatus
757 2555 822 2614 et
866 2550 1235 2634 indignatus
1276 2552 1465 2615 etiam
1505 2552 1671 2614 male
1717 2554 1972 2633 optasse
2010 2551 2267 2615 uidetur
2305 2552 2670 2633 apostolus:

285 2678 338 2715 τυ
376 2660 663 2723 utinam
705 2662 779 2722 et
816 2658 1331 2737 abscidantur,
1365 2659 1491 2739 qui
1528 2678 1666 2723 uos
1707 2659 2190 2722 conturbant!
2232 2656 2402 2739 quod
2428 2658 2672 2738 utique,

371 2766 429 2829 si
486 2765 848 2831 consideres
906 2783 1240 2847 personam
1299 2764 1658 2839 scribentis,
1714 2764 1921 2847 magis
1993 2784 2137 2829 eum
2197 2763 2674 2847 elegantissimo

378 2871 681 2955 ambiguo
731 2871 891 2936 bene
941 2874 1195 2955 optasse
1242 2871 1607 2954 intelleges,
1659 2873 1835 2934 sunt
1883 2870 2073 2933 enim
2115 2869 2506 2952 spadones,
2548 2870 2674 2950 qui

373 2996 451 3042 se
497 2976 709 3061 ipsos
758 2977 1262 3042 absciderunt
1306 2980 1620 3059 propter
1665 2996 1976 3059 regnum
2037 2977 2434 3041 caelorum.
2503 2975 2672 3056 quod

368 3084 433 3147 in
482 3083 582 3147 his
632 3101 883 3165 quoque
934 3084 1147 3147 uerbis
1194 3083 1473 3146 Faustus
1523 3083 1862 3165 sapuisset,
1924 3082 1978 3147 si
2032 3082 2208 3165 pium
2262 3082 2544 3165 palatum
2596 3080 2672 3144 ad

294 3206 348 3246 ²⁵
374 3209 553 3255 escas
602 3191 950 3255 dominicas
1008 3191 1369 3256 adtulisset.
1438 3191 1532 3255 sic
1590 3190 1756 3253 enim
1814 3190 2030 3254 sonuit
2084 3191 2351 3254 fortasse
2399 3187 2671 3266 IudaeiS,

370 3296 539 3378 quod
606 3298 847 3361 dictum
917 3302 1053 3362 est:
1130 3298 1439 3362 uidebis
1507 3297 1747 3361 uitam
1813 3300 2018 3360 tuam
2083 3295 2529 3379 pendentem
2598 3298 2673 3358 et

370 3423 509 3469 non
571 3404 831 3467 credes
889 3403 1095 3467 uitae
1152 3406 1351 3473 tuae,
1408 3405 1484 3466 ut
1534 3404 1702 3466 inter
1747 3402 1954 3466 minas
2003 3403 2110 3465 uel
2157 3402 2338 3466 dolos
2385 3400 2668 3465 hostium

552 3665 619 3717 14
636 3663 788 3718 Rom.
814 3665 897 3727 12,
926 3665 989 3717 14
1102 3664 1165 3716 16
1184 3663 1238 3716 Π
1257 3662 1391 3717 Tim.
1422 3664 1471 3722 4,
1498 3664 1563 3715 14
1673 3662 1743 3716 20
1770 3660 1888 3717 Gal.
1919 3664 1968 3727 5,
2003 3662 2068 3715 12
2177 3663 2247 3715 22
2265 3660 2463 3715 Matth.
2497 3662 2579 3727 19,
2605 3660 2670 3714 12

444 3816 467 3867 1
511 3814 791 3883 quisquam
833 3828 878 3879 [s
915 3830 958 3867 s.
998 3816 1033 3867 l.
1074 3832 1111 3865 α
1146 3831 1215 3866 m.
1257 3815 1306 3879 1)
1350 3814 1397 3864 J.
1508 3814 1540 3865 6
1587 3813 1874 3883 prophetia
1911 3814 1954 3865 G
2069 3813 2098 3864 7
2139 3814 2194 3865 in
2234 3828 2338 3867 om.
2379 3812 2424 3865 Ο
2542 3828 2669 3863 6011-

366 3904 643 3971 texuntur]
698 3906 1099 3971 consequuntur
1154 3900 1487 3955 LPsMG²b
1673 3902 1741 3956 10
1787 3901 2096 3972 superbiae]
2163 3900 2424 3971 superbae
2465 3900 2670 3954 SGMb

368 3995 425 4046 et
442 3992 741 4061 impietatis
762 3992 841 4061 (et
861 4008 897 4045 a
924 4008 991 4043 m.
1024 3990 1077 4058 2)
1098 3990 1145 4045 S
1251 3991 1315 4042 12
1343 3991 1683 4060 inprecantes
1703 3992 1778 4045 L¹
1893 3992 1958 4045 13
1987 3991 2194 4062 prescio
2226 3990 2398 4059 hacid.
2430 4006 2500 4041 m.
2529 3992 2585 4057 2)
2617 3989 2668 4041 L

367 4080 750 4134 denuntiantes
789 4083 863 4135 L¹
1014 4081 1076 4134 17
1115 4080 1347 4134 *erarius
1385 4082 1437 4149 (a
1475 4079 1567 4147 er.)
1606 4079 1680 4131 M
1816 4080 2014 4133 reddat
2048 4078 2212 4135 806²
2363 4078 2428 4131 18
2465 4078 2668 4131 stoma-

368 4172 520 4221 catus
546 4168 697 4221 L¹G¹
716 4167 1113 4235 stomachastus
1135 4171 1189 4236 (a
1208 4182 1306 4219 sec.
1329 4182 1464 4222 corr.
1485 4183 1551 4220 ex
1578 4171 1634 4234 u)
1665 4166 2093 4221 Osthomacatns
2114 4166 2186 4217 M
2189 4166 2206 4196 ¹
2320 4166 2390 4219 20
2419 4168 2475 4217 et
2502 4180 2606 4219 om.
2629 4162 2676 4215 S

368 4255 753 4311 abscindantur
793 4256 923 4311 GSb
1034 4257 1100 4309 21
1148 4255 1541 4325 eligantissimo
1582 4256 1656 4308 L1
1768 4258 1835 4308 22
1875 4256 2092 4309 01113886
2131 4254 2177 4307 0
2211 4258 2428 4323 optasse
2467 4254 2518 4321 (e
2555 4268 2598 4305 s.
2631 4250 2670 4303 1.

370 4365 440 4401 m.
480 4347 531 4413 1)
570 4346 621 4397 L
764 4344 1055 4413 intelleges
1093 4344 1169 4397 L¹

422 4468 554 4508 XXV.
586 4468 705 4517 Aug.
736 4473 847 4508 sect.
878 4470 917 4507 6.
2527 4448 2598 4501 30
