<?xml version="1.0" encoding="UTF-8"?>
<!DOCTYPE html PUBLIC "-//W3C//DTD XHTML 1.0 Transitional//EN"
    "http://www.w3.org/TR/xhtml1/DTD/xhtml1-transitional.dtd">
<html xmlns="http://www.w3.org/1999/xhtml" xml:lang="en" lang="en">
 <head>
  <title>
</title>
<meta http-equiv="Content-Type" content="text/html;charset=utf-8" />
  <meta name='ocr-system' content='tesseract 3.04.00' />
  <meta name='ocr-capabilities' content='ocr_page ocr_carea ocr_par ocr_line ocrx_word'/>
</head>
<body>
  <div class='ocr_page' id='page_1' title='image "./corpusscriptoru27wissgoog_0497.png"; bbox 0 0 3159 4984; ppageno 0'>
   <div class='ocr_carea' id='block_1_1' title="bbox 358 1684 412 1723">
    <p class='ocr_par' dir='ltr' id='par_1_1' title="bbox 358 1684 412 1723">
     <span class='ocr_line' id='line_1_1' title="bbox 358 1684 412 1723; baseline -0.037 0"><span class='ocrx_word' id='word_1_1' title='bbox 358 1684 412 1723; x_wconf 84' lang='lat'><strong>10</strong></span> 
     </span>
    </p>
   </div>
   <div class='ocr_carea' id='block_1_2' title="bbox 361 2216 411 2254">
    <p class='ocr_par' dir='ltr' id='par_1_2' title="bbox 361 2216 411 2254">
     <span class='ocr_line' id='line_1_2' title="bbox 361 2216 411 2254; baseline -0.02 0"><span class='ocrx_word' id='word_1_2' title='bbox 361 2216 411 2254; x_wconf 86' lang='lat'><strong>15</strong></span> 
     </span>
    </p>
   </div>
   <div class='ocr_carea' id='block_1_3' title="bbox 356 2749 414 2788">
    <p class='ocr_par' dir='ltr' id='par_1_3' title="bbox 356 2749 414 2788">
     <span class='ocr_line' id='line_1_3' title="bbox 356 2749 414 2788; baseline 0.017 -1"><span class='ocrx_word' id='word_1_3' title='bbox 356 2749 414 2788; x_wconf 75' lang='lat'><strong>20</strong></span> 
     </span>
    </p>
   </div>
   <div class='ocr_carea' id='block_1_4' title="bbox 966 504 2738 570">
    <p class='ocr_par' dir='ltr' id='par_1_4' title="bbox 966 504 2738 570">
     <span class='ocr_line' id='line_1_4' title="bbox 966 504 2738 570; baseline 0.002 -11"><span class='ocrx_word' id='word_1_4' title='bbox 966 506 1056 559; x_wconf 86' lang='lat' dir='ltr'><strong>VI.</strong></span> <span class='ocrx_word' id='word_1_5' title='bbox 1114 506 1406 561; x_wconf 78' lang='lat' dir='ltr'>Contra</span> <span class='ocrx_word' id='word_1_6' title='bbox 1461 508 1832 561; x_wconf 77' lang='lat' dir='ltr'><strong>Faustum</strong></span> <span class='ocrx_word' id='word_1_7' title='bbox 1896 505 2026 559; x_wconf 90' lang='lat' dir='ltr'><strong>lib.</strong></span> <span class='ocrx_word' id='word_1_8' title='bbox 2063 504 2238 559; x_wconf 85' lang='lat' dir='ltr'>XVII.</span> <span class='ocrx_word' id='word_1_9' title='bbox 2609 506 2738 570; x_wconf 83' lang='lat'>48¹7</span> 
     </span>
    </p>
   </div>
   <div class='ocr_carea' id='block_1_5' title="bbox 442 702 2748 3241">
    <p class='ocr_par' dir='ltr' id='par_1_5' title="bbox 442 702 2748 3241">
     <span class='ocr_line' id='line_1_5' title="bbox 442 702 2746 785; baseline -0.002 -18"><span class='ocrx_word' id='word_1_10' title='bbox 442 705 592 769; x_wconf 90' lang='lat' dir='ltr'><strong>talis</strong></span> <span class='ocrx_word' id='word_1_11' title='bbox 648 702 1025 767; x_wconf 75' lang='lat' dir='ltr'><strong>narrationis</strong></span> <span class='ocrx_word' id='word_1_12' title='bbox 1079 702 1480 784; x_wconf 90' lang='lat' dir='ltr'><strong>reperiuntur</strong></span> <span class='ocrx_word' id='word_1_13' title='bbox 1534 703 1856 785; x_wconf 87' lang='lat' dir='ltr'><strong>exempla;</strong></span> <span class='ocrx_word' id='word_1_14' title='bbox 1915 702 2028 767; x_wconf 90' lang='lat' dir='ltr'><strong>sed</strong></span> <span class='ocrx_word' id='word_1_15' title='bbox 2087 720 2209 766; x_wconf 90' lang='lat' dir='ltr'><strong>non</strong></span> <span class='ocrx_word' id='word_1_16' title='bbox 2269 720 2428 785; x_wconf 89' lang='lat' dir='ltr'><strong>opus</strong></span> <span class='ocrx_word' id='word_1_17' title='bbox 2488 702 2606 767; x_wconf 86' lang='lat' dir='ltr'><strong>est.</strong></span> <span class='ocrx_word' id='word_1_18' title='bbox 2669 702 2746 763; x_wconf 91' lang='lat' dir='ltr'><strong>ut</strong></span> 
     </span>
     <span class='ocr_line' id='line_1_6' title="bbox 444 806 2740 895; baseline -0.003 -20"><span class='ocrx_word' id='word_1_19' title='bbox 444 831 515 875; x_wconf 84' lang='lat' dir='ltr'><strong>ex</strong></span> <span class='ocrx_word' id='word_1_20' title='bbox 572 812 695 875; x_wconf 89' lang='lat' dir='ltr'><strong>alio</strong></span> <span class='ocrx_word' id='word_1_21' title='bbox 754 829 981 895; x_wconf 84' lang='lat' dir='ltr'><strong>genere</strong></span> <span class='ocrx_word' id='word_1_22' title='bbox 1036 810 1391 874; x_wconf 90' lang='lat' dir='ltr'><strong>litterarum</strong></span> <span class='ocrx_word' id='word_1_23' title='bbox 1450 811 1555 875; x_wconf 92' lang='lat' dir='ltr'><strong>uel</strong></span> <span class='ocrx_word' id='word_1_24' title='bbox 1621 812 1872 874; x_wconf 88' lang='lat' dir='ltr'><strong>nostros</strong></span> <span class='ocrx_word' id='word_1_25' title='bbox 1937 808 2308 873; x_wconf 83' lang='lat' dir='ltr'><strong>admoneam</strong></span> <span class='ocrx_word' id='word_1_26' title='bbox 2372 809 2479 872; x_wconf 91' lang='lat' dir='ltr'><strong>uel</strong></span> <span class='ocrx_word' id='word_1_27' title='bbox 2542 806 2740 871; x_wconf 81' lang='lat' dir='ltr'><strong>istum</strong></span> 
     </span>
     <span class='ocr_line' id='line_1_7' title="bbox 446 914 2742 999; baseline -0 -19"><span class='ocrx_word' id='word_1_28' title='bbox 446 916 750 980; x_wconf 83' lang='lat' dir='ltr'><strong>refellam.</strong></span> <span class='ocrx_word' id='word_1_29' title='bbox 802 916 937 999; x_wconf 87' lang='lat' dir='ltr'><strong>ipse</strong></span> <span class='ocrx_word' id='word_1_30' title='bbox 986 921 1155 979; x_wconf 89' lang='lat' dir='ltr'><strong>certe</strong></span> <span class='ocrx_word' id='word_1_31' title='bbox 1204 917 1394 999; x_wconf 92' lang='lat' dir='ltr'><strong>paulo</strong></span> <span class='ocrx_word' id='word_1_32' title='bbox 1445 919 1589 979; x_wconf 90' lang='lat' dir='ltr'><strong>ante</strong></span> <span class='ocrx_word' id='word_1_33' title='bbox 1631 915 1706 979; x_wconf 92' lang='lat' dir='ltr'><strong>de</strong></span> <span class='ocrx_word' id='word_1_34' title='bbox 1744 915 1926 979; x_wconf 91' lang='lat' dir='ltr'><strong>libris</strong></span> <span class='ocrx_word' id='word_1_35' title='bbox 1963 914 2175 999; x_wconf 81' lang='lat' dir='ltr'><strong>Moysi</strong></span> <span class='ocrx_word' id='word_1_36' title='bbox 2215 915 2524 996; x_wconf 87' lang='lat' dir='ltr'><strong>quaedam</strong></span> <span class='ocrx_word' id='word_1_37' title='bbox 2561 916 2742 979; x_wconf 88' lang='lat' dir='ltr'><strong>testi-</strong></span> 
     </span>
     <span class='ocr_line' id='line_1_8' title="bbox 448 1021 2740 1106; baseline 0 -20"><span class='ocrx_word' id='word_1_38' title='bbox 448 1024 653 1087; x_wconf 86' lang='lat' dir='ltr'><strong>monia</strong></span> <span class='ocrx_word' id='word_1_39' title='bbox 718 1023 811 1086; x_wconf 88' lang='lat' dir='ltr'><strong>ita</strong></span> <span class='ocrx_word' id='word_1_40' title='bbox 872 1021 1248 1105; x_wconf 70' lang='lat' dir='ltr'><strong>proferebat,</strong></span> <span class='ocrx_word' id='word_1_41' title='bbox 1308 1025 1383 1086; x_wconf 88' lang='lat' dir='ltr'><strong>ut</strong></span> <span class='ocrx_word' id='word_1_42' title='bbox 1438 1042 1561 1087; x_wconf 92' lang='lat' dir='ltr'><strong>non</strong></span> <span class='ocrx_word' id='word_1_43' title='bbox 1627 1041 1701 1087; x_wconf 90' lang='lat' dir='ltr'><strong>ea</strong></span> <span class='ocrx_word' id='word_1_44' title='bbox 1759 1023 2017 1106; x_wconf 77' lang='lat' dir='ltr'><strong>negaret</strong></span> <span class='ocrx_word' id='word_1_45' title='bbox 2073 1022 2404 1105; x_wconf 83' lang='lat' dir='ltr'><strong>scripsisse</strong></span> <span class='ocrx_word' id='word_1_46' title='bbox 2451 1021 2740 1105; x_wconf 79' lang='lat' dir='ltr'><strong>Moysen.</strong></span> 
     </span>
     <span class='ocr_line' id='line_1_9' title="bbox 446 1128 2742 1211; baseline -0.001 -18"><span class='ocrx_word' id='word_1_47' title='bbox 446 1132 641 1196; x_wconf 87' lang='lat' dir='ltr'><strong>immo</strong></span> <span class='ocrx_word' id='word_1_48' title='bbox 699 1132 764 1193; x_wconf 90' lang='lat' dir='ltr'><strong>et</strong></span> <span class='ocrx_word' id='word_1_49' title='bbox 820 1128 1196 1205; x_wconf 74' lang='lat' dir='ltr'><strong>adfirmaret,</strong></span> <span class='ocrx_word' id='word_1_50' title='bbox 1255 1128 1365 1193; x_wconf 88' lang='lat' dir='ltr'><strong>sed</strong></span> <span class='ocrx_word' id='word_1_51' title='bbox 1424 1129 1501 1192; x_wconf 90' lang='lat' dir='ltr'><strong>ad</strong></span> <span class='ocrx_word' id='word_1_52' title='bbox 1560 1128 1886 1193; x_wconf 78' lang='lat' dir='ltr'><strong>Christum</strong></span> <span class='ocrx_word' id='word_1_53' title='bbox 1939 1149 2064 1193; x_wconf 91' lang='lat' dir='ltr'><strong>non</strong></span> <span class='ocrx_word' id='word_1_54' title='bbox 2119 1129 2432 1211; x_wconf 84' lang='lat' dir='ltr'><strong>pertinere</strong></span> <span class='ocrx_word' id='word_1_55' title='bbox 2489 1130 2742 1194; x_wconf 89' lang='lat' dir='ltr'><strong>conten—</strong></span> 
     </span>
     <span class='ocr_line' id='line_1_10' title="bbox 448 1236 2742 1321; baseline -0 -20"><span class='ocrx_word' id='word_1_56' title='bbox 448 1238 641 1301; x_wconf 87' lang='lat' dir='ltr'><strong>deret.</strong></span> <span class='ocrx_word' id='word_1_57' title='bbox 679 1238 899 1321; x_wconf 86' lang='lat' dir='ltr'><strong>legant</strong></span> <span class='ocrx_word' id='word_1_58' title='bbox 936 1256 1083 1319; x_wconf 87' lang='lat' dir='ltr'><strong>ergo</strong></span> <span class='ocrx_word' id='word_1_59' title='bbox 1122 1236 1185 1299; x_wconf 93' lang='lat' dir='ltr'><strong>in</strong></span> <span class='ocrx_word' id='word_1_60' title='bbox 1228 1236 1466 1299; x_wconf 87' lang='lat' dir='ltr'><strong>eisdem</strong></span> <span class='ocrx_word' id='word_1_61' title='bbox 1505 1236 1707 1304; x_wconf 78' lang='lat' dir='ltr'><strong>libris.</strong></span> <span class='ocrx_word' id='word_1_62' title='bbox 1750 1254 1909 1318; x_wconf 89' lang='lat' dir='ltr'><strong>quae</strong></span> <span class='ocrx_word' id='word_1_63' title='bbox 1949 1236 2027 1300; x_wconf 90' lang='lat' dir='ltr'><strong>de</strong></span> <span class='ocrx_word' id='word_1_64' title='bbox 2066 1255 2135 1301; x_wconf 90' lang='lat' dir='ltr'><strong>se</strong></span> <span class='ocrx_word' id='word_1_65' title='bbox 2175 1236 2436 1319; x_wconf 80' lang='lat' dir='ltr'><strong>scripsit</strong></span> <span class='ocrx_word' id='word_1_66' title='bbox 2461 1236 2742 1319; x_wconf 75' lang='lat' dir='ltr'><strong>MoyseS,</strong></span> 
     </span>
     <span class='ocr_line' id='line_1_11' title="bbox 448 1341 2742 1425; baseline -0 -17"><span class='ocrx_word' id='word_1_67' title='bbox 448 1348 661 1409; x_wconf 84' lang='lat' dir='ltr'><strong>utrum</strong></span> <span class='ocrx_word' id='word_1_68' title='bbox 726 1345 818 1407; x_wconf 91' lang='lat' dir='ltr'><strong>ita</strong></span> <span class='ocrx_word' id='word_1_69' title='bbox 882 1344 1242 1425; x_wconf 86' lang='lat' dir='ltr'><strong>scripserit:</strong></span> <span class='ocrx_word' id='word_1_70' title='bbox 1311 1343 1457 1409; x_wconf 84' lang='lat' dir='ltr'><strong>dixi.</strong></span> <span class='ocrx_word' id='word_1_71' title='bbox 1519 1347 1666 1406; x_wconf 90' lang='lat' dir='ltr'><strong>aut:</strong></span> <span class='ocrx_word' id='word_1_72' title='bbox 1735 1342 1854 1407; x_wconf 89' lang='lat' dir='ltr'><strong>feci</strong></span> <span class='ocrx_word' id='word_1_73' title='bbox 1921 1344 2042 1407; x_wconf 87' lang='lat' dir='ltr'><strong>hoc</strong></span> <span class='ocrx_word' id='word_1_74' title='bbox 2101 1345 2205 1407; x_wconf 92' lang='lat' dir='ltr'><strong>uel</strong></span> <span class='ocrx_word' id='word_1_75' title='bbox 2259 1341 2441 1419; x_wconf 84' lang='lat' dir='ltr'><strong>illud,</strong></span> <span class='ocrx_word' id='word_1_76' title='bbox 2501 1347 2566 1407; x_wconf 92' lang='lat' dir='ltr'><strong>et</strong></span> <span class='ocrx_word' id='word_1_77' title='bbox 2619 1362 2742 1407; x_wconf 93' lang='lat' dir='ltr'><strong>non</strong></span> 
     </span>
     <span class='ocr_line' id='line_1_12' title="bbox 447 1450 2742 1535; baseline -0 -20"><span class='ocrx_word' id='word_1_78' title='bbox 447 1452 699 1534; x_wconf 88' lang='lat' dir='ltr'><strong>potius:</strong></span> <span class='ocrx_word' id='word_1_79' title='bbox 762 1450 955 1514; x_wconf 82' lang='lat' dir='ltr'><strong>dixit</strong></span> <span class='ocrx_word' id='word_1_80' title='bbox 1000 1451 1302 1535; x_wconf 77' lang='lat' dir='ltr'><strong>Moyses</strong></span> <span class='ocrx_word' id='word_1_81' title='bbox 1354 1454 1449 1514; x_wconf 93' lang='lat' dir='ltr'><strong>et:</strong></span> <span class='ocrx_word' id='word_1_82' title='bbox 1500 1450 1690 1514; x_wconf 88' lang='lat' dir='ltr'><strong>fecit</strong></span> <span class='ocrx_word' id='word_1_83' title='bbox 1735 1451 2057 1534; x_wconf 56' lang='lat' dir='ltr'><strong>Moyses</strong></span> <span class='ocrx_word' id='word_1_84' title='bbox 2119 1454 2266 1515; x_wconf 87' lang='lat' dir='ltr'><strong>aut:</strong></span> <span class='ocrx_word' id='word_1_85' title='bbox 2324 1450 2587 1514; x_wconf 89' lang='lat' dir='ltr'><strong>uocauit</strong></span> <span class='ocrx_word' id='word_1_86' title='bbox 2641 1469 2742 1514; x_wconf 91' lang='lat' dir='ltr'><strong>me</strong></span> 
     </span>
     <span class='ocr_line' id='line_1_13' title="bbox 450 1556 2748 1640; baseline -0.001 -18"><span class='ocrx_word' id='word_1_87' title='bbox 450 1558 743 1622; x_wconf 89' lang='lat' dir='ltr'><strong>dominus</strong></span> <span class='ocrx_word' id='word_1_88' title='bbox 790 1558 935 1621; x_wconf 90' lang='lat' dir='ltr'><strong>uel:</strong></span> <span class='ocrx_word' id='word_1_89' title='bbox 998 1558 1155 1621; x_wconf 86' lang='lat' dir='ltr'><strong>dixit</strong></span> <span class='ocrx_word' id='word_1_90' title='bbox 1202 1557 1279 1620; x_wconf 87' lang='lat' dir='ltr'><strong>ad</strong></span> <span class='ocrx_word' id='word_1_91' title='bbox 1327 1576 1429 1621; x_wconf 90' lang='lat' dir='ltr'><strong>me</strong></span> <span class='ocrx_word' id='word_1_92' title='bbox 1479 1556 1798 1622; x_wconf 90' lang='lat' dir='ltr'><strong>dominus.</strong></span> <span class='ocrx_word' id='word_1_93' title='bbox 1849 1561 1914 1621; x_wconf 90' lang='lat' dir='ltr'><strong>et</strong></span> <span class='ocrx_word' id='word_1_94' title='bbox 1959 1578 2081 1622; x_wconf 85' lang='lat' dir='ltr'><strong>non</strong></span> <span class='ocrx_word' id='word_1_95' title='bbox 2130 1557 2383 1640; x_wconf 86' lang='lat' dir='ltr'><strong>potius:</strong></span> <span class='ocrx_word' id='word_1_96' title='bbox 2433 1556 2748 1621; x_wconf 87' lang='lat' dir='ltr'><strong>uocauit</strong></span> 
     </span>
     <span class='ocr_line' id='line_1_14' title="bbox 454 1663 2746 1748; baseline -0 -21"><span class='ocrx_word' id='word_1_97' title='bbox 454 1664 799 1729; x_wconf 89' lang='lat' dir='ltr'><strong>dominus</strong></span> <span class='ocrx_word' id='word_1_98' title='bbox 838 1666 1151 1748; x_wconf 74' lang='lat' dir='ltr'><strong>Moysen</strong></span> <span class='ocrx_word' id='word_1_99' title='bbox 1190 1668 1290 1728; x_wconf 91' lang='lat' dir='ltr'><strong>et:</strong></span> <span class='ocrx_word' id='word_1_100' title='bbox 1334 1664 1525 1727; x_wconf 87' lang='lat' dir='ltr'><strong>dixit</strong></span> <span class='ocrx_word' id='word_1_101' title='bbox 1564 1663 1914 1729; x_wconf 89' lang='lat' dir='ltr'><strong>dominus</strong></span> <span class='ocrx_word' id='word_1_102' title='bbox 1955 1664 2044 1727; x_wconf 92' lang='lat' dir='ltr'><strong>ad</strong></span> <span class='ocrx_word' id='word_1_103' title='bbox 2079 1665 2390 1748; x_wconf 78' lang='lat' dir='ltr'><strong>Moysen</strong></span> <span class='ocrx_word' id='word_1_104' title='bbox 2433 1667 2496 1727; x_wconf 89' lang='lat' dir='ltr'><strong>et</strong></span> <span class='ocrx_word' id='word_1_105' title='bbox 2536 1664 2746 1728; x_wconf 88' lang='lat' dir='ltr'><strong>omnia</strong></span> 
     </span>
     <span class='ocr_line' id='line_1_15' title="bbox 458 1770 2744 1853; baseline 0 -20"><span class='ocrx_word' id='word_1_106' title='bbox 458 1775 666 1833; x_wconf 85' lang='lat' dir='ltr'><strong>cetera</strong></span> <span class='ocrx_word' id='word_1_107' title='bbox 711 1771 772 1834; x_wconf 93' lang='lat' dir='ltr'><strong>in</strong></span> <span class='ocrx_word' id='word_1_108' title='bbox 824 1772 1092 1836; x_wconf 87' lang='lat' dir='ltr'><strong>eundem</strong></span> <span class='ocrx_word' id='word_1_109' title='bbox 1138 1771 1422 1837; x_wconf 89' lang='lat' dir='ltr'><strong>modum.</strong></span> <span class='ocrx_word' id='word_1_110' title='bbox 1489 1771 1579 1833; x_wconf 90' lang='lat' dir='ltr'><strong>ita</strong></span> <span class='ocrx_word' id='word_1_111' title='bbox 1627 1790 1772 1853; x_wconf 88' lang='lat' dir='ltr'><strong>ergo</strong></span> <span class='ocrx_word' id='word_1_112' title='bbox 1823 1772 1887 1835; x_wconf 92' lang='lat' dir='ltr'><strong>et</strong></span> <span class='ocrx_word' id='word_1_113' title='bbox 1931 1770 2298 1835; x_wconf 87' lang='lat' dir='ltr'><strong>Matthaeus</strong></span> <span class='ocrx_word' id='word_1_114' title='bbox 2347 1771 2422 1834; x_wconf 90' lang='lat' dir='ltr'><strong>de</strong></span> <span class='ocrx_word' id='word_1_115' title='bbox 2471 1790 2538 1835; x_wconf 90' lang='lat' dir='ltr'><strong>se</strong></span> <span class='ocrx_word' id='word_1_116' title='bbox 2585 1773 2744 1834; x_wconf 85' lang='lat' dir='ltr'><strong>tam-</strong></span> 
     </span>
     <span class='ocr_line' id='line_1_16' title="bbox 455 1877 2746 1961; baseline 0 -21"><span class='ocrx_word' id='word_1_117' title='bbox 455 1897 639 1958; x_wconf 87' lang='lat' dir='ltr'><strong>quam</strong></span> <span class='ocrx_word' id='word_1_118' title='bbox 710 1877 783 1941; x_wconf 93' lang='lat' dir='ltr'><strong>de</strong></span> <span class='ocrx_word' id='word_1_119' title='bbox 851 1878 973 1941; x_wconf 90' lang='lat' dir='ltr'><strong>alio</strong></span> <span class='ocrx_word' id='word_1_120' title='bbox 1046 1877 1334 1961; x_wconf 86' lang='lat' dir='ltr'><strong>scripsit:</strong></span> <span class='ocrx_word' id='word_1_121' title='bbox 1404 1878 1573 1960; x_wconf 90' lang='lat' dir='ltr'><strong>quod</strong></span> <span class='ocrx_word' id='word_1_122' title='bbox 1639 1880 1707 1941; x_wconf 91' lang='lat' dir='ltr'><strong>et</strong></span> <span class='ocrx_word' id='word_1_123' title='bbox 1757 1878 2069 1942; x_wconf 82' lang='lat' dir='ltr'><strong>Iohannes</strong></span> <span class='ocrx_word' id='word_1_124' title='bbox 2133 1877 2302 1941; x_wconf 83' lang='lat' dir='ltr'><strong>fecit.</strong></span> <span class='ocrx_word' id='word_1_125' title='bbox 2369 1896 2514 1941; x_wconf 86' lang='lat' dir='ltr'><strong>nam</strong></span> <span class='ocrx_word' id='word_1_126' title='bbox 2582 1877 2746 1941; x_wconf 88' lang='lat' dir='ltr'><strong>circa</strong></span> 
     </span>
     <span class='ocr_line' id='line_1_17' title="bbox 454 1984 2744 2067; baseline 0 -21"><span class='ocrx_word' id='word_1_127' title='bbox 454 1984 643 2047; x_wconf 89' lang='lat' dir='ltr'><strong>finem</strong></span> <span class='ocrx_word' id='word_1_128' title='bbox 690 1984 835 2048; x_wconf 87' lang='lat' dir='ltr'><strong>libri</strong></span> <span class='ocrx_word' id='word_1_129' title='bbox 885 1985 983 2048; x_wconf 88' lang='lat' dir='ltr'><strong>sui</strong></span> <span class='ocrx_word' id='word_1_130' title='bbox 1033 1984 1221 2047; x_wconf 90' lang='lat' dir='ltr'><strong>etiam</strong></span> <span class='ocrx_word' id='word_1_131' title='bbox 1280 1984 1415 2066; x_wconf 88' lang='lat' dir='ltr'><strong>ipse</strong></span> <span class='ocrx_word' id='word_1_132' title='bbox 1476 1984 1569 2049; x_wconf 89' lang='lat' dir='ltr'><strong>sic</strong></span> <span class='ocrx_word' id='word_1_133' title='bbox 1626 1986 1944 2067; x_wconf 88' lang='lat' dir='ltr'><strong>loquitur:</strong></span> <span class='ocrx_word' id='word_1_134' title='bbox 2015 2003 2427 2049; x_wconf 87' lang='lat' dir='ltr'><strong>conuersus</strong></span> <span class='ocrx_word' id='word_1_135' title='bbox 2475 1984 2744 2049; x_wconf 89' lang='lat' dir='ltr'><strong>Petrus</strong></span> 
     </span>
     <span class='ocr_line' id='line_1_18' title="bbox 453 2091 2743 2175; baseline 0 -22"><span class='ocrx_word' id='word_1_136' title='bbox 453 2092 657 2155; x_wconf 90' lang='lat' dir='ltr'><strong>uidit</strong></span> <span class='ocrx_word' id='word_1_137' title='bbox 707 2092 1191 2173; x_wconf 88' lang='lat' dir='ltr'><strong>discipulum.</strong></span> <span class='ocrx_word' id='word_1_138' title='bbox 1244 2111 1459 2173; x_wconf 87' lang='lat' dir='ltr'><strong>quem</strong></span> <span class='ocrx_word' id='word_1_139' title='bbox 1500 2092 1877 2175; x_wconf 88' lang='lat' dir='ltr'><strong>diligebat</strong></span> <span class='ocrx_word' id='word_1_140' title='bbox 1913 2092 2150 2157; x_wconf 75' lang='lat' dir='ltr'><strong>Iesus,</strong></span> <span class='ocrx_word' id='word_1_141' title='bbox 2192 2091 2317 2174; x_wconf 90' lang='lat' dir='ltr'><strong>qui</strong></span> <span class='ocrx_word' id='word_1_142' title='bbox 2358 2094 2432 2156; x_wconf 88' lang='lat' dir='ltr'><strong>et</strong></span> <span class='ocrx_word' id='word_1_143' title='bbox 2467 2110 2743 2155; x_wconf 91' lang='lat' dir='ltr'><strong>recum-</strong></span> 
     </span>
     <span class='ocr_line' id='line_1_19' title="bbox 458 2198 2743 2282; baseline 0.001 -22"><span class='ocrx_word' id='word_1_144' title='bbox 458 2198 687 2261; x_wconf 83' lang='lat' dir='ltr'><strong>bebat</strong></span> <span class='ocrx_word' id='word_1_145' title='bbox 740 2199 811 2261; x_wconf 90' lang='lat' dir='ltr'><strong>in</strong></span> <span class='ocrx_word' id='word_1_146' title='bbox 872 2217 1055 2262; x_wconf 92' lang='lat' dir='ltr'><strong>cena</strong></span> <span class='ocrx_word' id='word_1_147' title='bbox 1111 2217 1336 2281; x_wconf 90' lang='lat' dir='ltr'><strong>super</strong></span> <span class='ocrx_word' id='word_1_148' title='bbox 1390 2202 1659 2282; x_wconf 91' lang='lat' dir='ltr'><strong>pectus</strong></span> <span class='ocrx_word' id='word_1_149' title='bbox 1719 2200 1881 2264; x_wconf 89' lang='lat' dir='ltr'><strong>eius</strong></span> <span class='ocrx_word' id='word_1_150' title='bbox 1946 2204 2019 2264; x_wconf 90' lang='lat' dir='ltr'><strong>et</strong></span> <span class='ocrx_word' id='word_1_151' title='bbox 2075 2199 2370 2263; x_wconf 84' lang='lat' dir='ltr'><strong>dixerat</strong></span> <span class='ocrx_word' id='word_1_152' title='bbox 2417 2199 2743 2263; x_wconf 90' lang='lat' dir='ltr'><strong>domino:</strong></span> 
     </span>
     <span class='ocr_line' id='line_1_20' title="bbox 450 2305 2746 2390; baseline 0.002 -23"><span class='ocrx_word' id='word_1_153' title='bbox 450 2305 618 2386; x_wconf 90' lang='lat' dir='ltr'><strong>quis</strong></span> <span class='ocrx_word' id='word_1_154' title='bbox 668 2309 803 2371; x_wconf 89' lang='lat' dir='ltr'><strong>est.</strong></span> <span class='ocrx_word' id='word_1_155' title='bbox 855 2306 981 2389; x_wconf 90' lang='lat' dir='ltr'><strong>qui</strong></span> <span class='ocrx_word' id='word_1_156' title='bbox 1028 2310 1101 2370; x_wconf 87' lang='lat' dir='ltr'><strong>te</strong></span> <span class='ocrx_word' id='word_1_157' title='bbox 1150 2306 1441 2371; x_wconf 77' lang='lat' dir='ltr'><strong>tradet?</strong></span> <span class='ocrx_word' id='word_1_158' title='bbox 1507 2306 1818 2390; x_wconf 90' lang='lat' dir='ltr'><strong>numquid</strong></span> <span class='ocrx_word' id='word_1_159' title='bbox 1866 2310 1932 2372; x_wconf 90' lang='lat' dir='ltr'><strong>et</strong></span> <span class='ocrx_word' id='word_1_160' title='bbox 1985 2306 2089 2372; x_wconf 85' lang='lat' dir='ltr'><strong>hic</strong></span> <span class='ocrx_word' id='word_1_161' title='bbox 2146 2307 2335 2371; x_wconf 84' lang='lat' dir='ltr'><strong>dixit:</strong></span> <span class='ocrx_word' id='word_1_162' title='bbox 2401 2325 2746 2371; x_wconf 89' lang='lat' dir='ltr'><strong>conuersus</strong></span> 
     </span>
     <span class='ocr_line' id='line_1_21' title="bbox 449 2412 2748 2495; baseline 0.001 -21"><span class='ocrx_word' id='word_1_163' title='bbox 449 2412 677 2475; x_wconf 89' lang='lat' dir='ltr'><strong>Petrus</strong></span> <span class='ocrx_word' id='word_1_164' title='bbox 726 2412 891 2475; x_wconf 89' lang='lat' dir='ltr'><strong>uidit</strong></span> <span class='ocrx_word' id='word_1_165' title='bbox 950 2414 1106 2479; x_wconf 78' lang='lat' dir='ltr'><strong>me?</strong></span> <span class='ocrx_word' id='word_1_166' title='bbox 1172 2433 1248 2477; x_wconf 89' lang='lat' dir='ltr'><strong>an</strong></span> <span class='ocrx_word' id='word_1_167' title='bbox 1305 2413 1465 2477; x_wconf 88' lang='lat' dir='ltr'><strong>forte</strong></span> <span class='ocrx_word' id='word_1_168' title='bbox 1523 2416 1851 2495; x_wconf 87' lang='lat' dir='ltr'><strong>propterea</strong></span> <span class='ocrx_word' id='word_1_169' title='bbox 1906 2432 2022 2478; x_wconf 91' lang='lat' dir='ltr'><strong>nec</strong></span> <span class='ocrx_word' id='word_1_170' title='bbox 2079 2412 2278 2477; x_wconf 91' lang='lat' dir='ltr'><strong>istum</strong></span> <span class='ocrx_word' id='word_1_171' title='bbox 2343 2414 2574 2495; x_wconf 87' lang='lat' dir='ltr'><strong>putant</strong></span> <span class='ocrx_word' id='word_1_172' title='bbox 2627 2412 2748 2477; x_wconf 85' lang='lat' dir='ltr'><strong>hoc</strong></span> 
     </span>
     <span class='ocr_line' id='line_1_22' title="bbox 452 2518 2744 2603; baseline 0 -22"><span class='ocrx_word' id='word_1_173' title='bbox 452 2518 855 2602; x_wconf 88' lang='lat' dir='ltr'><strong>euangelium</strong></span> <span class='ocrx_word' id='word_1_174' title='bbox 905 2519 1287 2602; x_wconf 79' lang='lat' dir='ltr'><strong>scripsisse?</strong></span> <span class='ocrx_word' id='word_1_175' title='bbox 1346 2520 1457 2584; x_wconf 89' lang='lat' dir='ltr'><strong>sed</strong></span> <span class='ocrx_word' id='word_1_176' title='bbox 1504 2521 1695 2603; x_wconf 90' lang='lat' dir='ltr'><strong>paulo</strong></span> <span class='ocrx_word' id='word_1_177' title='bbox 1744 2523 1896 2603; x_wconf 92' lang='lat' dir='ltr'><strong>post</strong></span> <span class='ocrx_word' id='word_1_178' title='bbox 1942 2520 2131 2585; x_wconf 90' lang='lat' dir='ltr'><strong>dicit:</strong></span> <span class='ocrx_word' id='word_1_179' title='bbox 2189 2520 2312 2585; x_wconf 90' lang='lat' dir='ltr'><strong>hic</strong></span> <span class='ocrx_word' id='word_1_180' title='bbox 2360 2523 2476 2583; x_wconf 88' lang='lat' dir='ltr'><strong>est</strong></span> <span class='ocrx_word' id='word_1_181' title='bbox 2523 2519 2744 2583; x_wconf 88' lang='lat' dir='ltr'><strong>disci·</strong></span> 
     </span>
     <span class='ocr_line' id='line_1_23' title="bbox 450 2626 2744 2709; baseline 0.001 -22"><span class='ocrx_word' id='word_1_182' title='bbox 450 2626 701 2707; x_wconf 82' lang='lat' dir='ltr'><strong>puluS.</strong></span> <span class='ocrx_word' id='word_1_183' title='bbox 762 2626 888 2706; x_wconf 91' lang='lat' dir='ltr'><strong>qui</strong></span> <span class='ocrx_word' id='word_1_184' title='bbox 944 2627 1427 2691; x_wconf 85' lang='lat' dir='ltr'><strong>testificatur</strong></span> <span class='ocrx_word' id='word_1_185' title='bbox 1484 2628 1568 2691; x_wconf 93' lang='lat' dir='ltr'><strong>de</strong></span> <span class='ocrx_word' id='word_1_186' title='bbox 1617 2628 1789 2692; x_wconf 89' lang='lat' dir='ltr'><strong>Iesu</strong></span> <span class='ocrx_word' id='word_1_187' title='bbox 1849 2632 1924 2690; x_wconf 90' lang='lat' dir='ltr'><strong>et</strong></span> <span class='ocrx_word' id='word_1_188' title='bbox 1979 2628 2106 2709; x_wconf 88' lang='lat' dir='ltr'><strong>qui</strong></span> <span class='ocrx_word' id='word_1_189' title='bbox 2159 2628 2342 2692; x_wconf 88' lang='lat' dir='ltr'><strong>haec</strong></span> <span class='ocrx_word' id='word_1_190' title='bbox 2401 2626 2744 2709; x_wconf 85' lang='lat' dir='ltr'><strong>scripsit;</strong></span> 
     </span>
     <span class='ocr_line' id='line_1_24' title="bbox 454 2732 2748 2815; baseline 0 -20"><span class='ocrx_word' id='word_1_191' title='bbox 454 2734 527 2795; x_wconf 91' lang='lat' dir='ltr'><strong>et</strong></span> <span class='ocrx_word' id='word_1_192' title='bbox 576 2732 882 2797; x_wconf 89' lang='lat' dir='ltr'><strong>scimus.</strong></span> <span class='ocrx_word' id='word_1_193' title='bbox 935 2734 1111 2815; x_wconf 86' lang='lat' dir='ltr'><strong>quia</strong></span> <span class='ocrx_word' id='word_1_194' title='bbox 1159 2754 1417 2798; x_wconf 90' lang='lat' dir='ltr'><strong>uerum</strong></span> <span class='ocrx_word' id='word_1_195' title='bbox 1469 2738 1586 2798; x_wconf 89' lang='lat' dir='ltr'><strong>est</strong></span> <span class='ocrx_word' id='word_1_196' title='bbox 1631 2734 2158 2799; x_wconf 87' lang='lat' dir='ltr'><strong>testimonium</strong></span> <span class='ocrx_word' id='word_1_197' title='bbox 2207 2734 2388 2797; x_wconf 89' lang='lat' dir='ltr'><strong>eius.</strong></span> <span class='ocrx_word' id='word_1_198' title='bbox 2439 2732 2748 2815; x_wconf 87' lang='lat' dir='ltr'><strong>numquid</strong></span> 
     </span>
     <span class='ocr_line' id='line_1_25' title="bbox 451 2838 2746 2925; baseline 0.001 -24"><span class='ocrx_word' id='word_1_199' title='bbox 451 2838 571 2901; x_wconf 89' lang='lat' dir='ltr'><strong>ait:</strong></span> <span class='ocrx_word' id='word_1_200' title='bbox 646 2858 761 2922; x_wconf 86' lang='lat' dir='ltr'><strong>ego</strong></span> <span class='ocrx_word' id='word_1_201' title='bbox 822 2858 965 2904; x_wconf 88' lang='lat' dir='ltr'><strong>sum</strong></span> <span class='ocrx_word' id='word_1_202' title='bbox 1024 2840 1400 2925; x_wconf 76' lang='lat' dir='ltr'><strong>discipulus,</strong></span> <span class='ocrx_word' id='word_1_203' title='bbox 1460 2841 1568 2924; x_wconf 92' lang='lat' dir='ltr'><strong>qui</strong></span> <span class='ocrx_word' id='word_1_204' title='bbox 1625 2841 1935 2905; x_wconf 88' lang='lat' dir='ltr'><strong>testificor</strong></span> <span class='ocrx_word' id='word_1_205' title='bbox 1989 2840 2064 2904; x_wconf 91' lang='lat' dir='ltr'><strong>de</strong></span> <span class='ocrx_word' id='word_1_206' title='bbox 2121 2842 2267 2905; x_wconf 85' lang='lat' dir='ltr'><strong>Iesu</strong></span> <span class='ocrx_word' id='word_1_207' title='bbox 2327 2844 2392 2902; x_wconf 92' lang='lat' dir='ltr'><strong>et</strong></span> <span class='ocrx_word' id='word_1_208' title='bbox 2438 2839 2546 2921; x_wconf 87' lang='lat' dir='ltr'><strong>qui</strong></span> <span class='ocrx_word' id='word_1_209' title='bbox 2591 2840 2746 2903; x_wconf 88' lang='lat' dir='ltr'><strong>haec</strong></span> 
     </span>
     <span class='ocr_line' id='line_1_26' title="bbox 451 2943 2745 3029; baseline 0.001 -23"><span class='ocrx_word' id='word_1_210' title='bbox 451 2943 674 3026; x_wconf 85' lang='lat' dir='ltr'><strong>scripsi</strong></span> <span class='ocrx_word' id='word_1_211' title='bbox 724 2947 821 3010; x_wconf 90' lang='lat' dir='ltr'><strong>et:</strong></span> <span class='ocrx_word' id='word_1_212' title='bbox 891 2946 1151 3011; x_wconf 82' lang='lat' dir='ltr'><strong>scimus.</strong></span> <span class='ocrx_word' id='word_1_213' title='bbox 1203 2947 1351 3029; x_wconf 87' lang='lat' dir='ltr'><strong>quia</strong></span> <span class='ocrx_word' id='word_1_214' title='bbox 1389 2966 1613 3010; x_wconf 91' lang='lat' dir='ltr'><strong>uerum</strong></span> <span class='ocrx_word' id='word_1_215' title='bbox 1653 2949 1753 3010; x_wconf 90' lang='lat' dir='ltr'><strong>est</strong></span> <span class='ocrx_word' id='word_1_216' title='bbox 1788 2946 2225 3010; x_wconf 88' lang='lat' dir='ltr'><strong>testimonium</strong></span> <span class='ocrx_word' id='word_1_217' title='bbox 2263 2949 2530 3009; x_wconf 82' lang='lat' dir='ltr'><strong>meum?</strong></span> <span class='ocrx_word' id='word_1_218' title='bbox 2579 2948 2745 3009; x_wconf 90' lang='lat' dir='ltr'><strong>certe</strong></span> 
     </span>
     <span class='ocr_line' id='line_1_27' title="bbox 448 3049 2744 3135; baseline 0 -23"><span class='ocrx_word' id='word_1_219' title='bbox 448 3049 854 3114; x_wconf 89' lang='lat' dir='ltr'><strong>manifestum</strong></span> <span class='ocrx_word' id='word_1_220' title='bbox 907 3053 1009 3115; x_wconf 90' lang='lat' dir='ltr'><strong>est</strong></span> <span class='ocrx_word' id='word_1_221' title='bbox 1042 3071 1281 3115; x_wconf 90' lang='lat' dir='ltr'><strong>morem</strong></span> <span class='ocrx_word' id='word_1_222' title='bbox 1320 3052 1520 3116; x_wconf 88' lang='lat' dir='ltr'><strong>fuisse</strong></span> <span class='ocrx_word' id='word_1_223' title='bbox 1560 3052 1960 3135; x_wconf 77' lang='lat' dir='ltr'><strong>scriptorum,</strong></span> <span class='ocrx_word' id='word_1_224' title='bbox 2004 3070 2148 3115; x_wconf 88' lang='lat' dir='ltr'><strong>cum</strong></span> <span class='ocrx_word' id='word_1_225' title='bbox 2187 3054 2368 3135; x_wconf 88' lang='lat' dir='ltr'><strong>gesta</strong></span> <span class='ocrx_word' id='word_1_226' title='bbox 2405 3053 2744 3115; x_wconf 88' lang='lat' dir='ltr'><strong>narrarent.</strong></span> 
     </span>
     <span class='ocr_line' id='line_1_28' title="bbox 451 3156 2744 3241; baseline 0.001 -23"><span class='ocrx_word' id='word_1_227' title='bbox 451 3174 637 3236; x_wconf 87' lang='lat' dir='ltr'><strong>quam</strong></span> <span class='ocrx_word' id='word_1_228' title='bbox 704 3157 911 3221; x_wconf 89' lang='lat' dir='ltr'><strong>multa</strong></span> <span class='ocrx_word' id='word_1_229' title='bbox 977 3162 1037 3221; x_wconf 78' lang='lat' dir='ltr'><strong>et</strong></span> <span class='ocrx_word' id='word_1_230' title='bbox 1104 3158 1241 3241; x_wconf 90' lang='lat' dir='ltr'><strong>ipse</strong></span> <span class='ocrx_word' id='word_1_231' title='bbox 1311 3158 1604 3223; x_wconf 91' lang='lat' dir='ltr'><strong>dominus</strong></span> <span class='ocrx_word' id='word_1_232' title='bbox 1662 3158 1882 3223; x_wconf 88' lang='lat' dir='ltr'><strong>eadem</strong></span> <span class='ocrx_word' id='word_1_233' title='bbox 1938 3159 2260 3223; x_wconf 90' lang='lat' dir='ltr'><strong>locutione</strong></span> <span class='ocrx_word' id='word_1_234' title='bbox 2317 3156 2394 3222; x_wconf 91' lang='lat' dir='ltr'><strong>de</strong></span> <span class='ocrx_word' id='word_1_235' title='bbox 2453 3176 2522 3223; x_wconf 90' lang='lat' dir='ltr'><strong>se</strong></span> <span class='ocrx_word' id='word_1_236' title='bbox 2570 3156 2744 3235; x_wconf 81' lang='lat' dir='ltr'><strong>dicit,</strong></span> 
     </span>
    </p>
   </div>
   <div class='ocr_carea' id='block_1_6' title="bbox 388 3262 2745 3345">
    <p class='ocr_par' dir='ltr' id='par_1_6' title="bbox 388 3262 2745 3345">
     <span class='ocr_line' id='line_1_29' title="bbox 388 3262 2745 3345; baseline 0.001 -21"><span class='ocrx_word' id='word_1_237' title='bbox 388 3280 410 3317; x_wconf 79' lang='lat'>5</span> <span class='ocrx_word' id='word_1_238' title='bbox 449 3262 591 3343; x_wconf 91' lang='lat' dir='ltr'><strong>quis</strong></span> <span class='ocrx_word' id='word_1_239' title='bbox 613 3282 973 3327; x_wconf 89' lang='lat' dir='ltr'><strong>enumerare</strong></span> <span class='ocrx_word' id='word_1_240' title='bbox 1005 3263 1321 3328; x_wconf 81' lang='lat' dir='ltr'><strong>sufficiat?</strong></span> <span class='ocrx_word' id='word_1_241' title='bbox 1353 3282 1515 3328; x_wconf 90' lang='lat' dir='ltr'><strong>cum</strong></span> <span class='ocrx_word' id='word_1_242' title='bbox 1551 3264 1868 3331; x_wconf 88' lang='lat' dir='ltr'><strong>uenerit.</strong></span> <span class='ocrx_word' id='word_1_243' title='bbox 1893 3264 2119 3345; x_wconf 74' lang='lat' dir='ltr'><strong>inquit,</strong></span> <span class='ocrx_word' id='word_1_244' title='bbox 2142 3264 2362 3328; x_wconf 86' lang='lat' dir='ltr'><strong>filius</strong></span> <span class='ocrx_word' id='word_1_245' title='bbox 2395 3264 2745 3342; x_wconf 79' lang='lat' dir='ltr'><strong>hominiS‚</strong></span> 
     </span>
    </p>
   </div>
   <div class='ocr_carea' id='block_1_7' title="bbox 456 3488 2748 3644">
    <p class='ocr_par' dir='ltr' id='par_1_7' title="bbox 456 3488 2748 3644">
     <span class='ocr_line' id='line_1_30' title="bbox 628 3488 2748 3555; baseline 0 -13"><span class='ocrx_word' id='word_1_246' title='bbox 628 3488 660 3542; x_wconf 91' lang='grc'>8</span> <span class='ocrx_word' id='word_1_247' title='bbox 714 3488 809 3543; x_wconf 83' lang='lat' dir='ltr'><strong>Ex.</strong></span> <span class='ocrx_word' id='word_1_248' title='bbox 866 3489 915 3553; x_wconf 88' lang='grc'><strong>3,</strong></span> <span class='ocrx_word' id='word_1_249' title='bbox 974 3490 1006 3543; x_wconf 87' lang='lat'><strong>3</strong></span> <span class='ocrx_word' id='word_1_250' title='bbox 1196 3490 1290 3543; x_wconf 82' lang='lat' dir='ltr'><strong>Ex.</strong></span> <span class='ocrx_word' id='word_1_251' title='bbox 1358 3492 1407 3555; x_wconf 86' lang='lat'><strong>7,</strong></span> <span class='ocrx_word' id='word_1_252' title='bbox 1474 3490 1505 3543; x_wconf 87' lang='grc'><strong>6</strong></span> <span class='ocrx_word' id='word_1_253' title='bbox 1687 3491 1720 3544; x_wconf 88' lang='grc'>9</span> <span class='ocrx_word' id='word_1_254' title='bbox 1785 3490 1916 3545; x_wconf 91' lang='lat' dir='ltr'><strong>Leu.</strong></span> <span class='ocrx_word' id='word_1_255' title='bbox 1987 3494 2031 3554; x_wconf 82' lang='lat'><strong>1,</strong></span> <span class='ocrx_word' id='word_1_256' title='bbox 2104 3492 2128 3543; x_wconf 96' lang='lat'>1</span> <span class='ocrx_word' id='word_1_257' title='bbox 2319 3491 2386 3545; x_wconf 83' lang='lat'><strong>10</strong></span> <span class='ocrx_word' id='word_1_258' title='bbox 2421 3490 2515 3545; x_wconf 80' lang='lat' dir='ltr'><strong>Ex.</strong></span> <span class='ocrx_word' id='word_1_259' title='bbox 2571 3492 2624 3555; x_wconf 87' lang='lat'><strong>4,</strong></span> <span class='ocrx_word' id='word_1_260' title='bbox 2682 3490 2748 3544; x_wconf 90' lang='lat'><strong>19</strong></span> 
     </span>
     <span class='ocr_line' id='line_1_31' title="bbox 456 3577 1650 3644; baseline 0.004 -15"><span class='ocrx_word' id='word_1_261' title='bbox 456 3578 519 3629; x_wconf 87' lang='lat'><strong>13</strong></span> <span class='ocrx_word' id='word_1_262' title='bbox 556 3577 671 3631; x_wconf 88' lang='lat' dir='ltr'><strong>Ioh.</strong></span> <span class='ocrx_word' id='word_1_263' title='bbox 712 3578 796 3636; x_wconf 82' lang='lat'><strong>21.</strong></span> <span class='ocrx_word' id='word_1_264' title='bbox 836 3578 907 3631; x_wconf 83' lang='lat'><strong>20</strong></span> <span class='ocrx_word' id='word_1_265' title='bbox 945 3581 1001 3632; x_wconf 89' lang='lat' dir='ltr'><strong>et</strong></span> <span class='ocrx_word' id='word_1_266' title='bbox 1038 3580 1107 3631; x_wconf 87' lang='grc'><strong>24</strong></span> <span class='ocrx_word' id='word_1_267' title='bbox 1218 3580 1287 3633; x_wconf 83' lang='grc'><strong>25</strong></span> <span class='ocrx_word' id='word_1_268' title='bbox 1324 3580 1453 3633; x_wconf 89' lang='lat' dir='ltr'><strong>Luc.</strong></span> <span class='ocrx_word' id='word_1_269' title='bbox 1494 3580 1577 3644; x_wconf 88' lang='lat'><strong>18,</strong></span> <span class='ocrx_word' id='word_1_270' title='bbox 1617 3580 1650 3634; x_wconf 91' lang='lat'>8</span> 
     </span>
    </p>
   </div>
   <div class='ocr_carea' id='block_1_8' title="bbox 448 3718 2758 4327">
    <p class='ocr_par' dir='ltr' id='par_1_8' title="bbox 448 3718 2758 4327">
     <span class='ocr_line' id='line_1_32' title="bbox 524 3718 2746 3792; baseline 0.001 -21"><span class='ocrx_word' id='word_1_271' title='bbox 524 3720 549 3771; x_wconf 90' lang='lat'>1</span> <span class='ocrx_word' id='word_1_272' title='bbox 591 3718 717 3772; x_wconf 84' lang='lat' dir='ltr'><strong>talis</strong></span> <span class='ocrx_word' id='word_1_273' title='bbox 757 3719 797 3787; x_wconf 92' lang='lat' dir='ltr'><strong>(i</strong></span> <span class='ocrx_word' id='word_1_274' title='bbox 834 3738 954 3788; x_wconf 70' lang='lat' dir='ltr'><strong>sup.</strong></span> <span class='ocrx_word' id='word_1_275' title='bbox 1004 3725 1052 3788; x_wconf 94' lang='lat' dir='ltr'><strong>e)</strong></span> <span class='ocrx_word' id='word_1_276' title='bbox 1092 3720 1145 3773; x_wconf 88' lang='lat' dir='ltr'><strong><em>L</em></strong></span> <span class='ocrx_word' id='word_1_277' title='bbox 1296 3723 1674 3792; x_wconf 85' lang='lat' dir='ltr'><strong>repperiuntur</strong></span> <span class='ocrx_word' id='word_1_278' title='bbox 1715 3722 1835 3777; x_wconf 80' lang='lat' dir='ltr'><strong>GM</strong></span> <span class='ocrx_word' id='word_1_279' title='bbox 1871 3723 2248 3792; x_wconf 84' lang='lat' dir='ltr'><strong>repperiuntur</strong></span> <span class='ocrx_word' id='word_1_280' title='bbox 2285 3722 2331 3777; x_wconf 99' lang='lat' dir='ltr'><strong><em>S</em></strong></span> <span class='ocrx_word' id='word_1_281' title='bbox 2473 3722 2504 3774; x_wconf 85' lang='lat'>2</span> <span class='ocrx_word' id='word_1_282' title='bbox 2545 3738 2746 3775; x_wconf 86' lang='lat' dir='ltr'><strong>ammo·</strong></span> 
     </span>
     <span class='ocr_line' id='line_1_33' title="bbox 448 3806 2753 3881; baseline 0.001 -22"><span class='ocrx_word' id='word_1_283' title='bbox 448 3822 603 3860; x_wconf 83' lang='lat' dir='ltr'><strong>neam</strong></span> <span class='ocrx_word' id='word_1_284' title='bbox 629 3806 855 3863; x_wconf 81' lang='lat' dir='ltr'><strong>LSMG</strong></span> <span class='ocrx_word' id='word_1_285' title='bbox 1033 3810 1067 3863; x_wconf 86' lang='lat'><strong>3</strong></span> <span class='ocrx_word' id='word_1_286' title='bbox 1104 3808 1335 3878; x_wconf 86' lang='lat' dir='ltr'><strong>quedam</strong></span> <span class='ocrx_word' id='word_1_287' title='bbox 1372 3810 1417 3864; x_wconf 89' lang='lat' dir='ltr'><strong><em>S</em></strong></span> <span class='ocrx_word' id='word_1_288' title='bbox 1595 3813 1627 3865; x_wconf 89' lang='lat'>6</span> <span class='ocrx_word' id='word_1_289' title='bbox 1663 3812 1856 3881; x_wconf 85' lang='lat' dir='ltr'><strong>legant</strong></span> <span class='ocrx_word' id='word_1_290' title='bbox 1894 3816 1948 3877; x_wconf 91' lang='lat' dir='ltr'><strong>(n</strong></span> <span class='ocrx_word' id='word_1_291' title='bbox 1988 3828 2107 3880; x_wconf 64' lang='lat' dir='ltr'><strong>epp.</strong></span> <span class='ocrx_word' id='word_1_292' title='bbox 2144 3828 2214 3867; x_wconf 83' lang='lat' dir='ltr'><strong>m.</strong></span> <span class='ocrx_word' id='word_1_293' title='bbox 2253 3810 2312 3881; x_wconf 79' lang='lat'><strong>2)</strong></span> <span class='ocrx_word' id='word_1_294' title='bbox 2349 3810 2418 3875; x_wconf 91' lang='lat' dir='ltr'><strong>L,</strong></span> <span class='ocrx_word' id='word_1_295' title='bbox 2457 3812 2512 3874; x_wconf 91' lang='lat' dir='ltr'><strong>(n</strong></span> <span class='ocrx_word' id='word_1_296' title='bbox 2552 3810 2644 3879; x_wconf 82' lang='lat' dir='ltr'><strong>er.)</strong></span> <span class='ocrx_word' id='word_1_297' title='bbox 2683 3810 2753 3862; x_wconf 83' lang='grc' dir='ltr'><em>Μ</em></span> 
     </span>
     <span class='ocr_line' id='line_1_34' title="bbox 449 3895 2752 3971; baseline 0.003 -24"><span class='ocrx_word' id='word_1_298' title='bbox 449 3895 648 3949; x_wconf 84' lang='lat' dir='ltr'><strong>eisdem</strong></span> <span class='ocrx_word' id='word_1_299' title='bbox 689 3900 737 3967; x_wconf 86' lang='lat' dir='ltr'><strong>(e</strong></span> <span class='ocrx_word' id='word_1_300' title='bbox 766 3914 855 3965; x_wconf 79' lang='lat' dir='ltr'><strong>pr.</strong></span> <span class='ocrx_word' id='word_1_301' title='bbox 884 3914 927 3951; x_wconf 75' lang='grc' dir='ltr'><strong>ε.</strong></span> <span class='ocrx_word' id='word_1_302' title='bbox 959 3899 1018 3963; x_wconf 84' lang='lat' dir='ltr'><strong>l.)</strong></span> <span class='ocrx_word' id='word_1_303' title='bbox 1059 3898 1105 3953; x_wconf 90' lang='lat' dir='ltr'><strong><em>S</em></strong></span> <span class='ocrx_word' id='word_1_304' title='bbox 1244 3899 1461 3954; x_wconf 89' lang='lat' dir='ltr'><strong>scribsit</strong></span> <span class='ocrx_word' id='word_1_305' title='bbox 1485 3900 1560 3953; x_wconf 88' lang='lat' dir='ltr'><strong>M</strong></span> <span class='ocrx_word' id='word_1_306' title='bbox 1685 3902 1748 3954; x_wconf 89' lang='lat' dir='ltr'><strong>ll</strong></span> <span class='ocrx_word' id='word_1_307' title='bbox 1778 3900 2051 3954; x_wconf 86' lang='lat' dir='ltr'><strong>mattheus</strong></span> <span class='ocrx_word' id='word_1_308' title='bbox 2088 3900 2184 3955; x_wconf 80' lang='lat' dir='ltr'><strong>GL</strong></span> <span class='ocrx_word' id='word_1_309' title='bbox 2215 3901 2288 3967; x_wconf 89' lang='lat' dir='ltr'><strong>(tt</strong></span> <span class='ocrx_word' id='word_1_310' title='bbox 2316 3906 2366 3954; x_wconf 80' lang='lat' dir='ltr'><strong>et</strong></span> <span class='ocrx_word' id='word_1_311' title='bbox 2394 3917 2422 3953; x_wconf 91' lang='lat' dir='ltr'><strong>e</strong></span> <span class='ocrx_word' id='word_1_312' title='bbox 2450 3900 2668 3971; x_wconf 77' lang='lat' dir='ltr'><strong>ubique)</strong></span> <span class='ocrx_word' id='word_1_313' title='bbox 2698 3900 2752 3954; x_wconf 88' lang='lat' dir='ltr'><strong><em>L</em></strong></span> 
     </span>
     <span class='ocr_line' id='line_1_35' title="bbox 454 3984 2751 4059; baseline 0.002 -21"><span class='ocrx_word' id='word_1_314' title='bbox 454 3984 519 4037; x_wconf 82' lang='lat'><strong>14</strong></span> <span class='ocrx_word' id='word_1_315' title='bbox 562 3990 627 4038; x_wconf 88' lang='lat' dir='ltr'><strong>ut</strong></span> <span class='ocrx_word' id='word_1_316' title='bbox 672 3986 813 4040; x_wconf 90' lang='lat' dir='ltr'><strong>uidit</strong></span> <span class='ocrx_word' id='word_1_317' title='bbox 858 3987 985 4040; x_wconf 88' lang='lat' dir='ltr'><strong>PL¹</strong></span> <span class='ocrx_word' id='word_1_318' title='bbox 1174 3988 1423 4042; x_wconf 88' lang='lat' dir='ltr'><strong>recubuit</strong></span> <span class='ocrx_word' id='word_1_319' title='bbox 1469 3989 1515 4044; x_wconf 97' lang='lat' dir='ltr'><strong><em>S</em></strong></span> <span class='ocrx_word' id='word_1_320' title='bbox 1695 3990 1759 4041; x_wconf 84' lang='lat'><strong>16</strong></span> <span class='ocrx_word' id='word_1_321' title='bbox 1808 3989 1950 4059; x_wconf 87' lang='lat' dir='ltr'><strong>quis]</strong></span> <span class='ocrx_word' id='word_1_322' title='bbox 1998 3989 2090 4059; x_wconf 89' lang='lat' dir='ltr'><strong>qui</strong></span> <span class='ocrx_word' id='word_1_323' title='bbox 2127 3988 2258 4042; x_wconf 58' lang='lat'><strong><em>12¹1&gt;</em></strong></span> <span class='ocrx_word' id='word_1_324' title='bbox 2401 4006 2457 4043; x_wconf 86' lang='lat' dir='ltr'><strong>es</strong></span> <span class='ocrx_word' id='word_1_325' title='bbox 2509 3989 2554 4043; x_wconf 89' lang='lat' dir='ltr'><strong><em>S</em></strong></span> <span class='ocrx_word' id='word_1_326' title='bbox 2695 3994 2751 4043; x_wconf 88' lang='lat' dir='ltr'><strong>te</strong></span> 
     </span>
     <span class='ocr_line' id='line_1_36' title="bbox 450 4075 2751 4147; baseline 0.003 -20"><span class='ocrx_word' id='word_1_327' title='bbox 450 4078 521 4140; x_wconf 86' lang='lat'><strong>(8.</strong></span> <span class='ocrx_word' id='word_1_328' title='bbox 552 4075 585 4128; x_wconf 89' lang='lat' dir='ltr'><strong>l.</strong></span> <span class='ocrx_word' id='word_1_329' title='bbox 619 4092 655 4128; x_wconf 89' lang='lat' dir='ltr'><strong>a</strong></span> <span class='ocrx_word' id='word_1_330' title='bbox 685 4092 750 4129; x_wconf 86' lang='lat' dir='ltr'><strong>m.</strong></span> <span class='ocrx_word' id='word_1_331' title='bbox 784 4077 834 4141; x_wconf 90' lang='lat'><strong>1)</strong></span> <span class='ocrx_word' id='word_1_332' title='bbox 858 4076 936 4139; x_wconf 91' lang='lat' dir='ltr'><strong>L;</strong></span> <span class='ocrx_word' id='word_1_333' title='bbox 976 4092 1045 4129; x_wconf 78' lang='lat' dir='ltr'><strong>er.</strong></span> <span class='ocrx_word' id='word_1_334' title='bbox 1076 4076 1149 4128; x_wconf 90' lang='lat' dir='ltr'><strong>M</strong></span> <span class='ocrx_word' id='word_1_335' title='bbox 1278 4081 1333 4130; x_wconf 89' lang='lat' dir='ltr'><strong>te</strong></span> <span class='ocrx_word' id='word_1_336' title='bbox 1363 4078 1543 4132; x_wconf 87' lang='lat' dir='ltr'><strong>tradet</strong></span> <span class='ocrx_word' id='word_1_337' title='bbox 1579 4082 1635 4132; x_wconf 90' lang='lat' dir='ltr'><strong>te</strong></span> <span class='ocrx_word' id='word_1_338' title='bbox 1667 4077 1712 4132; x_wconf 93' lang='lat' dir='ltr'><strong><em>S</em></strong></span> <span class='ocrx_word' id='word_1_339' title='bbox 1743 4078 1925 4131; x_wconf 86' lang='lat' dir='ltr'><strong>tradet</strong></span> <span class='ocrx_word' id='word_1_340' title='bbox 1951 4082 2006 4132; x_wconf 91' lang='lat' dir='ltr'><strong>te</strong></span> <span class='ocrx_word' id='word_1_341' title='bbox 2036 4078 2129 4131; x_wconf 66' lang='grc' dir='ltr'><strong>Μ’*</strong></span> <span class='ocrx_word' id='word_1_342' title='bbox 2238 4078 2305 4131; x_wconf 88' lang='grc'><strong>18</strong></span> <span class='ocrx_word' id='word_1_343' title='bbox 2347 4077 2651 4147; x_wconf 85' lang='lat' dir='ltr'><strong>eangelium</strong></span> <span class='ocrx_word' id='word_1_344' title='bbox 2685 4080 2751 4132; x_wconf 69' lang='lat' dir='ltr'><strong>G*</strong></span> 
     </span>
     <span class='ocr_line' id='line_1_37' title="bbox 456 4163 2755 4237; baseline 0.003 -21"><span class='ocrx_word' id='word_1_345' title='bbox 456 4163 515 4217; x_wconf 90' lang='grc'><strong>19</strong></span> <span class='ocrx_word' id='word_1_346' title='bbox 563 4165 691 4233; x_wconf 68' lang='lat' dir='ltr'><strong>quia</strong></span> <span class='ocrx_word' id='word_1_347' title='bbox 734 4164 866 4219; x_wconf 85' lang='lat' dir='ltr'><strong>haec</strong></span> <span class='ocrx_word' id='word_1_348' title='bbox 916 4170 1060 4235; x_wconf 71' lang='lat' dir='ltr'><strong>(exp.</strong></span> <span class='ocrx_word' id='word_1_349' title='bbox 1110 4182 1177 4219; x_wconf 89' lang='lat' dir='ltr'><strong>m.</strong></span> <span class='ocrx_word' id='word_1_350' title='bbox 1218 4170 1277 4233; x_wconf 77' lang='lat'><strong>2)</strong></span> <span class='ocrx_word' id='word_1_351' title='bbox 1318 4167 1368 4218; x_wconf 89' lang='lat' dir='ltr'><em>L</em></span> <span class='ocrx_word' id='word_1_352' title='bbox 1514 4170 1579 4221; x_wconf 82' lang='lat'><strong>21</strong></span> <span class='ocrx_word' id='word_1_353' title='bbox 1622 4167 1750 4237; x_wconf 84' lang='lat' dir='ltr'><strong>quia</strong></span> <span class='ocrx_word' id='word_1_354' title='bbox 1783 4167 1917 4221; x_wconf 85' lang='lat' dir='ltr'><strong>haec</strong></span> <span class='ocrx_word' id='word_1_355' title='bbox 1956 4167 2202 4222; x_wconf 59' lang='grc' dir='ltr'><strong>ΗΜΘ-Ι,1</strong></span> <span class='ocrx_word' id='word_1_356' title='bbox 2365 4168 2435 4221; x_wconf 89' lang='grc'><strong>22</strong></span> <span class='ocrx_word' id='word_1_357' title='bbox 2474 4167 2664 4224; x_wconf 84' lang='lat' dir='ltr'><strong>scribsi</strong></span> <span class='ocrx_word' id='word_1_358' title='bbox 2699 4168 2755 4222; x_wconf 89' lang='lat' dir='ltr'><em>P</em></span> 
     </span>
     <span class='ocr_line' id='line_1_38' title="bbox 451 4250 2758 4327; baseline 0.004 -23"><span class='ocrx_word' id='word_1_359' title='bbox 451 4250 518 4305; x_wconf 83' lang='lat'><strong>23</strong></span> <span class='ocrx_word' id='word_1_360' title='bbox 556 4269 755 4306; x_wconf 89' lang='lat' dir='ltr'><strong>morem</strong></span> <span class='ocrx_word' id='word_1_361' title='bbox 794 4254 935 4308; x_wconf 87' lang='lat' dir='ltr'><strong>hunc</strong></span> <span class='ocrx_word' id='word_1_362' title='bbox 975 4254 1031 4317; x_wconf 83' lang='lat' dir='ltr'><strong>S,</strong></span> <span class='ocrx_word' id='word_1_363' title='bbox 1075 4256 1235 4321; x_wconf 90' lang='lat' dir='ltr'><strong>(hunc</strong></span> <span class='ocrx_word' id='word_1_364' title='bbox 1272 4273 1315 4311; x_wconf 83' lang='lat'><strong>8.</strong></span> <span class='ocrx_word' id='word_1_365' title='bbox 1358 4258 1415 4323; x_wconf 87' lang='lat' dir='ltr'><strong>l.)</strong></span> <span class='ocrx_word' id='word_1_366' title='bbox 1462 4256 1513 4311; x_wconf 76' lang='lat' dir='ltr'><strong><em>G</em></strong></span> <span class='ocrx_word' id='word_1_367' title='bbox 1661 4258 1920 4327; x_wconf 76' lang='lat' dir='ltr'><strong>scriptore</strong></span> <span class='ocrx_word' id='word_1_368' title='bbox 1959 4264 2083 4325; x_wconf 73' lang='lat' dir='ltr'><strong>(sup</strong></span> <span class='ocrx_word' id='word_1_369' title='bbox 2140 4272 2259 4323; x_wconf 69' lang='grc' dir='ltr'><strong>ευρ.</strong></span> <span class='ocrx_word' id='word_1_370' title='bbox 2297 4274 2326 4321; x_wconf 81' lang='lat' dir='ltr'><strong>e</strong></span> <span class='ocrx_word' id='word_1_371' title='bbox 2367 4274 2404 4311; x_wconf 90' lang='lat' dir='ltr'><strong>a</strong></span> <span class='ocrx_word' id='word_1_372' title='bbox 2439 4274 2508 4312; x_wconf 85' lang='lat' dir='ltr'><strong>m.</strong></span> <span class='ocrx_word' id='word_1_373' title='bbox 2549 4260 2576 4312; x_wconf 84' lang='lat'><em>1</em></span> <span class='ocrx_word' id='word_1_374' title='bbox 2619 4260 2672 4327; x_wconf 62' lang='grc' dir='ltr'><strong>ἢ)</strong></span> <span class='ocrx_word' id='word_1_375' title='bbox 2710 4258 2758 4313; x_wconf 83' lang='lat'><em>0</em></span> 
     </span>
    </p>
   </div>
   <div class='ocr_carea' id='block_1_9' title="bbox 450 4344 2752 4484">
    <p class='ocr_par' dir='ltr' id='par_1_9' title="bbox 450 4344 2752 4484">
     <span class='ocr_line' id='line_1_39' title="bbox 450 4344 2752 4478; baseline 0.005 -87"><span class='ocrx_word' id='word_1_376' title='bbox 450 4344 725 4478; x_wconf 56' lang='lat' dir='ltr'><strong>{narrarent</strong></span> <span class='ocrx_word' id='word_1_377' title='bbox 764 4344 842 4407; x_wconf 82' lang='lat' dir='ltr'><strong>(ra</strong></span> <span class='ocrx_word' id='word_1_378' title='bbox 878 4357 921 4395; x_wconf 77' lang='lat'><strong>8.</strong></span> <span class='ocrx_word' id='word_1_379' title='bbox 964 4344 998 4396; x_wconf 87' lang='lat' dir='ltr'><strong>l.</strong></span> <span class='ocrx_word' id='word_1_380' title='bbox 1041 4345 1170 4398; x_wconf 78' lang='lat' dir='ltr'><strong>add.</strong></span> <span class='ocrx_word' id='word_1_381' title='bbox 1203 4362 1268 4399; x_wconf 86' lang='lat' dir='ltr'><strong>m.</strong></span> <span class='ocrx_word' id='word_1_382' title='bbox 1298 4350 1425 4411; x_wconf 81' lang='lat' dir='ltr'><strong>rec)</strong></span> <span class='ocrx_word' id='word_1_383' title='bbox 1456 4346 1501 4399; x_wconf 82' lang='lat' dir='ltr'><em>C</em></span> <span class='ocrx_word' id='word_1_384' title='bbox 1609 4346 1678 4399; x_wconf 83' lang='lat'><strong>25</strong></span> <span class='ocrx_word' id='word_1_385' title='bbox 1718 4346 1933 4399; x_wconf 88' lang='lat' dir='ltr'><strong>ueneris</strong></span> <span class='ocrx_word' id='word_1_386' title='bbox 1965 4346 1996 4399; x_wconf 89' lang='lat' dir='ltr'><strong><em>b</em></strong></span> <span class='ocrx_word' id='word_1_387' title='bbox 2142 4346 2322 4416; x_wconf 89' lang='lat' dir='ltr'><strong>inquit</strong></span> <span class='ocrx_word' id='word_1_388' title='bbox 2351 4354 2482 4415; x_wconf 82' lang='lat' dir='ltr'><strong>post</strong></span> <span class='ocrx_word' id='word_1_389' title='bbox 2517 4346 2752 4403; x_wconf 84' lang='lat' dir='ltr'><strong>hominis</strong></span> 
     </span>
     <span class='ocr_line' id='line_1_40' title="bbox 470 4427 865 4484; baseline 0.01 -4"><span class='ocrx_word' id='word_1_390' title='bbox 470 4427 683 4482; x_wconf 63' lang='lat' dir='ltr'><strong>labetur</strong></span> <span class='ocrx_word' id='word_1_391' title='bbox 718 4431 779 4483; x_wconf 77' lang='lat' dir='ltr'><strong>in</strong></span> <span class='ocrx_word' id='word_1_392' title='bbox 819 4430 865 4484; x_wconf 79' lang='lat' dir='ltr'><em>S</em></span> 
     </span>
    </p>
   </div>
  </div>
 </body>
</html>
