3159 4984
590 444 717 506 722
1268 439 1319 492 S.
1378 437 1670 492 Aureli
1726 434 2195 505 Augustini

590 633 745 711 bra,
815 633 1203 718 singulum
1262 631 1616 715 quodque
1675 650 1927 695 eorum
1981 630 2054 694 in
2113 649 2423 713 corpore
2479 633 2706 712 prout
2761 647 2888 692 uo-

587 740 816 805 luit‘?“
892 759 1038 804 ecce
1087 738 1244 804 deus
1292 739 1483 804 etiam
1532 737 1854 804 exterioris
1903 736 2178 802 hominis
2225 736 2484 801 effector
2529 737 2607 800 ab
2657 735 2892 800 eodem

590 848 881 931 apostolo
938 847 1373 931 praedicatur:
1441 864 1636 927 quare
1690 845 1837 911 inde
1895 845 2096 929 eligit,
2156 844 2329 926 quod
2381 864 2496 928 pro
2553 863 2622 908 se
2675 845 2893 926 putat.

592 957 659 1018 et
704 956 877 1018 tacet
922 956 1034 1018 aut
1076 953 1343 1036 respuit,
1392 953 1565 1034 quod
1609 951 1970 1017 Manichaei
2013 950 2265 1016 fabulas
2319 953 2660 1034 amputat?
2727 948 2892 1012 item

596 1081 737 1126 oum
808 1061 885 1126 de
948 1063 1197 1125 terreno
1257 1061 1323 1123 et
1378 1059 1640 1124 caelesti
1695 1059 1950 1123 homine
2017 1058 2360 1123 dissereret
2410 1057 2586 1122 idem
2639 1057 2896 1121 Paulus
2956 1077 2978 1112 ⁵

592 1167 759 1232 inter
810 1168 1149 1233 mortalem
1202 1166 1734 1246 inmortalemque
1793 1165 2177 1240 discernens,
2232 1163 2400 1230 inter
2450 1164 2538 1242 id,
2599 1163 2775 1246 quod
2825 1163 2892 1226 in

550 1274 797 1340 ·Adam
844 1293 1091 1352 sumus,
1142 1277 1207 1337 et
1248 1273 1433 1352 illud,
1482 1272 1657 1354 quod
1701 1273 1765 1336 in
1807 1271 2058 1338 Christo
2107 1271 2368 1348 erimus,
2417 1291 2488 1336 ex
2535 1273 2674 1355 ipsa
2719 1271 2896 1354 lege.

593 1401 665 1446 ex
712 1382 852 1464 ipso
898 1382 1061 1446 libro
1112 1384 1177 1445 et
1224 1399 1295 1444 ex
1340 1380 1483 1464 ipso
1528 1380 1671 1446 loco
1721 1379 2015 1444 adhibuit
2057 1379 2312 1458 terreni,
2351 1378 2418 1442 id
2455 1381 2558 1444 est
2594 1377 2896 1441 animalis

594 1488 875 1571 corporis
938 1487 1410 1565 testimonium,
1477 1486 1589 1551 ubi
1655 1487 1964 1570 scriptum
2030 1488 2156 1566 est,
2234 1485 2406 1568 quod
2471 1485 2628 1549 deus
2689 1483 2894 1549 etiam

592 1599 911 1662 terrenum
957 1595 1279 1660 hominem
1328 1594 1500 1660 fecit.
1548 1612 1696 1658 nam
1735 1613 1880 1658 cum
1918 1597 2152 1678 ageret,
2193 1591 2513 1674 quomodo
2551 1595 2900 1674 resurgent
2935 1614 2982 1650 ιο

592 1702 828 1767 mortui
876 1705 942 1768 et
988 1722 1115 1784 quo
1164 1721 1423 1785 corpore
1466 1702 1751 1780 uenient,
1799 1721 1946 1766 cum
1993 1701 2278 1766 dedisset
2313 1699 2771 1764 similitudines
2813 1697 2896 1761 de

594 1809 946 1874 seminibus
992 1809 1476 1887 frumentorum,
1524 1808 1695 1891 quod
1741 1808 1911 1872 nuda
1955 1827 2150 1892 grana
2195 1807 2588 1872 seminentur
2623 1807 2689 1869 et
2727 1805 2896 1868 deus

592 1915 723 1978 illis
783 1914 891 1978 det
946 1933 1195 1998 corpus,
1253 1915 1571 1996 quomodo
1627 1914 1926 1980 uoluerit.
1983 1912 2326 1995 unicuique
2383 1913 2696 1977 seminum
2745 1930 2896 1994 pro-

592 2020 800 2102 prium
850 2039 1077 2103 corpus
1124 2059 1213 2068 -—
1259 2020 1370 2085 ubi
1416 2021 1830 2086 nihilominus
1875 2020 2231 2085 Manichaei
2295 2019 2529 2084 euertit
2589 2037 2894 2086 errorem.

594 2126 704 2207 qui
751 2130 816 2190 et
858 2144 1051 2210 grana
1099 2130 1164 2190 et
1206 2127 1435 2192 herbas
1493 2131 1557 2191 et
1615 2145 1833 2192 omnes
1887 2127 2134 2192 radices
2193 2145 2264 2190 ac
2320 2125 2583 2189 frutices
2630 2127 2895 2208 gentem
2929 2142 2972 2178 ιε

594 2232 997 2296 tenebrarum
1054 2233 1210 2298 dicit
1265 2253 1495 2314 creare,
1570 2254 1696 2300 non
1772 2234 1960 2298 deum
2027 2236 2092 2298 et
2143 2232 2209 2297 in
2268 2233 2358 2297 eis
2411 2231 2632 2298 formis
2691 2235 2894 2314 atque

596 2339 935 2424 generibus
982 2359 1192 2404 rerum
1240 2340 1430 2405 deum
1475 2340 1692 2424 potius
1737 2339 1940 2404 credit
1983 2339 2234 2424 alligari
2281 2357 2469 2420 quam
2507 2339 2736 2402 horum
2777 2338 2893 2402 ali-

593 2445 747 2528 quid
776 2446 1016 2528 operari
1036 2485 1123 2492 —
1145 2465 1290 2511 cum
1322 2465 1472 2530 ergo
1504 2453 1719 2512 contra
1747 2445 2103 2510 Manichaei
2133 2445 2502 2528 sacrilegam
2533 2445 2890 2508 uanitatem

598 2553 791 2617 etiam
835 2552 965 2617 ista
1004 2551 1290 2630 dixisset,
1329 2553 1510 2617 uenit
1547 2552 1627 2617 ad
1666 2553 1950 2617 carnium
1989 2551 2392 2617 differentias.
2441 2570 2581 2616 non
2621 2550 2888 2618 omnis,

592 2659 819 2742 inquit,
862 2677 1030 2723 caro
1071 2658 1329 2723 eadem
1373 2678 1563 2738 caro,
1611 2658 1758 2724 inde
1797 2658 1877 2722 ad
1915 2677 2244 2741 corporum
2279 2657 2658 2722 ‘caelestium
2697 2661 2890 2739 atque
2915 2677 2958 2712 ε’.

596 2767 1013 2844 terrestrium,
1078 2765 1225 2830 inde
1292 2766 1372 2830 ad
1434 2766 1852 2831 mutationem
1922 2765 2199 2849 corporis
2265 2765 2486 2841 nostri,
2562 2783 2686 2846 qua
2751 2763 2888 2828 fieri

595 2872 802 2955 possit
848 2872 1131 2955 spiritale
1179 2875 1370 2955 atque
1418 2873 1711 2938 caeleste.
1761 2873 2196 2948 seminatur,
2245 2871 2473 2954 inquit,
2513 2871 2586 2934 in
2629 2875 2880 2934 contu-

598 2978 853 3054 melia,
932 2982 1197 3062 surget
1267 2978 1339 3042 in
1417 2979 1690 3062 gloria3
1768 2978 2186 3043 seminatur
2256 2978 2330 3042 in
2403 2977 2883 3042 infirmitate.

598 3088 863 3167 surget
906 3084 981 3148 in
1026 3085 1351 3162 uirtute3
1414 3086 1834 3150 seminatur
1889 3103 2161 3168 corpus
2219 3084 2570 3162 animale,
2621 3086 2884 3166 surget

598 3208 869 3273 corpus
945 3191 1317 3272 spiritale.
1396 3192 1583 3272 atque
1659 3191 1806 3254 inde
1881 3192 2104 3255 uolens
2181 3190 2512 3254 ostendere
2577 3190 2884 3274 originem
2913 3205 2964 3243 ²⁵

599 3295 875 3378 corporis
932 3296 1245 3375 animalis,
1304 3297 1368 3361 si
1426 3302 1561 3371 est,
1621 3297 1848 3379 inquit,
1909 3315 2180 3379 corpus
2239 3297 2581 3375 animale,
2640 3300 2758 3361 est
2813 3303 2882 3360 et

598 3401 986 3484 spiritale;
1037 3402 1131 3466 sic
1178 3407 1242 3466 et
1288 3403 1593 3486 scriptum
1643 3407 1782 3467 est:
1849 3403 2096 3468 factus
2155 3406 2272 3468 est
2325 3402 2610 3485 primus
2667 3403 2881 3469 homo

779 3611 842 3664 19
877 3610 909 3664 I
946 3609 1064 3664 Cor.
1106 3611 1190 3676 15,
1228 3611 1298 3664 35
1334 3629 1451 3681 sqq.

668 3733 703 3786 3
740 3732 911 3802 elegit
952 3733 999 3787 Ο
1112 3735 1147 3785 4
1183 3732 1395 3802 fabulas
1424 3733 1501 3786 Μ
1630 3737 1662 3788 5
1698 3734 1972 3789 hominem
1999 3736 2150 3790 ΙἉΡι
2295 3737 2583 3791 dissereret
2623 3741 2792 3808 (post.
2829 3755 2887 3792 re

596 3838 639 3874 s.
680 3822 737 3890 1.)
776 3819 823 3875 S
855 3820 1144 3876 dissereret
1182 3838 1339 3888 (corr.
1378 3839 1443 3877 em
1479 3822 1772 3892 desereret)
1803 3824 1859 3878 P
1962 3825 1995 3878 8
2035 3828 2120 3880 est
2155 3830 2248 3895 (ev
2277 3843 2451 3895 supra
2489 3841 2518 3879 e
2555 3843 2627 3880 er.
2666 3833 2719 3881 et
2755 3831 2808 3880 st
2843 3844 2888 3882 ε.

597 3911 633 3963 Ζ.
682 3909 812 3963 add.
858 3926 927 3963 m.
974 3913 1036 3974 2)
1085 3909 1139 3962 L
1319 3911 1385 3965 10
1430 3917 1720 3982 resurgunt
1753 3912 2089 3968 PSGML¹b
2271 3916 2337 3968 11
2387 3914 2800 3970 similitudinem
2849 3916 2898 3970 C

598 3999 668 4052 13
706 4005 835 4052 ante
877 4000 1169 4069 unicuique
1216 4017 1259 4056 8.
1310 3999 1345 4054 Ζ.
1397 4001 1527 4054 add.
1574 4019 1642 4055 m.
1691 4005 1732 4056 2
1780 4006 1836 4056 et
1881 4001 1934 4055 L
2121 4005 2184 4057 14
2229 4005 2308 4074 (et
2357 4003 2446 4071 18)
2483 4003 2756 4059 manichei
2791 4003 2896 4058 Lc

602 4089 667 4140 15
721 4086 915 4140 herbas
973 4088 1029 4152 (h
1072 4105 1115 4142 s.
1164 4090 1224 4155 1.)
1274 4088 1321 4142 S
1499 4091 1565 4144 16
1613 4094 1764 4160 atqu
1809 4091 1889 4161 (at
1932 4107 1977 4144 s.
2025 4093 2080 4150 Ζ.)
2129 4093 2200 4145 Μ
2375 4093 2444 4146 18
2490 4095 2634 4162 cum]
2685 4110 2786 4147 con
2839 4093 2894 4148 G

598 4177 667 4230 20
704 4176 895 4246 inquid
931 4175 1224 4232 L¹S¹M¹G
1332 4179 1401 4231 22
1438 4179 1636 4249 celeste
1674 4181 1709 4249 (⁴
1724 4196 1904 4246 paene
1940 4185 2033 4246 er.)
2075 4179 2176 4235 86*-
2283 4182 2352 4235 23
2403 4185 2590 4250 surget
2637 4185 2686 4249 (τ
2725 4199 2794 4236 ω)
2829 4195 2892 4236 nt

596 4281 665 4317 m.
706 4267 763 4329 2)
804 4265 857 4317 L
999 4265 1233 4320 semina}
1271 4269 1359 4336 (ev
1398 4268 1529 4322 add.
1565 4285 1636 4323 m.
1671 4271 1797 4334 rec.)
1844 4269 1892 4323 G
2030 4271 2099 4323 25
2138 4269 2382 4340 spiritale
2421 4270 2468 4324 S
2621 4273 2688 4324 27
2730 4272 2894 4342 spiri·

598 4351 745 4405 tuale
791 4351 837 4405 0
977 4355 1053 4407 sic
1092 4355 1165 4424 et]
1205 4355 1345 4409 sicut
1387 4357 1467 4410 Cb
1505 4357 1627 4424 sies]
1669 4363 1747 4424 (et
1782 4363 1876 4422 er.)
1917 4359 1982 4411 M
