<?xml version="1.0" encoding="UTF-8"?>
<!DOCTYPE html PUBLIC "-//W3C//DTD XHTML 1.0 Transitional//EN"
    "http://www.w3.org/TR/xhtml1/DTD/xhtml1-transitional.dtd">
<html xmlns="http://www.w3.org/1999/xhtml" xml:lang="en" lang="en">
 <head>
  <title>
</title>
<meta http-equiv="Content-Type" content="text/html;charset=utf-8" />
  <meta name='ocr-system' content='tesseract 3.04.00' />
  <meta name='ocr-capabilities' content='ocr_page ocr_carea ocr_par ocr_line ocrx_word'/>
</head>
<body>
  <div class='ocr_page' id='page_1' title='image "./corpusscriptoru27wissgoog_0285.png"; bbox 0 0 3159 4984; ppageno 0'>
   <div class='ocr_carea' id='block_1_1' title="bbox 1035 479 2753 547">
    <p class='ocr_par' dir='ltr' id='par_1_1' title="bbox 1035 479 2753 547">
     <span class='ocr_line' id='line_1_1' title="bbox 1035 479 2753 547; baseline 0.002 -14"><span class='ocrx_word' id='word_1_1' title='bbox 1035 480 1126 533; x_wconf 88' lang='lat' dir='ltr'>VI.</span> <span class='ocrx_word' id='word_1_2' title='bbox 1166 479 1458 535; x_wconf 81' lang='lat' dir='ltr'><strong>Contra.</strong></span> <span class='ocrx_word' id='word_1_3' title='bbox 1511 482 1891 535; x_wconf 81' lang='lat' dir='ltr'>Faustum</span> <span class='ocrx_word' id='word_1_4' title='bbox 1946 479 2075 535; x_wconf 92' lang='lat' dir='ltr'>lib.</span> <span class='ocrx_word' id='word_1_5' title='bbox 2132 480 2196 533; x_wconf 90' lang='lat' dir='ltr'>V.</span> <span class='ocrx_word' id='word_1_6' title='bbox 2624 483 2753 547; x_wconf 83' lang='lat'>277</span> 
     </span>
    </p>
   </div>
   <div class='ocr_carea' id='block_1_2' title="bbox 369 673 2805 3531">
    <p class='ocr_par' dir='ltr' id='par_1_2' title="bbox 369 673 2805 3531">
     <span class='ocr_line' id='line_1_2' title="bbox 463 673 2763 756; baseline 0.001 -20"><span class='ocrx_word' id='word_1_7' title='bbox 463 673 628 738; x_wconf 89' lang='lat' dir='ltr'>inter</span> <span class='ocrx_word' id='word_1_8' title='bbox 673 692 740 737; x_wconf 89' lang='lat' dir='ltr'>se</span> <span class='ocrx_word' id='word_1_9' title='bbox 789 694 980 756; x_wconf 89' lang='lat' dir='ltr'>quam</span> <span class='ocrx_word' id='word_1_10' title='bbox 1028 676 1350 739; x_wconf 82' lang='lat' dir='ltr'>caritatem</span> <span class='ocrx_word' id='word_1_11' title='bbox 1401 678 1637 739; x_wconf 89' lang='lat' dir='ltr'>uocant</span> <span class='ocrx_word' id='word_1_12' title='bbox 1695 674 1886 738; x_wconf 89' lang='lat' dir='ltr'>etiam</span> <span class='ocrx_word' id='word_1_13' title='bbox 1942 675 2220 738; x_wconf 87' lang='lat' dir='ltr'>latrones</span> <span class='ocrx_word' id='word_1_14' title='bbox 2277 673 2399 737; x_wconf 88' lang='lat' dir='ltr'>sibi</span> <span class='ocrx_word' id='word_1_15' title='bbox 2458 673 2763 741; x_wconf 76' lang='lat' dir='ltr'><strong>debentes</strong></span> 
     </span>
     <span class='ocr_line' id='line_1_3' title="bbox 463 780 2763 865; baseline 0.001 -23"><span class='ocrx_word' id='word_1_16' title='bbox 463 780 883 845; x_wconf 80' lang='lat' dir='ltr'><strong>facinorosam</strong></span> <span class='ocrx_word' id='word_1_17' title='bbox 947 780 1461 865; x_wconf 76' lang='lat' dir='ltr'>flagitiosamque</span> <span class='ocrx_word' id='word_1_18' title='bbox 1529 780 2005 855; x_wconf 77' lang='lat' dir='ltr'>conscientiam,</span> <span class='ocrx_word' id='word_1_19' title='bbox 2066 780 2177 845; x_wconf 90' lang='lat' dir='ltr'>sed</span> <span class='ocrx_word' id='word_1_20' title='bbox 2233 799 2357 845; x_wconf 89' lang='lat' dir='ltr'>non</span> <span class='ocrx_word' id='word_1_21' title='bbox 2412 780 2763 857; x_wconf 87' lang='lat' dir='ltr'>caritatem,</span> 
     </span>
     <span class='ocr_line' id='line_1_4' title="bbox 467 886 2765 971; baseline -0.001 -18"><span class='ocrx_word' id='word_1_22' title='bbox 467 908 653 971; x_wconf 86' lang='lat' dir='ltr'>quam</span> <span class='ocrx_word' id='word_1_23' title='bbox 703 889 1107 953; x_wconf 75' lang='lat' dir='ltr'>commendat</span> <span class='ocrx_word' id='word_1_24' title='bbox 1154 888 1505 971; x_wconf 89' lang='lat' dir='ltr'>apostolus.</span> <span class='ocrx_word' id='word_1_25' title='bbox 1554 890 1621 952; x_wconf 88' lang='lat' dir='ltr'>et</span> <span class='ocrx_word' id='word_1_26' title='bbox 1666 891 1740 952; x_wconf 91' lang='lat' dir='ltr'>ut</span> <span class='ocrx_word' id='word_1_27' title='bbox 1801 906 1939 952; x_wconf 85' lang='lat' dir='ltr'>earn</span> <span class='ocrx_word' id='word_1_28' title='bbox 1988 906 2023 951; x_wconf 88' lang='lat' dir='ltr'>a</span> <span class='ocrx_word' id='word_1_29' title='bbox 2070 888 2296 952; x_wconf 87' lang='lat' dir='ltr'>ceteris</span> <span class='ocrx_word' id='word_1_30' title='bbox 2359 886 2765 970; x_wconf 87' lang='lat' dir='ltr'>inprobandis</span> 
     </span>
     <span class='ocr_line' id='line_1_5' title="bbox 465 994 2763 1079; baseline -0 -21"><span class='ocrx_word' id='word_1_31' title='bbox 465 995 993 1079; x_wconf 83' lang='lat' dir='ltr'>repudiandisque</span> <span class='ocrx_word' id='word_1_32' title='bbox 1041 998 1416 1071; x_wconf 82' lang='lat' dir='ltr'>secerneret,</span> <span class='ocrx_word' id='word_1_33' title='bbox 1469 996 1558 1059; x_wconf 84' lang='lat' dir='ltr'>ait</span> <span class='ocrx_word' id='word_1_34' title='bbox 1608 995 1731 1060; x_wconf 87' lang='lat' dir='ltr'>alio</span> <span class='ocrx_word' id='word_1_35' title='bbox 1781 994 1962 1061; x_wconf 86' lang='lat' dir='ltr'>loco:</span> <span class='ocrx_word' id='word_1_36' title='bbox 2020 994 2205 1060; x_wconf 87' lang='lat' dir='ltr'>finis</span> <span class='ocrx_word' id='word_1_37' title='bbox 2263 997 2515 1058; x_wconf 88' lang='lat' dir='ltr'>autem</span> <span class='ocrx_word' id='word_1_38' title='bbox 2562 1010 2763 1076; x_wconf 84' lang='lat' dir='ltr'>prae-</span> 
     </span>
     <span class='ocr_line' id='line_1_6' title="bbox 401 1100 2764 1185; baseline -0.002 -18"><span class='ocrx_word' id='word_1_39' title='bbox 401 1115 428 1154; x_wconf 80' lang='lat'>⁵</span> <span class='ocrx_word' id='word_1_40' title='bbox 469 1102 668 1185; x_wconf 88' lang='lat' dir='ltr'>cepti</span> <span class='ocrx_word' id='word_1_41' title='bbox 727 1104 849 1167; x_wconf 89' lang='lat' dir='ltr'>est</span> <span class='ocrx_word' id='word_1_42' title='bbox 905 1102 1186 1167; x_wconf 85' lang='lat' dir='ltr'>caritas</span> <span class='ocrx_word' id='word_1_43' title='bbox 1245 1103 1330 1167; x_wconf 92' lang='lat' dir='ltr'>de</span> <span class='ocrx_word' id='word_1_44' title='bbox 1387 1103 1611 1167; x_wconf 91' lang='lat' dir='ltr'>corde</span> <span class='ocrx_word' id='word_1_45' title='bbox 1668 1121 1852 1185; x_wconf 90' lang='lat' dir='ltr'>puro</span> <span class='ocrx_word' id='word_1_46' title='bbox 1911 1104 1987 1165; x_wconf 89' lang='lat' dir='ltr'>et</span> <span class='ocrx_word' id='word_1_47' title='bbox 2041 1100 2519 1166; x_wconf 87' lang='lat' dir='ltr'>conscientia</span> <span class='ocrx_word' id='word_1_48' title='bbox 2570 1100 2764 1164; x_wconf 83' lang='lat' dir='ltr'>bona</span> 
     </span>
     <span class='ocr_line' id='line_1_7' title="bbox 467 1205 2763 1292; baseline -0.002 -19"><span class='ocrx_word' id='word_1_49' title='bbox 467 1211 540 1273; x_wconf 85' lang='lat' dir='ltr'>et</span> <span class='ocrx_word' id='word_1_50' title='bbox 575 1208 728 1273; x_wconf 88' lang='lat' dir='ltr'>fide</span> <span class='ocrx_word' id='word_1_51' title='bbox 765 1228 907 1273; x_wconf 89' lang='grc'><strong>11011</strong></span> <span class='ocrx_word' id='word_1_52' title='bbox 944 1208 1152 1274; x_wconf 86' lang='lat' dir='ltr'>ficta.</span> <span class='ocrx_word' id='word_1_53' title='bbox 1203 1208 1371 1273; x_wconf 89' lang='lat' dir='ltr'>unde</span> <span class='ocrx_word' id='word_1_54' title='bbox 1411 1228 1560 1292; x_wconf 87' lang='lat' dir='ltr'>ergo</span> <span class='ocrx_word' id='word_1_55' title='bbox 1597 1208 1831 1273; x_wconf 87' lang='lat' dir='ltr'>habere</span> <span class='ocrx_word' id='word_1_56' title='bbox 1868 1207 2139 1290; x_wconf 87' lang='lat' dir='ltr'>potestis</span> <span class='ocrx_word' id='word_1_57' title='bbox 2178 1226 2395 1272; x_wconf 88' lang='lat' dir='ltr'>ueram</span> <span class='ocrx_word' id='word_1_58' title='bbox 2434 1205 2763 1271; x_wconf 89' lang='lat' dir='ltr'>caritatem</span> 
     </span>
     <span class='ocr_line' id='line_1_8' title="bbox 467 1312 2762 1400; baseline -0.003 -19"><span class='ocrx_word' id='word_1_59' title='bbox 467 1336 538 1381; x_wconf 78' lang='lat' dir='ltr'>ex</span> <span class='ocrx_word' id='word_1_60' title='bbox 583 1316 706 1381; x_wconf 86' lang='lat' dir='ltr'>fide</span> <span class='ocrx_word' id='word_1_61' title='bbox 753 1317 903 1381; x_wconf 88' lang='lat' dir='ltr'>ficta</span> <span class='ocrx_word' id='word_1_62' title='bbox 939 1318 1347 1400; x_wconf 76' lang='lat' dir='ltr'>surgentem?</span> <span class='ocrx_word' id='word_1_63' title='bbox 1379 1318 1492 1380; x_wconf 87' lang='lat' dir='ltr'>aut</span> <span class='ocrx_word' id='word_1_64' title='bbox 1529 1315 1777 1398; x_wconf 90' lang='lat' dir='ltr'>quando</span> <span class='ocrx_word' id='word_1_65' title='bbox 1817 1334 1935 1380; x_wconf 89' lang='lat' dir='ltr'>uos</span> <span class='ocrx_word' id='word_1_66' title='bbox 1972 1314 2218 1398; x_wconf 82' lang='lat' dir='ltr'>pigebit</span> <span class='ocrx_word' id='word_1_67' title='bbox 2254 1312 2443 1377; x_wconf 91' lang='lat' dir='ltr'>fidem</span> <span class='ocrx_word' id='word_1_68' title='bbox 2482 1316 2762 1377; x_wconf 86' lang='lat' dir='ltr'>uestram</span> 
     </span>
     <span class='ocr_line' id='line_1_9' title="bbox 465 1404 2761 1507; baseline -0.001 -20"><span class='ocrx_word' id='word_1_69' title='bbox 465 1442 746 1507; x_wconf 88' lang='lat' dir='ltr'>pugnare</span> <span class='ocrx_word' id='word_1_70' title='bbox 783 1422 1150 1497; x_wconf 84' lang='lat' dir='ltr'>mendaciis,</span> <span class='ocrx_word' id='word_1_71' title='bbox 1192 1423 1440 1506; x_wconf 83' lang='lat' dir='ltr'>quando</span> <span class='ocrx_word' id='word_1_72' title='bbox 1481 1426 1547 1487; x_wconf 91' lang='lat' dir='ltr'>et</span> <span class='ocrx_word' id='word_1_73' title='bbox 1592 1424 1868 1506; x_wconf 87' lang='lat' dir='ltr'>primum</span> <span class='ocrx_word' id='word_1_74' title='bbox 1914 1423 2230 1488; x_wconf 89' lang='lat' dir='ltr'>hominem</span> <span class='ocrx_word' id='word_1_75' title='bbox 2282 1404 2569 1486; x_wconf 81' lang='lat' dir='ltr'>uestrum</span> <span class='ocrx_word' id='word_1_76' title='bbox 2616 1440 2761 1485; x_wconf 90' lang='lat' dir='ltr'>cum</span> 
     </span>
     <span class='ocr_line' id='line_1_10' title="bbox 468 1525 2763 1594; baseline -0.002 -1"><span class='ocrx_word' id='word_1_77' title='bbox 468 1528 601 1594; x_wconf 88' lang='lat' dir='ltr'>suis</span> <span class='ocrx_word' id='word_1_78' title='bbox 656 1528 952 1593; x_wconf 84' lang='lat' dir='ltr'>hostibus</span> <span class='ocrx_word' id='word_1_79' title='bbox 1005 1528 1071 1592; x_wconf 91' lang='lat' dir='ltr'>in</span> <span class='ocrx_word' id='word_1_80' title='bbox 1129 1547 1282 1593; x_wconf 87' lang='lat' dir='ltr'>suae</span> <span class='ocrx_word' id='word_1_81' title='bbox 1336 1531 1599 1592; x_wconf 81' lang='lat' dir='ltr'>naturae</span> <span class='ocrx_word' id='word_1_82' title='bbox 1663 1528 1935 1593; x_wconf 91' lang='lat' dir='ltr'>ueritate</span> <span class='ocrx_word' id='word_1_83' title='bbox 2000 1526 2403 1591; x_wconf 86' lang='lat' dir='ltr'>manentibus</span> <span class='ocrx_word' id='word_1_84' title='bbox 2468 1525 2763 1589; x_wconf 86' lang='lat' dir='ltr'>mutabili</span> 
     </span>
     <span class='ocr_line' id='line_1_11' title="bbox 383 1632 2805 1717; baseline -0.001 -17"><span class='ocrx_word' id='word_1_85' title='bbox 383 1644 433 1686; x_wconf 79' lang='lat'>¹⁰</span> <span class='ocrx_word' id='word_1_86' title='bbox 465 1635 718 1701; x_wconf 82' lang='lat' dir='ltr'>fallacia</span> <span class='ocrx_word' id='word_1_87' title='bbox 771 1634 1108 1700; x_wconf 83' lang='lat' dir='ltr'>dimicasse</span> <span class='ocrx_word' id='word_1_88' title='bbox 1165 1633 1543 1717; x_wconf 85' lang='lat' dir='ltr'>praedicatis</span> <span class='ocrx_word' id='word_1_89' title='bbox 1627 1636 1693 1697; x_wconf 92' lang='lat' dir='ltr'>et</span> <span class='ocrx_word' id='word_1_90' title='bbox 1747 1633 1943 1699; x_wconf 89' lang='lat' dir='ltr'>istum</span> <span class='ocrx_word' id='word_1_91' title='bbox 2004 1632 2347 1711; x_wconf 86' lang='lat' dir='ltr'>Christum,</span> <span class='ocrx_word' id='word_1_92' title='bbox 2404 1632 2512 1715; x_wconf 90' lang='lat' dir='ltr'>qui</span> <span class='ocrx_word' id='word_1_93' title='bbox 2568 1632 2760 1697; x_wconf 84' lang='lat' dir='ltr'>dicit:</span> <span class='ocrx_word' id='word_1_94' title='bbox 2790 1680 2805 1697; x_wconf 90' lang='lat'><em>.</em></span> 
     </span>
     <span class='ocr_line' id='line_1_12' title="bbox 469 1739 2765 1827; baseline -0.002 -19"><span class='ocrx_word' id='word_1_95' title='bbox 469 1761 601 1827; x_wconf 85' lang='lat' dir='ltr'>ego</span> <span class='ocrx_word' id='word_1_96' title='bbox 669 1760 828 1807; x_wconf 86' lang='lat' dir='ltr'>sum</span> <span class='ocrx_word' id='word_1_97' title='bbox 890 1741 1202 1818; x_wconf 87' lang='lat' dir='ltr'>ueritas,</span> <span class='ocrx_word' id='word_1_98' title='bbox 1249 1739 1529 1823; x_wconf 87' lang='lat' dir='ltr'>speciem</span> <span class='ocrx_word' id='word_1_99' title='bbox 1596 1739 1823 1818; x_wconf 90' lang='lat' dir='ltr'>carnis,</span> <span class='ocrx_word' id='word_1_100' title='bbox 1888 1742 2159 1805; x_wconf 89' lang='lat' dir='ltr'>mortem</span> <span class='ocrx_word' id='word_1_101' title='bbox 2216 1739 2442 1816; x_wconf 85' lang='lat' dir='ltr'>crucis,</span> <span class='ocrx_word' id='word_1_102' title='bbox 2497 1740 2765 1803; x_wconf 84' lang='lat' dir='ltr'>uulnera</span> 
     </span>
     <span class='ocr_line' id='line_1_13' title="bbox 465 1844 2764 1933; baseline -0.002 -20"><span class='ocrx_word' id='word_1_103' title='bbox 465 1848 800 1933; x_wconf 78' lang='lat' dir='ltr'>passionis,</span> <span class='ocrx_word' id='word_1_104' title='bbox 869 1847 1194 1913; x_wconf 81' lang='lat' dir='ltr'>cicatrices</span> <span class='ocrx_word' id='word_1_105' title='bbox 1261 1846 1743 1912; x_wconf 89' lang='lat' dir='ltr'>resurrectionis</span> <span class='ocrx_word' id='word_1_106' title='bbox 1808 1846 2147 1911; x_wconf 89' lang='lat' dir='ltr'>mentitum</span> <span class='ocrx_word' id='word_1_107' title='bbox 2209 1864 2351 1909; x_wconf 88' lang='lat' dir='ltr'>esse</span> <span class='ocrx_word' id='word_1_108' title='bbox 2426 1844 2711 1909; x_wconf 78' lang='lat' dir='ltr'>suadetis</span> <span class='ocrx_word' id='word_1_109' title='bbox 2733 1848 2764 1909; x_wconf 74' lang='grc' dir='ltr'><em>Ρ</em></span> 
     </span>
     <span class='ocr_line' id='line_1_14' title="bbox 465 1950 2764 2038; baseline -0.002 -19"><span class='ocrx_word' id='word_1_110' title='bbox 465 1955 724 2038; x_wconf 89' lang='lat' dir='ltr'>proinde</span> <span class='ocrx_word' id='word_1_111' title='bbox 771 1974 890 2020; x_wconf 91' lang='lat' dir='ltr'>uos</span> <span class='ocrx_word' id='word_1_112' title='bbox 939 1954 1190 2021; x_wconf 90' lang='lat' dir='ltr'>Christo</span> <span class='ocrx_word' id='word_1_113' title='bbox 1239 1956 1457 2018; x_wconf 86' lang='lat' dir='ltr'>uestro</span> <span class='ocrx_word' id='word_1_114' title='bbox 1506 1953 1807 2036; x_wconf 85' lang='lat' dir='ltr'>anteponi</span> <span class='ocrx_word' id='word_1_115' title='bbox 1860 1952 2083 2031; x_wconf 90' lang='lat' dir='ltr'>uultis,</span> <span class='ocrx_word' id='word_1_116' title='bbox 2142 1953 2199 2017; x_wconf 92' lang='lat' dir='ltr'>si</span> <span class='ocrx_word' id='word_1_117' title='bbox 2250 1952 2364 2017; x_wconf 91' lang='lat' dir='ltr'>illo</span> <span class='ocrx_word' id='word_1_118' title='bbox 2420 1950 2764 2016; x_wconf 86' lang='lat' dir='ltr'>mentiente</span> 
     </span>
     <span class='ocr_line' id='line_1_15' title="bbox 465 2057 2765 2127; baseline -0.001 -3"><span class='ocrx_word' id='word_1_119' title='bbox 465 2080 584 2127; x_wconf 88' lang='lat' dir='ltr'>uos</span> <span class='ocrx_word' id='word_1_120' title='bbox 624 2060 1012 2125; x_wconf 81' lang='lat' dir='ltr'>adnuntiatis</span> <span class='ocrx_word' id='word_1_121' title='bbox 1049 2060 1408 2125; x_wconf 88' lang='lat' dir='ltr'>ueritatem.</span> <span class='ocrx_word' id='word_1_122' title='bbox 1461 2060 1516 2125; x_wconf 92' lang='lat' dir='ltr'>si</span> <span class='ocrx_word' id='word_1_123' title='bbox 1566 2062 1781 2125; x_wconf 87' lang='lat' dir='ltr'>autem</span> <span class='ocrx_word' id='word_1_124' title='bbox 1830 2058 2153 2125; x_wconf 86' lang='lat' dir='ltr'>Christum</span> <span class='ocrx_word' id='word_1_125' title='bbox 2199 2060 2487 2123; x_wconf 88' lang='lat' dir='ltr'>uestrum</span> <span class='ocrx_word' id='word_1_126' title='bbox 2535 2057 2765 2123; x_wconf 87' lang='lat' dir='ltr'>sectari</span> 
     </span>
     <span class='ocr_line' id='line_1_16' title="bbox 381 2164 2763 2251; baseline -0.001 -19"><span class='ocrx_word' id='word_1_127' title='bbox 381 2176 431 2214; x_wconf 73' lang='lat'>¹⁵</span> <span class='ocrx_word' id='word_1_128' title='bbox 471 2168 692 2239; x_wconf 86' lang='lat' dir='ltr'>uultis,</span> <span class='ocrx_word' id='word_1_129' title='bbox 741 2168 885 2251; x_wconf 88' lang='lat' dir='ltr'>quis</span> <span class='ocrx_word' id='word_1_130' title='bbox 931 2186 1056 2233; x_wconf 90' lang='lat' dir='ltr'>non</span> <span class='ocrx_word' id='word_1_131' title='bbox 1101 2167 1168 2231; x_wconf 89' lang='lat' dir='ltr'>in</span> <span class='ocrx_word' id='word_1_132' title='bbox 1215 2167 1402 2233; x_wconf 91' lang='lat' dir='ltr'>uobis</span> <span class='ocrx_word' id='word_1_133' title='bbox 1450 2170 1679 2232; x_wconf 87' lang='lat' dir='ltr'>caueat</span> <span class='ocrx_word' id='word_1_134' title='bbox 1720 2167 2088 2243; x_wconf 86' lang='lat' dir='ltr'>falsitatem,</span> <span class='ocrx_word' id='word_1_135' title='bbox 2135 2168 2211 2231; x_wconf 88' lang='lat' dir='ltr'>ut</span> <span class='ocrx_word' id='word_1_136' title='bbox 2254 2164 2317 2229; x_wconf 92' lang='lat' dir='ltr'>in</span> <span class='ocrx_word' id='word_1_137' title='bbox 2365 2164 2465 2229; x_wconf 89' lang='lat' dir='ltr'>his</span> <span class='ocrx_word' id='word_1_138' title='bbox 2513 2182 2763 2247; x_wconf 89' lang='lat' dir='ltr'>quoque</span> 
     </span>
     <span class='ocr_line' id='line_1_17' title="bbox 467 2270 2763 2359; baseline -0.002 -20"><span class='ocrx_word' id='word_1_139' title='bbox 467 2276 802 2353; x_wconf 61' lang='lat' dir='ltr'>mandatis»,</span> <span class='ocrx_word' id='word_1_140' title='bbox 853 2296 1011 2358; x_wconf 85' lang='lat' dir='ltr'>quae</span> <span class='ocrx_word' id='word_1_141' title='bbox 1061 2295 1178 2340; x_wconf 90' lang='grc'><strong>1103</strong></span> <span class='ocrx_word' id='word_1_142' title='bbox 1224 2276 1463 2359; x_wconf 87' lang='lat' dir='ltr'>inplere</span> <span class='ocrx_word' id='word_1_143' title='bbox 1512 2274 1745 2351; x_wconf 84' lang='lat' dir='ltr'>dicitis,</span> <span class='ocrx_word' id='word_1_144' title='bbox 1804 2293 1929 2340; x_wconf 89' lang='grc'><strong>11011</strong></span> <span class='ocrx_word' id='word_1_145' title='bbox 1976 2274 2063 2339; x_wconf 90' lang='lat' dir='ltr'>sit</span> <span class='ocrx_word' id='word_1_146' title='bbox 2106 2272 2231 2337; x_wconf 90' lang='grc'><strong>11131</strong></span> <span class='ocrx_word' id='word_1_147' title='bbox 2279 2272 2417 2337; x_wconf 88' lang='lat' dir='ltr'>sola</span> <span class='ocrx_word' id='word_1_148' title='bbox 2459 2270 2711 2335; x_wconf 87' lang='lat' dir='ltr'>fallacia</span> <span class='ocrx_word' id='word_1_149' title='bbox 2731 2272 2763 2335; x_wconf 75' lang='lat' dir='ltr'>P</span> 
     </span>
     <span class='ocr_line' id='line_1_18' title="bbox 466 2378 2753 2466; baseline -0.003 -19"><span class='ocrx_word' id='word_1_150' title='bbox 466 2382 698 2466; x_wconf 91' lang='lat' dir='ltr'>quippe</span> <span class='ocrx_word' id='word_1_151' title='bbox 745 2401 891 2447; x_wconf 89' lang='lat' dir='ltr'>cum</span> <span class='ocrx_word' id='word_1_152' title='bbox 939 2401 1133 2447; x_wconf 89' lang='lat' dir='ltr'>ausus</span> <span class='ocrx_word' id='word_1_153' title='bbox 1182 2383 1269 2447; x_wconf 90' lang='lat' dir='ltr'>sit</span> <span class='ocrx_word' id='word_1_154' title='bbox 1311 2382 1590 2446; x_wconf 85' lang='lat' dir='ltr'>Faustus</span> <span class='ocrx_word' id='word_1_155' title='bbox 1642 2381 1870 2457; x_wconf 90' lang='lat' dir='ltr'>dicere,</span> <span class='ocrx_word' id='word_1_156' title='bbox 1927 2381 2097 2463; x_wconf 90' lang='lat' dir='ltr'>quod</span> <span class='ocrx_word' id='word_1_157' title='bbox 2142 2398 2250 2444; x_wconf 86' lang='lat' dir='ltr'>aes</span> <span class='ocrx_word' id='word_1_158' title='bbox 2296 2380 2361 2443; x_wconf 91' lang='lat' dir='ltr'>in</span> <span class='ocrx_word' id='word_1_159' title='bbox 2411 2378 2585 2445; x_wconf 89' lang='lat' dir='ltr'>zonis</span> <span class='ocrx_word' id='word_1_160' title='bbox 2632 2397 2753 2443; x_wconf 92' lang='lat' dir='ltr'>non</span> 
     </span>
     <span class='ocr_line' id='line_1_19' title="bbox 465 2486 2762 2573; baseline -0.002 -17"><span class='ocrx_word' id='word_1_161' title='bbox 465 2490 731 2573; x_wconf 85' lang='lat' dir='ltr'>portetis</span> <span class='ocrx_word' id='word_1_162' title='bbox 769 2526 856 2535; x_wconf 87' lang='lat'>——</span> <span class='ocrx_word' id='word_1_163' title='bbox 892 2489 1016 2554; x_wconf 90' lang='lat' dir='ltr'>nisi</span> <span class='ocrx_word' id='word_1_164' title='bbox 1062 2489 1224 2554; x_wconf 90' lang='lat' dir='ltr'>forte</span> <span class='ocrx_word' id='word_1_165' title='bbox 1271 2488 1416 2553; x_wconf 91' lang='lat' dir='ltr'>ideo</span> <span class='ocrx_word' id='word_1_166' title='bbox 1467 2508 1694 2552; x_wconf 90' lang='lat' dir='ltr'>uerum</span> <span class='ocrx_word' id='word_1_167' title='bbox 1748 2487 1921 2567; x_wconf 85' lang='lat' dir='ltr'>dixit,</span> <span class='ocrx_word' id='word_1_168' title='bbox 1972 2487 2119 2570; x_wconf 89' lang='lat' dir='ltr'>quia</span> <span class='ocrx_word' id='word_1_169' title='bbox 2157 2506 2279 2552; x_wconf 91' lang='lat' dir='ltr'>non</span> <span class='ocrx_word' id='word_1_170' title='bbox 2320 2505 2427 2551; x_wconf 86' lang='lat' dir='ltr'>aes</span> <span class='ocrx_word' id='word_1_171' title='bbox 2464 2487 2528 2551; x_wconf 93' lang='grc'>111</span> <span class='ocrx_word' id='word_1_172' title='bbox 2568 2486 2762 2565; x_wconf 89' lang='lat' dir='ltr'>zonis,</span> 
     </span>
     <span class='ocr_line' id='line_1_20' title="bbox 467 2592 2761 2676; baseline -0.003 -14"><span class='ocrx_word' id='word_1_173' title='bbox 467 2596 580 2663; x_wconf 91' lang='lat' dir='ltr'>sed</span> <span class='ocrx_word' id='word_1_174' title='bbox 627 2598 692 2661; x_wconf 90' lang='lat' dir='ltr'>et</span> <span class='ocrx_word' id='word_1_175' title='bbox 737 2615 960 2661; x_wconf 89' lang='lat' dir='ltr'>aurum</span> <span class='ocrx_word' id='word_1_176' title='bbox 1007 2593 1071 2659; x_wconf 92' lang='lat' dir='ltr'>in</span> <span class='ocrx_word' id='word_1_177' title='bbox 1120 2594 1369 2659; x_wconf 87' lang='lat' dir='ltr'>arcellis</span> <span class='ocrx_word' id='word_1_178' title='bbox 1419 2597 1484 2659; x_wconf 90' lang='lat' dir='ltr'>et</span> <span class='ocrx_word' id='word_1_179' title='bbox 1527 2594 1594 2658; x_wconf 91' lang='lat' dir='ltr'>in</span> <span class='ocrx_word' id='word_1_180' title='bbox 1644 2594 1915 2659; x_wconf 86' lang='lat' dir='ltr'>sacculis</span> <span class='ocrx_word' id='word_1_181' title='bbox 1953 2592 2241 2659; x_wconf 87' lang='lat' dir='ltr'>habeatis</span> <span class='ocrx_word' id='word_1_182' title='bbox 2278 2630 2368 2639; x_wconf 89' lang='lat'>—</span> <span class='ocrx_word' id='word_1_183' title='bbox 2407 2612 2521 2658; x_wconf 89' lang='grc'><strong>1180</strong></span> <span class='ocrx_word' id='word_1_184' title='bbox 2556 2611 2761 2676; x_wconf 89' lang='lat' dir='ltr'>repre-</span> 
     </span>
     <span class='ocr_line' id='line_1_21' title="bbox 376 2698 2765 2784; baseline -0.001 -17"><span class='ocrx_word' id='word_1_185' title='bbox 376 2708 428 2749; x_wconf 73' lang='lat'>’0</span> <span class='ocrx_word' id='word_1_186' title='bbox 471 2702 894 2767; x_wconf 76' lang='lat' dir='ltr'>hender-entur</span> <span class='ocrx_word' id='word_1_187' title='bbox 937 2702 1062 2767; x_wconf 85' lang='lat' dir='ltr'>ista</span> <span class='ocrx_word' id='word_1_188' title='bbox 1105 2702 1171 2766; x_wconf 92' lang='lat' dir='ltr'>in</span> <span class='ocrx_word' id='word_1_189' title='bbox 1217 2701 1424 2777; x_wconf 81' lang='grc'><strong>1101118,</strong></span> <span class='ocrx_word' id='word_1_190' title='bbox 1473 2701 1599 2766; x_wconf 88' lang='grc'><strong>11181</strong></span> <span class='ocrx_word' id='word_1_191' title='bbox 1645 2700 1793 2783; x_wconf 88' lang='lat' dir='ltr'>quia</span> <span class='ocrx_word' id='word_1_192' title='bbox 1837 2700 2223 2784; x_wconf 90' lang='lat' dir='ltr'>profitemini</span> <span class='ocrx_word' id='word_1_193' title='bbox 2267 2699 2440 2763; x_wconf 88' lang='lat' dir='ltr'>aliud</span> <span class='ocrx_word' id='word_1_194' title='bbox 2478 2701 2543 2762; x_wconf 89' lang='lat' dir='ltr'>et</span> <span class='ocrx_word' id='word_1_195' title='bbox 2578 2698 2765 2765; x_wconf 82' lang='lat' dir='ltr'>aliter</span> 
     </span>
     <span class='ocr_line' id='line_1_22' title="bbox 464 2803 2765 2880; baseline -0.002 -7"><span class='ocrx_word' id='word_1_196' title='bbox 464 2810 707 2875; x_wconf 91' lang='lat' dir='ltr'>uiuitis.</span> <span class='ocrx_word' id='word_1_197' title='bbox 777 2809 985 2873; x_wconf 86' lang='lat' dir='ltr'>adhuc</span> <span class='ocrx_word' id='word_1_198' title='bbox 1041 2809 1104 2873; x_wconf 93' lang='lat' dir='ltr'>in</span> <span class='ocrx_word' id='word_1_199' title='bbox 1161 2810 1352 2873; x_wconf 89' lang='lat' dir='ltr'>rebus</span> <span class='ocrx_word' id='word_1_200' title='bbox 1412 2808 1708 2872; x_wconf 84' lang='lat' dir='ltr'>humanis</span> <span class='ocrx_word' id='word_1_201' title='bbox 1768 2816 1867 2871; x_wconf 88' lang='lat' dir='ltr'>est</span> <span class='ocrx_word' id='word_1_202' title='bbox 1918 2806 2029 2869; x_wconf 90' lang='lat' dir='ltr'>ille</span> <span class='ocrx_word' id='word_1_203' title='bbox 2080 2804 2513 2880; x_wconf 85' lang='lat' dir='ltr'>Constantius,</span> <span class='ocrx_word' id='word_1_204' title='bbox 2570 2803 2765 2869; x_wconf 90' lang='lat' dir='ltr'>modo</span> 
     </span>
     <span class='ocr_line' id='line_1_23' title="bbox 463 2912 2763 2995; baseline -0.002 -16"><span class='ocrx_word' id='word_1_205' title='bbox 463 2916 591 2981; x_wconf 88' lang='lat' dir='ltr'>iam</span> <span class='ocrx_word' id='word_1_206' title='bbox 635 2916 830 2981; x_wconf 81' lang='lat' dir='ltr'>frater</span> <span class='ocrx_word' id='word_1_207' title='bbox 874 2918 1090 2981; x_wconf 90' lang='lat' dir='ltr'>noster</span> <span class='ocrx_word' id='word_1_208' title='bbox 1136 2914 1492 2981; x_wconf 88' lang='lat' dir='ltr'>catholicus</span> <span class='ocrx_word' id='word_1_209' title='bbox 1551 2914 1957 2991; x_wconf 85' lang='lat' dir='ltr'>christianus,</span> <span class='ocrx_word' id='word_1_210' title='bbox 2015 2912 2124 2995; x_wconf 90' lang='lat' dir='ltr'>qui</span> <span class='ocrx_word' id='word_1_211' title='bbox 2176 2912 2418 2977; x_wconf 83' lang='lat' dir='ltr'>multos</span> <span class='ocrx_word' id='word_1_212' title='bbox 2474 2918 2763 2975; x_wconf 90' lang='lat' dir='ltr'>uestrum</span> 
     </span>
     <span class='ocr_line' id='line_1_24' title="bbox 462 3017 2761 3104; baseline -0.003 -16"><span class='ocrx_word' id='word_1_213' title='bbox 462 3024 698 3088; x_wconf 87' lang='lat' dir='ltr'>Romae</span> <span class='ocrx_word' id='word_1_214' title='bbox 743 3023 809 3086; x_wconf 91' lang='lat' dir='ltr'>in</span> <span class='ocrx_word' id='word_1_215' title='bbox 859 3021 1118 3087; x_wconf 90' lang='lat' dir='ltr'>domum</span> <span class='ocrx_word' id='word_1_216' title='bbox 1165 3040 1348 3087; x_wconf 89' lang='lat' dir='ltr'>suam</span> <span class='ocrx_word' id='word_1_217' title='bbox 1397 3023 1896 3104; x_wconf 87' lang='lat' dir='ltr'>congregauerat</span> <span class='ocrx_word' id='word_1_218' title='bbox 1939 3023 2198 3103; x_wconf 90' lang='lat' dir='ltr'>propter</span> <span class='ocrx_word' id='word_1_219' title='bbox 2252 3017 2551 3101; x_wconf 87' lang='lat' dir='ltr'>inplenda</span> <span class='ocrx_word' id='word_1_220' title='bbox 2585 3036 2761 3100; x_wconf 87' lang='lat' dir='ltr'>prae-</span> 
     </span>
     <span class='ocr_line' id='line_1_25' title="bbox 464 3124 2763 3213; baseline -0.002 -19"><span class='ocrx_word' id='word_1_221' title='bbox 464 3132 646 3213; x_wconf 85' lang='lat' dir='ltr'>cepta</span> <span class='ocrx_word' id='word_1_222' title='bbox 682 3128 1059 3206; x_wconf 87' lang='lat' dir='ltr'>Manichaei,</span> <span class='ocrx_word' id='word_1_223' title='bbox 1111 3128 1270 3193; x_wconf 89' lang='lat' dir='ltr'>satis</span> <span class='ocrx_word' id='word_1_224' title='bbox 1319 3127 1575 3209; x_wconf 87' lang='lat' dir='ltr'>quidem</span> <span class='ocrx_word' id='word_1_225' title='bbox 1624 3145 1790 3190; x_wconf 86' lang='lat' dir='ltr'>uana</span> <span class='ocrx_word' id='word_1_226' title='bbox 1828 3129 1891 3190; x_wconf 86' lang='lat' dir='ltr'>et</span> <span class='ocrx_word' id='word_1_227' title='bbox 1926 3126 2160 3209; x_wconf 80' lang='lat' dir='ltr'>inepta,</span> <span class='ocrx_word' id='word_1_228' title='bbox 2202 3124 2313 3190; x_wconf 87' lang='lat' dir='ltr'>sed</span> <span class='ocrx_word' id='word_1_229' title='bbox 2350 3126 2561 3188; x_wconf 88' lang='lat' dir='ltr'>tamen</span> <span class='ocrx_word' id='word_1_230' title='bbox 2600 3142 2763 3206; x_wconf 86' lang='lat' dir='ltr'>quae</span> 
     </span>
     <span class='ocr_line' id='line_1_26' title="bbox 369 3230 2761 3320; baseline -0.003 -20"><span class='ocrx_word' id='word_1_231' title='bbox 369 3236 424 3279; x_wconf 65' lang='grc' dir='ltr'>’ὅ</span> <span class='ocrx_word' id='word_1_232' title='bbox 464 3254 696 3320; x_wconf 87' lang='lat' dir='ltr'>magna</span> <span class='ocrx_word' id='word_1_233' title='bbox 768 3234 1182 3300; x_wconf 79' lang='lat' dir='ltr'>existimatis:</span> <span class='ocrx_word' id='word_1_234' title='bbox 1263 3233 1494 3316; x_wconf 90' lang='lat' dir='ltr'>quibus</span> <span class='ocrx_word' id='word_1_235' title='bbox 1573 3252 1719 3297; x_wconf 89' lang='lat' dir='ltr'>cum</span> <span class='ocrx_word' id='word_1_236' title='bbox 1793 3236 2009 3297; x_wconf 89' lang='lat' dir='ltr'>uestra</span> <span class='ocrx_word' id='word_1_237' title='bbox 2078 3231 2411 3296; x_wconf 85' lang='lat' dir='ltr'>infirmitas</span> <span class='ocrx_word' id='word_1_238' title='bbox 2486 3230 2761 3307; x_wconf 81' lang='lat' dir='ltr'>cederet,</span> 
     </span>
     <span class='ocr_line' id='line_1_27' title="bbox 463 3336 2762 3425; baseline -0.003 -19"><span class='ocrx_word' id='word_1_239' title='bbox 463 3341 734 3425; x_wconf 87' lang='lat' dir='ltr'>dispersi</span> <span class='ocrx_word' id='word_1_240' title='bbox 782 3340 940 3405; x_wconf 87' lang='lat' dir='ltr'>estis</span> <span class='ocrx_word' id='word_1_241' title='bbox 988 3340 1260 3423; x_wconf 87' lang='lat' dir='ltr'>quisque</span> <span class='ocrx_word' id='word_1_242' title='bbox 1317 3342 1383 3404; x_wconf 91' lang='lat' dir='ltr'>in</span> <span class='ocrx_word' id='word_1_243' title='bbox 1443 3340 1617 3404; x_wconf 87' lang='lat' dir='ltr'>uiam</span> <span class='ocrx_word' id='word_1_244' title='bbox 1678 3358 1882 3403; x_wconf 85' lang='lat' dir='ltr'>suam.</span> <span class='ocrx_word' id='word_1_245' title='bbox 1950 3338 2116 3403; x_wconf 87' lang='lat' dir='ltr'>unde</span> <span class='ocrx_word' id='word_1_246' title='bbox 2180 3338 2298 3415; x_wconf 89' lang='lat' dir='ltr'>illi,</span> <span class='ocrx_word' id='word_1_247' title='bbox 2366 3337 2475 3420; x_wconf 91' lang='lat' dir='ltr'>qui</span> <span class='ocrx_word' id='word_1_248' title='bbox 2539 3336 2602 3402; x_wconf 91' lang='lat' dir='ltr'>in</span> <span class='ocrx_word' id='word_1_249' title='bbox 2669 3336 2762 3400; x_wconf 84' lang='lat' dir='ltr'>eis</span> 
     </span>
     <span class='ocr_line' id='line_1_28' title="bbox 460 3444 2772 3531; baseline -0.004 -18"><span class='ocrx_word' id='word_1_250' title='bbox 460 3448 797 3531; x_wconf 87' lang='lat' dir='ltr'>perdurare</span> <span class='ocrx_word' id='word_1_251' title='bbox 851 3447 1219 3527; x_wconf 88' lang='lat' dir='ltr'>uoluerunt,</span> <span class='ocrx_word' id='word_1_252' title='bbox 1268 3465 1305 3510; x_wconf 91' lang='lat' dir='ltr'>a</span> <span class='ocrx_word' id='word_1_253' title='bbox 1350 3452 1570 3511; x_wconf 83' lang='lat' dir='ltr'>uestra</span> <span class='ocrx_word' id='word_1_254' title='bbox 1628 3446 1935 3511; x_wconf 87' lang='lat' dir='ltr'>societate</span> <span class='ocrx_word' id='word_1_255' title='bbox 1994 3444 2279 3509; x_wconf 90' lang='lat' dir='ltr'>schisma</span> <span class='ocrx_word' id='word_1_256' title='bbox 2334 3444 2643 3521; x_wconf 86' lang='lat' dir='ltr'>fecerunt,</span> <span class='ocrx_word' id='word_1_257' title='bbox 2701 3444 2772 3505; x_wconf 87' lang='lat' dir='ltr'>et</span> 
     </span>
    </p>
   </div>
   <div class='ocr_carea' id='block_1_3' title="bbox 640 3680 1601 3745">
    <p class='ocr_par' dir='ltr' id='par_1_3' title="bbox 640 3680 1601 3745">
     <span class='ocr_line' id='line_1_29' title="bbox 640 3680 1601 3745; baseline -0.003 -10"><span class='ocrx_word' id='word_1_258' title='bbox 640 3683 672 3735; x_wconf 81' lang='lat' dir='ltr'>s</span> <span class='ocrx_word' id='word_1_259' title='bbox 707 3680 738 3735; x_wconf 92' lang='lat'>1</span> <span class='ocrx_word' id='word_1_260' title='bbox 774 3680 910 3735; x_wconf 79' lang='lat' dir='ltr'>Tim.</span> <span class='ocrx_word' id='word_1_261' title='bbox 953 3682 999 3745; x_wconf 91' lang='lat'>1,</span> <span class='ocrx_word' id='word_1_262' title='bbox 1039 3682 1072 3734; x_wconf 87' lang='lat'>5</span> <span class='ocrx_word' id='word_1_263' title='bbox 1184 3682 1244 3733; x_wconf 97' lang='lat'>11</span> <span class='ocrx_word' id='word_1_264' title='bbox 1287 3680 1405 3733; x_wconf 89' lang='lat' dir='ltr'>Ioh.</span> <span class='ocrx_word' id='word_1_265' title='bbox 1445 3681 1528 3745; x_wconf 88' lang='lat'>14,</span> <span class='ocrx_word' id='word_1_266' title='bbox 1569 3680 1601 3732; x_wconf 88' lang='lat'>6</span> 
     </span>
    </p>
   </div>
   <div class='ocr_carea' id='block_1_4' title="bbox 455 3849 2762 4369">
    <p class='ocr_par' dir='ltr' id='par_1_4' title="bbox 455 3849 2762 4369">
     <span class='ocr_line' id='line_1_30' title="bbox 536 3849 2762 3930; baseline -0.005 -14"><span class='ocrx_word' id='word_1_267' title='bbox 536 3865 556 3916; x_wconf 87' lang='lat'>1</span> <span class='ocrx_word' id='word_1_268' title='bbox 590 3860 751 3930; x_wconf 87' lang='lat' dir='ltr'>inter]</span> <span class='ocrx_word' id='word_1_269' title='bbox 781 3858 926 3913; x_wconf 84' lang='lat' dir='ltr'>intra</span> <span class='ocrx_word' id='word_1_270' title='bbox 955 3857 1054 3913; x_wconf 76' lang='lat' dir='ltr'>SG</span> <span class='ocrx_word' id='word_1_271' title='bbox 1163 3858 1196 3910; x_wconf 85' lang='lat'>2</span> <span class='ocrx_word' id='word_1_272' title='bbox 1223 3874 1332 3911; x_wconf 86' lang='grc'><strong>11011</strong></span> <span class='ocrx_word' id='word_1_273' title='bbox 1363 3861 1432 3923; x_wconf 80' lang='lat' dir='ltr'>(s.</span> <span class='ocrx_word' id='word_1_274' title='bbox 1463 3858 1526 3923; x_wconf 81' lang='lat' dir='ltr'>l.)</span> <span class='ocrx_word' id='word_1_275' title='bbox 1555 3856 1607 3910; x_wconf 79' lang='lat' dir='ltr'>G·</span> <span class='ocrx_word' id='word_1_276' title='bbox 1636 3872 1737 3910; x_wconf 86' lang='lat' dir='ltr'>om.</span> <span class='ocrx_word' id='word_1_277' title='bbox 1760 3855 1871 3909; x_wconf 81' lang='lat' dir='ltr'>SM</span> <span class='ocrx_word' id='word_1_278' title='bbox 1879 3854 1943 3909; x_wconf 82' lang='lat'>0¹</span> <span class='ocrx_word' id='word_1_279' title='bbox 2054 3854 2087 3908; x_wconf 85' lang='lat'><strong>3</strong></span> <span class='ocrx_word' id='word_1_280' title='bbox 2118 3853 2192 3924; x_wconf 90' lang='lat' dir='ltr'>et]</span> <span class='ocrx_word' id='word_1_281' title='bbox 2224 3851 2321 3907; x_wconf 87' lang='lat' dir='ltr'>sed</span> <span class='ocrx_word' id='word_1_282' title='bbox 2350 3853 2439 3919; x_wconf 73' lang='lat' dir='ltr'>(in</span> <span class='ocrx_word' id='word_1_283' title='bbox 2464 3854 2605 3918; x_wconf 74' lang='lat' dir='ltr'>rae.)</span> <span class='ocrx_word' id='word_1_284' title='bbox 2636 3849 2762 3913; x_wconf 76' lang='lat' dir='ltr'>SG,</span> 
     </span>
     <span class='ocr_line' id='line_1_31' title="bbox 459 3936 2743 4017; baseline -0.005 -14"><span class='ocrx_word' id='word_1_285' title='bbox 459 3964 560 4003; x_wconf 74' lang='lat' dir='ltr'>om.</span> <span class='ocrx_word' id='word_1_286' title='bbox 579 3946 754 4013; x_wconf 70' lang='lat' dir='ltr'>Lm,</span> <span class='ocrx_word' id='word_1_287' title='bbox 784 3946 866 4017; x_wconf 76' lang='lat' dir='ltr'>(in</span> <span class='ocrx_word' id='word_1_288' title='bbox 887 3962 987 4016; x_wconf 75' lang='lat' dir='ltr'>my.</span> <span class='ocrx_word' id='word_1_289' title='bbox 1015 3964 1084 4000; x_wconf 88' lang='lat' dir='ltr'>m.</span> <span class='ocrx_word' id='word_1_290' title='bbox 1111 3962 1214 4001; x_wconf 84' lang='lat' dir='ltr'>ree.</span> <span class='ocrx_word' id='word_1_291' title='bbox 1256 3946 1410 3999; x_wconf 63' lang='lat' dir='ltr'>add.)</span> <span class='ocrx_word' id='word_1_292' title='bbox 1439 3945 1487 3999; x_wconf 82' lang='lat'><strong><em>0</em></strong></span> <span class='ocrx_word' id='word_1_293' title='bbox 1628 3945 1819 4016; x_wconf 64' lang='lat' dir='ltr'>ceteris</span> <span class='ocrx_word' id='word_1_294' title='bbox 1848 3944 1901 3997; x_wconf 92' lang='lat' dir='ltr'><em>L</em></span> <span class='ocrx_word' id='word_1_295' title='bbox 2006 3944 2043 3996; x_wconf 85' lang='lat'>4</span> <span class='ocrx_word' id='word_1_296' title='bbox 2080 3942 2321 4014; x_wconf 85' lang='lat' dir='ltr'>precepti</span> <span class='ocrx_word' id='word_1_297' title='bbox 2348 3940 2396 3994; x_wconf 81' lang='lat' dir='ltr'><strong><em>G</em></strong></span> <span class='ocrx_word' id='word_1_298' title='bbox 2497 3940 2531 3993; x_wconf 84' lang='lat'>5</span> <span class='ocrx_word' id='word_1_299' title='bbox 2561 3936 2743 4007; x_wconf 88' lang='lat' dir='ltr'>corde]</span> 
     </span>
     <span class='ocr_line' id='line_1_32' title="bbox 459 4027 2749 4109; baseline -0.005 -17"><span class='ocrx_word' id='word_1_300' title='bbox 459 4052 674 4109; x_wconf 86' lang='lat' dir='ltr'>corpore</span> <span class='ocrx_word' id='word_1_301' title='bbox 708 4036 775 4091; x_wconf 80' lang='lat'>0¹</span> <span class='ocrx_word' id='word_1_302' title='bbox 886 4035 917 4087; x_wconf 88' lang='lat'><strong>7</strong></span> <span class='ocrx_word' id='word_1_303' title='bbox 955 4034 1115 4089; x_wconf 85' lang='lat' dir='ltr'>fidem</span> <span class='ocrx_word' id='word_1_304' title='bbox 1143 4035 1196 4088; x_wconf 90' lang='lat' dir='ltr'><strong><em>L</em></strong></span> <span class='ocrx_word' id='word_1_305' title='bbox 1337 4034 1624 4105; x_wconf 80' lang='lat' dir='ltr'>pigeuitL</span> <span class='ocrx_word' id='word_1_306' title='bbox 1731 4032 1765 4087; x_wconf 89' lang='lat'>8</span> <span class='ocrx_word' id='word_1_307' title='bbox 1801 4033 1981 4086; x_wconf 84' lang='lat' dir='ltr'>fucare</span> <span class='ocrx_word' id='word_1_308' title='bbox 2016 4031 2066 4085; x_wconf 84' lang='lat'><em>0</em></span> <span class='ocrx_word' id='word_1_309' title='bbox 2096 4047 2329 4102; x_wconf 85' lang='lat' dir='ltr'>purgare</span> <span class='ocrx_word' id='word_1_310' title='bbox 2362 4030 2439 4083; x_wconf 77' lang='lat' dir='ltr'>G²</span> <span class='ocrx_word' id='word_1_311' title='bbox 2549 4027 2616 4082; x_wconf 88' lang='grc'>10</span> <span class='ocrx_word' id='word_1_312' title='bbox 2644 4027 2749 4080; x_wconf 80' lang='lat' dir='ltr'>fal-</span> 
     </span>
     <span class='ocr_line' id='line_1_33' title="bbox 455 4116 2756 4190; baseline -0.005 -9"><span class='ocrx_word' id='word_1_313' title='bbox 455 4128 591 4182; x_wconf 84' lang='lat' dir='ltr'>latia</span> <span class='ocrx_word' id='word_1_314' title='bbox 633 4127 681 4181; x_wconf 81' lang='lat' dir='ltr'><em>G</em></span> <span class='ocrx_word' id='word_1_315' title='bbox 823 4124 887 4179; x_wconf 87' lang='grc'>12</span> <span class='ocrx_word' id='word_1_316' title='bbox 925 4123 1332 4180; x_wconf 83' lang='lat' dir='ltr'>resurrextionis</span> <span class='ocrx_word' id='word_1_317' title='bbox 1377 4124 1423 4177; x_wconf 81' lang='lat'><em>0</em></span> <span class='ocrx_word' id='word_1_318' title='bbox 1566 4124 1635 4177; x_wconf 82' lang='lat'>14</span> <span class='ocrx_word' id='word_1_319' title='bbox 1672 4122 1919 4175; x_wconf 84' lang='lat' dir='ltr'>ueritatis</span> <span class='ocrx_word' id='word_1_320' title='bbox 1957 4120 2005 4175; x_wconf 77' lang='lat' dir='ltr'><strong><em>S</em></strong></span> <span class='ocrx_word' id='word_1_321' title='bbox 2176 4119 2238 4173; x_wconf 89' lang='grc'>16</span> <span class='ocrx_word' id='word_1_322' title='bbox 2279 4135 2383 4190; x_wconf 86' lang='lat' dir='ltr'>que</span> <span class='ocrx_word' id='word_1_323' title='bbox 2428 4118 2477 4173; x_wconf 81' lang='lat'><em>0</em></span> <span class='ocrx_word' id='word_1_324' title='bbox 2646 4116 2756 4170; x_wconf 89' lang='grc'><strong>11181</strong></span> 
     </span>
     <span class='ocr_line' id='line_1_34' title="bbox 456 4204 2751 4283; baseline -0.006 -13"><span class='ocrx_word' id='word_1_325' title='bbox 456 4232 560 4271; x_wconf 79' lang='lat' dir='ltr'>om.</span> <span class='ocrx_word' id='word_1_326' title='bbox 578 4216 632 4269; x_wconf 92' lang='lat' dir='ltr'><strong><em>L</em></strong></span> <span class='ocrx_word' id='word_1_327' title='bbox 777 4214 842 4267; x_wconf 88' lang='grc'>17</span> <span class='ocrx_word' id='word_1_328' title='bbox 873 4228 930 4283; x_wconf 70' lang='lat' dir='ltr'>es</span> <span class='ocrx_word' id='word_1_329' title='bbox 965 4211 1013 4266; x_wconf 83' lang='lat'><em>0</em></span> <span class='ocrx_word' id='word_1_330' title='bbox 1159 4212 1221 4265; x_wconf 88' lang='lat'>19</span> <span class='ocrx_word' id='word_1_331' title='bbox 1251 4211 1447 4265; x_wconf 73' lang='grc'><strong>88011118</strong></span> <span class='ocrx_word' id='word_1_332' title='bbox 1477 4210 1578 4265; x_wconf 78' lang='lat' dir='ltr'>SG</span> <span class='ocrx_word' id='word_1_333' title='bbox 1713 4208 2175 4279; x_wconf 74' lang='lat' dir='ltr'>rephenderentur</span> <span class='ocrx_word' id='word_1_334' title='bbox 2202 4207 2255 4260; x_wconf 89' lang='lat' dir='ltr'><strong><em>L</em></strong></span> <span class='ocrx_word' id='word_1_335' title='bbox 2364 4205 2432 4259; x_wconf 80' lang='lat'>22</span> <span class='ocrx_word' id='word_1_336' title='bbox 2460 4211 2675 4259; x_wconf 72' lang='lat' dir='ltr'>urorum</span> <span class='ocrx_word' id='word_1_337' title='bbox 2697 4204 2751 4257; x_wconf 91' lang='lat' dir='ltr'><strong><em>L</em></strong></span> 
     </span>
     <span class='ocr_line' id='line_1_35' title="bbox 455 4292 2757 4369; baseline -0.006 -11"><span class='ocrx_word' id='word_1_338' title='bbox 455 4306 523 4358; x_wconf 77' lang='lat'>23</span> <span class='ocrx_word' id='word_1_339' title='bbox 549 4320 696 4358; x_wconf 89' lang='lat' dir='ltr'>rome</span> <span class='ocrx_word' id='word_1_340' title='bbox 717 4298 764 4357; x_wconf 78' lang='lat' dir='ltr'><strong><em>S</em></strong></span> <span class='ocrx_word' id='word_1_341' title='bbox 868 4303 936 4355; x_wconf 86' lang='lat'>24</span> <span class='ocrx_word' id='word_1_342' title='bbox 955 4299 1224 4355; x_wconf 81' lang='lat' dir='ltr'>manichei</span> <span class='ocrx_word' id='word_1_343' title='bbox 1249 4300 1296 4354; x_wconf 81' lang='lat'><em>0</em></span> <span class='ocrx_word' id='word_1_344' title='bbox 1399 4300 1467 4354; x_wconf 76' lang='lat'>25</span> <span class='ocrx_word' id='word_1_345' title='bbox 1495 4316 1618 4369; x_wconf 69' lang='lat' dir='ltr'>sup.</span> <span class='ocrx_word' id='word_1_346' title='bbox 1648 4316 1764 4353; x_wconf 90' lang='lat' dir='ltr'>cum</span> <span class='ocrx_word' id='word_1_347' title='bbox 1789 4302 1969 4351; x_wconf 86' lang='lat' dir='ltr'>uestra</span> <span class='ocrx_word' id='word_1_348' title='bbox 1998 4298 2129 4351; x_wconf 84' lang='lat' dir='ltr'>add.</span> <span class='ocrx_word' id='word_1_349' title='bbox 2158 4314 2227 4351; x_wconf 86' lang='lat' dir='ltr'>m.</span> <span class='ocrx_word' id='word_1_350' title='bbox 2258 4300 2298 4349; x_wconf 82' lang='lat'><strong><em>2</em></strong></span> <span class='ocrx_word' id='word_1_351' title='bbox 2324 4295 2348 4347; x_wconf 77' lang='grc'>1</span> <span class='ocrx_word' id='word_1_352' title='bbox 2374 4292 2663 4365; x_wconf 86' lang='lat' dir='ltr'>implendis</span> <span class='ocrx_word' id='word_1_353' title='bbox 2684 4294 2757 4346; x_wconf 88' lang='lat' dir='ltr'><em>M</em></span> 
     </span>
    </p>
   </div>
   <div class='ocr_carea' id='block_1_5' title="bbox 455 4386 1968 4460">
    <p class='ocr_par' dir='ltr' id='par_1_5' title="bbox 455 4386 1968 4460">
     <span class='ocr_line' id='line_1_36' title="bbox 455 4386 1968 4460; baseline -0.003 -15"><span class='ocrx_word' id='word_1_354' title='bbox 455 4393 523 4446; x_wconf 84' lang='lat'>27</span> <span class='ocrx_word' id='word_1_355' title='bbox 560 4410 710 4447; x_wconf 85' lang='lat' dir='ltr'>uram</span> <span class='ocrx_word' id='word_1_356' title='bbox 749 4392 803 4445; x_wconf 92' lang='lat' dir='ltr'><strong><em>L</em></strong></span> <span class='ocrx_word' id='word_1_357' title='bbox 948 4390 1182 4445; x_wconf 79' lang='lat' dir='ltr'>schisma</span> <span class='ocrx_word' id='word_1_358' title='bbox 1220 4390 1266 4460; x_wconf 85' lang='grc'>(8</span> <span class='ocrx_word' id='word_1_359' title='bbox 1294 4406 1386 4458; x_wconf 78' lang='lat' dir='ltr'>pr.</span> <span class='ocrx_word' id='word_1_360' title='bbox 1423 4406 1466 4443; x_wconf 82' lang='lat'>8.</span> <span class='ocrx_word' id='word_1_361' title='bbox 1507 4390 1564 4459; x_wconf 79' lang='grc' dir='ltr'>Ζ.)</span> <span class='ocrx_word' id='word_1_362' title='bbox 1606 4388 1653 4443; x_wconf 78' lang='lat' dir='ltr'><strong><em>S</em></strong></span> <span class='ocrx_word' id='word_1_363' title='bbox 1684 4388 1881 4442; x_wconf 79' lang='lat' dir='ltr'>scisma</span> <span class='ocrx_word' id='word_1_364' title='bbox 1921 4386 1968 4440; x_wconf 81' lang='lat'><em>0</em></span> 
     </span>
    </p>
   </div>
  </div>
 </body>
</html>
