3159 4984
768 474 868 527 111.
909 473 1159 529 Contra
1195 474 1637 527 Fortunatam
1668 474 2078 544 disputatio,
2446 478 2565 541 101

290 670 398 731 est
425 668 846 751 cupidita&
888 688 1106 751 quam
1137 668 1438 751 quidam
1473 672 1883 751 sequentes
1924 669 2579 753 naufragauerunt

287 794 322 837 a
364 773 514 837 fide
565 777 638 837 et
681 774 1176 839 inseruerunt
1213 794 1290 839 se
1331 776 1727 840 doloribus
1774 776 2063 841 multis,
2115 776 2169 840 si
2210 775 2376 840 enim
2414 775 2574 839 radi-

287 899 414 943 cem
489 881 772 945 omnium
846 882 1160 946 malorum
1227 881 1507 964 quaeris,
1575 882 1771 946 habes
1837 882 2197 965 apostolum
2264 881 2576 946 dicentem

283 987 550 1050 radicem
607 988 890 1052 omnium
945 990 1258 1053 malorum
1316 1007 1456 1053 esse
1513 988 1951 1072 cupiditatem.
2017 988 2293 1052 radicem
2347 988 2577 1055 radicis

217 1118 240 1155 ⁵
288 1112 580 1175 quaerere
644 1114 764 1159 non
824 1116 1122 1178 possum3
1190 1099 1303 1160 aut
1358 1096 1413 1160 si
1470 1099 1569 1160 est
1626 1093 1799 1160 aliud
1852 1097 2115 1171 malum,
2175 1096 2357 1160 cuius
2406 1095 2579 1159 radix

283 1218 396 1264 non
444 1203 547 1264 est
597 1200 932 1282 cupiditas,
981 1220 1106 1265 non
1155 1202 1275 1266 erit
1322 1200 1605 1265 omnium
1650 1202 1963 1265 malorum
2019 1201 2195 1265 radix
2243 1201 2577 1284 cupiditas,

283 1305 333 1369 si
386 1308 605 1369 autem
662 1325 886 1371 uerum
944 1310 1046 1371 est
1099 1308 1383 1371 omnium
1440 1308 1755 1372 malorum
1812 1308 2089 1371 radicem
2148 1326 2289 1371 esse
2341 1308 2580 1389 cupidi-

283 1414 492 1489 tatem,
541 1412 778 1477 frustra
824 1412 998 1477 aliud
1046 1413 1304 1495 aliquod
1347 1414 1502 1477 mali
1566 1434 1767 1499 genus
1816 1414 2199 1496 quaerimus.
2260 1417 2373 1477 tua
2426 1432 2577 1477 uero

283 1521 500 1583 natura
549 1519 878 1595 contraria,
928 1538 1120 1602 quam
1165 1520 1416 1585 inducis
1463 1558 1552 1567 —
1598 1520 1897 1603 quoniam
1943 1520 2071 1584 iam
2127 1520 2424 1603 respondi
2474 1519 2580 1583 ob-

205 1652 248 1689 10
281 1624 460 1689 iectis
527 1625 681 1698 tuis,
742 1645 998 1707 quaeso,
1059 1630 1136 1691 ut
1191 1630 1256 1691 et
1311 1630 1382 1691 tu
1441 1627 1599 1691 mihi
1626 1654 1631 1659 ·
1659 1627 1863 1692 dicere
1912 1626 2187 1710 digneris
2232 1662 2323 1673 —-
2370 1625 2424 1689 si
2469 1625 2583 1688 illa

283 1734 502 1795 natura
553 1734 864 1797 contraria
913 1738 1012 1798 est
1049 1736 1256 1799 totum
1295 1734 1536 1797 malum
1575 1754 1779 1816 neque
1816 1737 2151 1817 peccatum
2188 1735 2405 1815 potest
2442 1750 2581 1797 esse

285 1838 403 1901 nisi
451 1858 526 1901 ex
574 1840 704 1915 illa,
753 1859 1020 1923 poenam
1067 1841 1210 1923 ipsa
1256 1841 1392 1904 sola
1439 1840 1631 1905 debet
1664 1841 1912 1915 mereri,
1954 1860 2075 1904 non
2115 1839 2344 1916 anima,
2386 1857 2421 1901 a
2460 1856 2582 1919 qua

283 1963 400 2007 non
449 1948 555 2009 est
599 1950 952 2028 peccatum.
1021 1952 1086 2009 at
1133 1946 1187 2010 si
1237 1946 1396 2011 dicis
1441 1947 1649 2030 ipsam
1697 1948 1899 2010 solam
1936 1946 2161 2009 mereri
2201 1962 2469 2027 poenam
2517 1946 2581 2007 et

283 2051 560 2115 animam
605 2072 726 2115 non
777 2052 1022 2130 mereri,
1072 2070 1326 2134 quaero,
1377 2052 1481 2117 cui
1528 2052 1677 2116 data
1722 2050 1809 2115 sit
1852 2051 2261 2133 paenitentia,
2302 2068 2462 2133 quae
2500 2048 2586 2113 sit

209 2182 250 2219 ιε,
285 2157 456 2221 iussa
493 2158 838 2241 paenitere.
889 2159 945 2222 si
991 2159 1201 2223 anima
1245 2159 1426 2223 iussa
1473 2162 1572 2222 est
1607 2158 1947 2241 paenitere,
1988 2158 2064 2221 ab
2102 2158 2217 2221 illa
2250 2159 2583 2240 peccatum

286 2268 348 2326 et
380 2264 526 2346 ipsa
565 2265 896 2328 uoluntate
933 2264 1245 2348 peccauit.
1294 2283 1438 2328 nam
1479 2264 1534 2329 si
1572 2264 1825 2347 cogitur
1860 2265 2069 2328 anima
2104 2264 2306 2328 facere
2344 2262 2581 2326 malum

285 2389 484 2451 neque
523 2371 638 2433 illa
675 2374 794 2447 est,
834 2371 1004 2454 quod
1041 2372 1284 2435 malum
1319 2370 1492 2447 fecit,
1531 2390 1738 2435 nonne
1777 2372 2047 2435 stultum
2088 2373 2189 2434 est
2225 2373 2290 2433 et
2324 2370 2581 2452 plenum

286 2476 663 2553 dementiae,
716 2483 790 2540 ut
837 2496 994 2560 gens
1040 2477 1446 2541 tenebrarum
1491 2476 1855 2559 peccauerit
1900 2479 1966 2541 et
2010 2496 2111 2541 me
2148 2476 2470 2559 paeniteat
2506 2474 2581 2538 de

283 2584 616 2665 peccatis?
683 2602 888 2647 nonne
944 2584 1204 2666 plenum
1264 2583 1619 2648 dementiae
1676 2587 1795 2650 est,
1853 2588 1928 2648 ut
1981 2602 2136 2667 gens
2182 2583 2577 2647 tenebrarum

206 2712 254 2749 ιο
283 2690 648 2770 peccauerit
693 2693 758 2755 et
803 2689 962 2753 mihi
1009 2690 1194 2753 detur
1237 2690 1635 2773 indulgentia
1670 2694 2127 2773 peccatorum?
2174 2690 2282 2771 qui
2319 2707 2581 2771 possum

286 2795 492 2861 dicere
554 2796 905 2861 secundum
963 2796 1152 2861 fidem
1206 2800 1528 2861 uestram:
1598 2796 1751 2879 quid
1794 2797 1968 2861 feci?
2034 2795 2187 2878 quid
2242 2794 2581 2859 commisi?

285 2903 450 2984 apud
498 2906 565 2966 te
613 2903 726 2980 fui,
773 2902 1022 2987 integer
1068 2903 1180 2979 fui,
1229 2904 1408 2967 nulla
1451 2905 1593 2968 labe
1642 2905 2109 2969 contaminatus
2166 2903 2295 2978 fui3
2350 2906 2425 2966 tu
2479 2919 2582 2965 me

283 3008 408 3075 huc
453 3010 718 3089 misisti,
767 3014 838 3075 tu
887 3011 1334 3076 necessitatem
1387 3030 1617 3095 passus
1668 3031 1755 3089 eS‚
1802 3014 1875 3075 tu
1914 3010 2145 3075 cauisti
2179 3008 2393 3093 regnis
2432 3008 2581 3085 tuis,

287 3134 430 3179 cum
481 3134 712 3200 magna
759 3117 850 3181 eis
897 3117 1074 3180 labes
1124 3120 1190 3181 et
1233 3117 1508 3182 uastitas
1545 3118 1903 3182 inmineret.
1954 3134 2099 3181 cum
2140 3135 2285 3199 ergo
2322 3114 2575 3179 noueris

209 3246 260 3283 25
284 3224 752 3300 necessitatem,
801 3242 926 3305 qua
971 3223 1075 3287 hic
1124 3224 1464 3305 obpressus
1503 3243 1670 3300 sum,
1713 3242 1837 3306 qua
1872 3222 2177 3306 respirare
2216 3240 2339 3286 non
2377 3219 2577 3304 potui,

285 3330 387 3392 cui
431 3330 729 3394 resistere
777 3349 900 3394 non
947 3330 1167 3411 potui:
1235 3329 1387 3411 quid
1441 3350 1546 3395 me
1606 3348 1869 3395 accusas
1926 3330 2108 3412 quasi
2162 3330 2528 3411 peccantem
2551 3330 2581 3389 Ρ

362 3608 388 3660 1
448 3610 533 3660 est
587 3624 689 3660 om.
747 3607 817 3669 A,
872 3622 915 3659 s.
973 3606 1008 3659 l.
1046 3606 1101 3658 B
1247 3606 1280 3659 6
1335 3606 1787 3677 nou—cupiditas
1827 3624 1931 3661 om.
1972 3608 2017 3661 S
2156 3607 2189 3660 8
2238 3604 2449 3709 aliquid⁵
2486 3604 2588 3658 AS

291 3722 356 3775 10
401 3724 514 3777 tuis
571 3739 672 3776 om.
713 3724 764 3774 A
913 3723 1136 3791 quaeso]
1192 3738 1356 3793 quero
1395 3722 1604 3775 ABPS
1780 3726 1837 3777 et
1890 3738 1993 3777 om.
2025 3722 2057 3775 b
2136 3722 2199 3775 12
2255 3737 2497 3791 paenene
2525 3719 2582 3771 Β

287 3818 482 3866 natura
549 3812 666 3881 ipsa
723 3812 841 3864 sola
896 3808 1062 3864 debet
1115 3812 1304 3864 mereri
1361 3827 1556 3881 penam
1614 3828 1720 3864 uon
1774 3812 1967 3865 mereri
2022 3811 2255 3864 animam
2296 3809 2343 3863 S
2482 3826 2583 3861 a.—

287 3901 502 3969 mereri]
559 3917 661 3955 om.
720 3902 763 3953 S
911 3901 975 3953 15
1032 3899 1429 3969 si-—paenitere
1477 3915 1580 3953 om.
1630 3899 1661 3951 b
1823 3900 1885 3953 17
1943 3899 2109 3970 (111οά]
2156 3916 2259 3971 que
2308 3898 2339 3951 b
2503 3896 2583 3949 fa.-

289 3989 362 4041 cit-
389 3989 577 4043 APSb
690 3988 756 4042 19
791 4004 920 4041 num
948 3988 1004 4041 P
1139 4004 1314 4042 nonne
1354 3987 1582 4042 stultum
1623 3992 1706 4042 est
1742 3988 1959 4059 plenum
1996 3989 2053 4041 Α
2196 3985 2513 4041 clementiae
2544 3986 2588 4037 S

285 4078 524 4131 mentiae
551 4077 608 4130 P
632 4076 908 4131 dementia
934 4077 991 4129 Β
1136 4082 1220 4131 est
1256 4093 1358 4131 om.
1399 4076 1497 4131 PS
1618 4076 1688 4129 22
1724 4077 1939 4147 integer
1974 4077 2053 4129 fui
2079 4082 2211 4145 post
2264 4073 2487 4129 centini
2543 4072 2590 4127 S

289 4166 464 4237 nulla]
500 4167 556 4221 in
593 4166 692 4221 illa
730 4168 774 4223 S
907 4166 978 4219 24
1019 4168 1330 4220 immineret
1375 4169 1433 4247 et
1477 4167 1709 4220 uastitas
1747 4166 1803 4218 A
1954 4165 2112 4221 nouis
2158 4166 2202 4219 S
2345 4162 2414 4217 25
2454 4162 2584 4234 qua]

292 4289 398 4352 qua
435 4282 480 4335 S
658 4247 990 4353 oppresfsum
1029 4283 1082 4335 A
1228 4280 1297 4335 26
1337 4246 1501 4351 qifare
1539 4280 1595 4333 Β
1776 4280 2090 4350 cui—potui
2129 4296 2231 4333 om.
2272 4278 2319 4332 S
2495 4294 2583 4333 ac-

291 4368 446 4461 cusa}
483 4398 594 4451 AB
