3159 4984
870 464 961 515 VI.
1022 460 1324 515 Contra
1378 461 1760 515 Faustum
1821 461 1956 515 lib.
2010 462 2184 517 XIIII.
2541 464 2674 527 409

372 660 581 733 talis‚“
658 662 768 722 aut
831 658 1247 734 „maledictus
1306 658 1511 721 omnis
1568 657 1920 731 moriens;“
1995 658 2106 721 sed
2171 658 2292 721 hoc
2351 660 2450 722 est
2506 657 2673 739 quod

378 764 615 829 adserit
662 764 988 847 propheta,
1046 764 1195 845 quia
1252 763 1497 827 sciebat
1546 761 1781 827 Christi
1838 766 2106 827 mortem
2165 763 2228 827 in
2287 782 2472 827 cruce
2527 784 2673 846 pen-

378 889 591 933 suram
640 872 707 933 et
750 869 999 933 futuros
1048 870 1425 945 haereticOS‚
1484 868 1594 951 qui
1651 869 1968 933 dicerent:
2035 869 2374 952 „pependit
2420 870 2671 951 quidem

374 977 438 1039 in
479 977 673 1060 ligno,
716 976 828 1040 sed
868 976 1078 1058 specie
1118 975 1413 1057 quadam.
1453 995 1576 1040 non
1609 978 1682 1038 ut
1708 994 1856 1039 uere
1886 980 2296 1039 more1·etur.“
2345 976 2672 1039 clamando

308 1108 335 1143 ε.
378 1102 524 1167 ergo
562 1084 1025 1148 maledictus
1064 1082 1223 1146 nihil
1263 1082 1438 1146 aliud
1477 1082 1799 1149 clamauit.
1829 1083 1955 1147 nisi
1991 1082 2139 1164 quia
2173 1102 2323 1147 uere
2362 1086 2674 1158 mortum,

376 1193 581 1257 sciens
652 1195 921 1256 mortem
988 1190 1265 1255 hominis
1326 1190 1702 1273 peccatoris,
1761 1208 1950 1271 quam
2010 1190 2146 1253 sine
2210 1193 2472 1272 peccato
2534 1190 2673 1272 ipse
2745 1256 2750 1261 ,

376 1298 679 1381 suscepit,
749 1298 825 1361 de
891 1297 1003 1361 illo
1071 1296 1411 1361 maledicto
1470 1296 1850 1361 uenientem.
1911 1316 2035 1377 quo
2105 1297 2348 1360 dictum
2407 1301 2541 1361 est:
2609 1297 2670 1362 si

374 1404 828 1488 tetigeritis.
886 1407 1127 1467 morte
1174 1402 1621 1467 moriemini.
1691 1403 1769 1465 ad
1815 1403 1938 1467 hoc
1983 1403 2259 1486 pertinet
2306 1406 2370 1468 et
2415 1422 2672 1487 serpens

376 1513 483 1577 ille
531 1512 595 1576 in
643 1511 817 1594 ligno
868 1528 1239 1592 suspensus,
1291 1528 1414 1590 quo
1465 1508 1931 1591 significaretur
1975 1528 2098 1573 non
2135 1510 2365 1573 falsam
2402 1515 2670 1575 mortem

281 1638 333 1675 10
380 1620 699 1683 Christum
766 1618 1041 1681 finxisse.
1108 1616 1218 1679 sed
1286 1615 1464 1679 illam
1520 1634 1736 1680 ueram
1793 1617 1856 1679 in
1913 1618 2086 1700 ligno
2143 1616 2458 1699 passionis
2518 1636 2669 1682 suae

376 1724 808 1808 suspendisse.
875 1724 941 1786 in
1010 1742 1198 1804 quam
1266 1739 1525 1805 serpens
1583 1723 1692 1786 ille
1750 1723 2069 1787 hominem
2124 1724 2290 1787 male
2349 1724 2670 1789 suadendo

376 1831 620 1896 deiecit.
694 1849 883 1911 quam
950 1848 1165 1893 ueram
1232 1832 1503 1894 mortem
1561 1830 1789 1893 nolunt
1843 1830 1952 1893 isti
2008 1831 2370 1912 conspicere
2419 1836 2485 1895 et
2527 1831 2668 1895 ideo

375 1958 496 2001 non
548 1940 848 2000 sanantur
894 1956 931 1999 a
973 1955 1216 2001 ueneno
1268 1936 1601 2018 serpentis,
1651 1936 1820 2001 sicut
1863 1936 1928 2000 in
1977 1936 2234 2002 heremo
2286 1938 2668 2020 quicumque

372 2045 551 2108 illam
600 2043 1014 2107 adtenderent
1058 2044 1460 2108 sanabantur.
1520 2064 1541 2079 ·

286 2170 340 2208 1⁵
468 2153 527 2214 8.
595 2151 817 2233 Itaque
865 2151 1139 2214 fatemur
1185 2150 1262 2213 ab
1312 2150 1602 2233 inperitis
1649 2150 1778 2214 dici
1824 2150 1999 2215 aliud
2047 2170 2186 2215 esse
2235 2150 2426 2234 adfigi
2472 2151 2667 2235 ligno.

377 2258 548 2321 aliud
606 2258 671 2321 in
728 2257 899 2341 ligno
956 2257 1250 2339 pendere.
1320 2257 1413 2321 sic
1469 2256 1637 2321 enim
1696 2256 1947 2339 quidam
2017 2261 2244 2341 putant
2297 2258 2668 2324 soluendam

376 2383 517 2428 esse
552 2364 745 2428 istam
787 2364 1245 2446 quaestionem,
1284 2366 1360 2426 ut
1387 2362 1610 2427 Iudam
1651 2364 1866 2429 dicant
1901 2384 1937 2427 a
1973 2365 2197 2448 Moyse
2235 2366 2668 2443 maledictum,

374 2472 479 2551 qui
527 2472 755 2554 laqueo
823 2490 891 2535 se
959 2470 1311 2552 suspendit.
1381 2470 1565 2551 quasi
1619 2471 1890 2553 primum
1951 2473 2264 2549 nouerint‚
2322 2476 2539 2537 utrum
2597 2492 2668 2537 ex

370 2578 565 2660 ligno,
617 2598 693 2641 an
744 2598 815 2642 ex
860 2577 1069 2662 lapide
1119 2598 1187 2643 se
1233 2579 1345 2641 ille
1397 2579 1817 2660 suspenderit.
1886 2578 1998 2642 sed
2051 2598 2273 2643 uerum
2331 2583 2448 2657 est,
2500 2580 2668 2661 quod

278 2700 332 2739 20
374 2688 437 2747 et
482 2685 762 2749 Faustus
811 2686 1341 2751 commemorauit
1395 2686 1756 2767 apostolum
1815 2706 1939 2751 non
1997 2687 2200 2750 sinere
2256 2685 2429 2749 aliud
2483 2686 2667 2749 intel-

370 2790 581 2874 legere
630 2810 817 2871 quam
868 2790 943 2853 de
995 2790 1247 2855 Christo
1307 2810 1447 2853 esse
1508 2791 1923 2872 praedictum.
1993 2792 2104 2855 sed
2169 2792 2317 2855 talis
2375 2791 2669 2873 inperitia

368 2897 816 2963 nonnullorum
884 2897 1341 2962 catholicorum
1412 2898 1667 2961 uenatio
1725 2897 2240 2963 Manichaeorum
2299 2901 2433 2972 est;
2500 2898 2660 2961 tales

372 3004 539 3069 enim
589 3004 799 3069 solent
844 3005 1163 3075 insectari,
1211 3005 1375 3068 tales
1424 3004 1559 3067 suis
1607 3002 1879 3067 falla-,iis
1927 3004 2201 3069 inretire.
2249 3004 2411 3068 tales
2447 3004 2512 3067 in
2552 3023 2660 3068 eos

370 3112 819 3187 cecideramus⁹
870 3112 1031 3175 tales
1081 3112 1509 3183 haeseramus,
1558 3110 1722 3176 tales
1770 3129 1893 3174 non
1940 3111 2186 3175 uiribus
2234 3111 2490 3187 nostris,
2549 3110 2661 3174 sed

274 3238 329 3279 πο
373 3218 473 3281 dei
518 3218 951 3282 misericordia
998 3218 1159 3281 eruti
1209 3236 1453 3281 sumus.

464 3327 523 3392 9.
594 3322 768 3403 Quae
835 3328 1048 3388 autem
1116 3324 1333 3387 diuina
1394 3325 1654 3408 Moyses
1717 3324 2083 3413 lacessiuit,
2152 3325 2320 3391 sicut
2382 3326 2659 3391 Faustus

367 3432 738 3495 criminatur
786 3431 1021 3505 dicens,
1081 3431 1250 3512 quod
1296 3432 1788 3497 humanorum
1837 3432 2032 3495 nulli
2081 3451 2423 3514 umquam
2473 3433 2657 3497 diui-

366 3557 779 3619 norumque
842 3538 1313 3620 pepercerit?
1382 3538 1537 3602 dixit
1595 3540 1760 3603 enim
1821 3542 1886 3602 et
1940 3539 2133 3602 abiit:
2200 3540 2359 3604 nihil
2425 3540 2661 3622 sategit

543 3712 572 3763 7
613 3711 745 3766 Gen.
784 3712 834 3770 2,
877 3711 941 3764 17
1054 3713 1121 3764 14
1161 3710 1227 3763 cf.
1267 3710 1428 3764 Num.
1468 3712 1552 3767 21.
1596 3712 1627 3763 9

435 3844 466 3895 2
528 3843 809 3914 prophetia
853 3842 901 3897 0
1117 3850 1352 3912 pensura
1412 3846 1503 3911 (ev
1567 3843 1699 3897 add.
1760 3861 1829 3897 m.
1888 3844 1942 3910 2)
1982 3842 2036 3895 L
2179 3842 2212 3895 3
2249 3842 2513 3897 hereticos
2560 3844 2654 3899 GL

360 3938 397 3987 4
415 3933 624 4003 speciae
657 3936 709 3997 (a
738 3950 839 4002 erp
868 3950 935 3988 m.
966 3934 1016 3994 2)
1037 3932 1090 3984 L
1188 3932 1222 3986 5
1246 3931 1385 3986 nihil
1416 3948 1543 4002 ergo
1570 3932 1624 3986 G
1649 3932 1787 3985 nihil
1817 3949 1944 4003 ergo
1967 3932 2013 3988 S
2119 3948 2245 4001 uere
2275 3939 2338 3997 (s.
2371 3934 2405 3986 l.
2439 3951 2504 3984 m.
2534 3938 2584 3999 1)
2612 3934 2659 3988 C

363 4026 392 4076 ‘s'
434 4023 579 4093 quod
620 4024 667 4077 (1
774 4024 839 4076 13
877 4022 1103 4076 sanandi
1129 4020 1193 4077 18¹¹
1305 4022 1373 4074 14
1401 4020 1555 4074 illum
1587 4020 1654 4075 8²
1797 4020 2216 4075 attenderentL
2316 4024 2382 4076 18
2411 4022 2584 4091 primo
2613 4021 2660 4075 0

364 4112 431 4165 19
466 4112 560 4165 ille
598 4128 699 4167 om.
739 4112 771 4165 b
916 4111 986 4165 20
1023 4110 1521 4166 commemorauerit
1548 4110 1695 4164 8¹6²
1840 4110 2157 4180 intellegere
2195 4110 2270 4162 L¹
2419 4110 2487 4163 22
2523 4127 2653 4163 uem·

361 4200 511 4253 natio
550 4200 604 4253 L
652 4198 1191 4269 ueneratiol'nenatio
1248 4199 1297 4253 0
1337 4199 1557 4253 uenatio
1620 4216 1762 4253 man.
1815 4201 1892 4263 (in
1943 4216 2109 4269 mary.
2162 4200 2279 4253 add
2326 4216 2364 4253 a
2411 4217 2477 4253 m.
2520 4200 2574 4265 2)
2617 4199 2661 4253 S

360 4290 432 4342 24
466 4289 773 4342 heseramus
818 4288 962 4342 CLS
1101 4286 1196 4341 sed
1226 4287 1280 4358 (d
1308 4304 1350 4343 8.
1383 4288 1418 4343 l.
1450 4304 1487 4340 a
1520 4304 1569 4339 m
1621 4288 1674 4357 2)
1713 4288 1760 4341 0
1872 4288 1938 4341 28
1970 4288 2173 4358 sategit
2201 4289 2237 4359 (⁸
2259 4288 2389 4343 add.
2419 4305 2487 4343 m.
2519 4290 2572 4353 2)
2611 4288 2658 4341 L

362 4380 450 4430 sat
486 4377 599 4447 egit
643 4376 691 4430 G
