3159 4984
492 439 622 501 238
1187 436 1240 490 S.
1296 435 1575 490 Aureli
1629 435 2064 507 Augustini

492 630 608 694 illa
675 632 966 713 possunt,
1045 629 1180 693 sine
1253 628 1438 695 bonis
1514 632 1729 693 autem
1792 628 1923 693 illis
1986 630 2165 693 nulla
2226 631 2455 693 natura
2517 626 2780 711 cogitari

489 738 724 819 potest.
798 754 944 799 nam
1011 736 1147 801 sine
1210 736 1572 800 turbatione
1639 735 1817 802 caeni
1878 754 2143 818 possum
2216 754 2413 818 aquas
2480 733 2778 818 cogitare,

493 843 628 908 sine
675 861 830 926 pace
878 846 1092 907 autem
1139 843 1653 908 continuatarum
1689 842 1969 926 partium
2004 842 2181 906 nulla
2217 841 2463 925 species
2504 840 2780 924 corporis

494 949 704 1013 animo
754 948 1045 1027 occurrit,
1097 952 1210 1014 aut
1252 950 1388 1014 ullo
1435 949 1629 1015 modo
1677 950 1897 1015 sentiri
1941 952 2175 1033 potest.
2226 968 2299 1013 ac
2341 967 2454 1032 per
2499 947 2620 1012 hoc
2665 966 2781 1011 nec

487 1055 640 1119 illae
689 1073 994 1121 caenosae
1043 1074 1241 1137 aquae
1291 1056 1428 1121 sine
1473 1056 1601 1121 isto
1649 1056 1815 1121 bono
1864 1074 2005 1122 esse
2050 1058 2415 1139 potuerunt,
2454 1074 2579 1137 quo
2616 1057 2780 1119 bono
2844 1074 2868 1112 5

491 1161 702 1239 fiebat,
742 1164 818 1225 ut
855 1162 1068 1244 aliqua
1101 1164 1328 1226 natura
1363 1181 1663 1245 corporea
1696 1167 1919 1245 posset
1956 1182 2115 1229 esse.
2154 1181 2301 1227 nam
2338 1161 2505 1244 quod
2545 1161 2779 1235 dicitis,

493 1267 665 1350 quod
707 1268 822 1333 illa
866 1270 1036 1333 mala
1083 1268 1160 1334 de
1209 1269 1450 1335 naturis
1488 1269 1728 1335 talibus
1766 1289 1889 1334 000
1926 1271 2201 1353 possunt
2236 1268 2487 1340 auferri,
2524 1286 2780 1351 respon-

493 1375 696 1451 detur,
729 1375 900 1457 quod
938 1378 1004 1439 et
1035 1376 1150 1439 illa
1183 1376 1352 1441 bona
1387 1375 1464 1441 de
1503 1376 1746 1440 naturis
1782 1375 2021 1441 talibus
2060 1394 2181 1440 non
2219 1380 2493 1459 possunt
2530 1373 2779 1439 auferri.

492 1500 607 1547 eur
653 1500 800 1567 ergo
846 1482 1006 1547 istas
1051 1502 1154 1547 res
1199 1486 1457 1565 propter
1499 1482 1688 1561 mala,
1737 1500 1899 1564 quae
1945 1480 2173 1547 auferri
2216 1500 2340 1545 non
2384 1500 2575 1565 posse
2622 1480 2780 1545 arbi·

483 1588 759 1667 tramini‚
787 1589 955 1653 mala
980 1589 1294 1653 naturalia
1320 1608 1548 1655 uocare
1578 1589 1801 1668 uultiS,
1829 1592 2088 1672 propter
2114 1607 2189 1653 ea
2212 1589 2381 1653 bona
2403 1606 2579 1665 uero,
2618 1606 2778 1670 quae
2820 1608 2873 1647 10

489 1695 722 1760 auferri
751 1714 876 1760 non
905 1714 1094 1778 posse
1127 1695 1595 1775 conuincimini,
1623 1696 1791 1761 bona
1806 1692 2121 1760 naturalia
2145 1712 2373 1758 uocare
2392 1712 2515 1759 000
2534 1692 2777 1757 uultis?

577 1804 824 1879 Restat,
873 1804 950 1865 ut
994 1802 1312 1884 quaeratis
1349 1840 1436 1849 —
1475 1821 1622 1867 nam
1667 1802 1809 1886 ipsa
1855 1802 2022 1867 solet
2067 1819 2209 1865 esse
2255 1818 2379 1865 uox
2422 1799 2655 1863 ultima
2692 1837 2778 1845 —

490 1908 658 1974 unde
725 1908 856 1974 sint
915 1909 1032 1973 illa
1091 1910 1278 1988 mala,
1337 1928 1498 1992 quae
1553 1908 1713 1973 mihi
1770 1926 2021 1990 quoque
2078 1906 2413 1989 displicere
2472 1905 2777 1971 dicebam.

491 2014 886 2099 respondebo
932 2014 1225 2087 fortasse,
1263 2016 1321 2081 si
1354 2034 1476 2081 uos
1510 2014 1689 2099 prius
1726 2014 2033 2093 dixeritis,
2073 2013 2241 2078 unde
2280 2014 2410 2077 sint
2442 2014 2559 2079 illa
2593 2016 2776 2083 bona,

491 2140 652 2203 quae
699 2140 817 2187 uos
865 2139 1116 2204 quoque
1160 2120 1420 2186 laudare
1460 2121 1779 2205 cogimini,
1820 2121 1877 2186 si
1912 2119 2359 2186 absurdissimi
2394 2119 2599 2185 cordis
2637 2140 2779 2187 esse
2812 2138 2861 2177 1⁵

488 2246 614 2291 ’non
653 2227 878 2294 uultis.
927 2227 1043 2293 sed
1079 2228 1234 2311 quid
1271 2248 1389 2312 ego
1426 2227 1605 2293 istud
1641 2246 1959 2310 quaeram,
2000 2246 2146 2292 cum
2181 2226 2435 2309 utrique
2469 2226 2781 2292 fateamur

487 2334 722 2411 omnia,
771 2353 1204 2417 quaecumque
1259 2338 1327 2399 et
1381 2337 1891 2418 quantacumque
1935 2334 2103 2400 bona
2140 2337 2308 2410 sunt,
2356 2334 2434 2398 ab
2472 2352 2598 2399 uno
2638 2353 2777 2399 0000

491 2440 630 2518 deo,
671 2440 780 2523 qui
817 2461 1067 2506 summe
1101 2442 1310 2507 bonus
1343 2444 1492 2507 est?
1529 2441 1809 2507 resistite
1840 2461 1990 2525 ergo
2049 2460 2168 2506 uos
2212 2440 2339 2523 ipsi
2384 2440 2778 2517 Manichaeo,

490 2547 602 2631 qui
645 2550 746 2613 tot
791 2551 857 2614 et
899 2551 1080 2614 tanta
1123 2549 1307 2623 bona,
1357 2567 1516 2631 quae
1556 2548 2197 2614 commemorauimus
2232 2546 2527 2629 iusteque
2562 2546 2778 2611 lauda-

489 2654 726 2732 uimus,
783 2674 1006 2738 pacem
1063 2653 1589 2737 concordiamque
1642 2654 1917 2743 partium
1972 2654 2037 2719 in
2092 2670 2469 2736 unaquaque
2534 2656 2777 2727 natura,
2810 2670 2863 2709 *ο

487 2762 766 2827 salutem
829 2760 1302 2843 ualentiamque
1367 2759 1785 2825 animantium
1852 2762 1919 2823 et
1982 2762 2209 2836 cetera,
2276 2777 2436 2841 quae
2497 2762 2779 2841 repetere

487 2868 618 2932 iam
663 2866 860 2951 piget,
905 2868 999 2931 ita
1041 2867 1105 2931 10
1153 2870 1320 2931 terra
1357 2867 1783 2932 conmenticia
1816 2868 2221 2932 tenebrarum
2253 2885 2401 2933 esse
2438 2866 2779 2931 arbitratus

489 2976 608 3050 est,
656 2976 733 3037 ut
777 2974 854 3039 ab
899 2974 1013 3040 illo
1062 2974 1201 3052 deo,
1250 2993 1439 3056 quem
1485 2974 1795 3039 bonorum
1846 2974 2128 3038 omnium
2164 2973 2403 3037 fatetur
2438 2976 2778 3044 auctorem,

495 3080 767 3145 alienare
832 3084 1181 3148 conaretur.
1230 3100 1355 3145 non
1413 3080 1580 3145 enim
1614 3099 1688 3145 ea
1731 3081 1899 3145 bona
1952 3079 2136 3148 uidit.
2198 3080 2350 3143 dum
2404 3079 2525 3144 hoc
2572 3078 2781 3144 solum

492 3186 798 3265 adtendit,
839 3187 1008 3269 quod
1046 3188 1430 3272 displiceret,
1467 3192 1797 3271 tamquam
1836 3188 1891 3253 si
1929 3187 2245 3270 quispiam
2281 3185 2485 3251 leonis
2521 3185 2781 3250 fremitu
2812 3202 2865 3241 25

491 3293 828 3359 exterritus
874 3297 940 3359 et
986 3313 1130 3359 eum
1175 3295 1432 3360 intuens
1476 3295 1833 3359 trahentem
1894 3312 1968 3357 ac
2025 3292 2433 3357 dilaniantem
2478 3310 2779 3376 pecorum

492 3404 604 3465 aut
676 3400 1004 3465 hominum
1069 3420 1356 3485 corpora,
1433 3419 1867 3484 quaecumque
1933 3399 2483 3483 adprehendisset,
2548 3399 2778 3483 puerili

489 3507 763 3589 quadam
808 3507 1176 3573 infirmitate
1225 3509 1420 3573 animi
1462 3510 1641 3574 tanto
1687 3508 1914 3573 timore
1958 3508 2427 3591 percelleretur,
2466 3509 2542 3571 ut
2577 3506 2779 3571 solam

490 3614 806 3678 feritatem
849 3615 1052 3680 leonis
1098 3616 1352 3681 intuens
1391 3618 1578 3698 atque
1620 3615 1975 3695 saeuitiam,
2015 3615 2225 3679 cetera
2259 3614 2396 3679 eius
2434 3613 2779 3698 neglegens

490 3720 747 3785 omnino
795 3723 984 3802 atque
1029 3721 1412 3804 praeteriens
1450 3724 1741 3784 naturam
1778 3720 1955 3785 illius
1994 3720 2331 3786 animantis
2368 3739 2493 3786 non
2528 3722 2779 3784 tantum
2814 3736 2868 3773 ευ

563 3887 593 3940 1
623 3886 836 3957 possint
851 3886 916 3941 Η
923 3886 1005 3939 Tb
1113 3887 1145 3939 5
1165 3903 1338 3957 aquae
1367 3904 1626 3941 caenosae
1647 3886 1691 3940 S
1700 3886 1781 3939 Vb
1892 3886 1923 3939 7
1951 3886 2575 3957 respondetur—auferri
2603 3902 2705 3941 om.
2734 3885 2785 3939 T

493 3976 559 4029 10
579 3976 768 4045 uultis]
787 3993 894 4029 non
913 3974 1146 4029 uultisL
1183 4039 1188 4043 ἡ
1251 3976 1715 4047 propter—uultis
1734 3993 1835 4031 om.
1858 3975 1910 4028 L
2018 3990 2083 4029 ea
2103 3992 2205 4030 om.
2218 3974 2285 4028 H
2288 3975 2339 4028 T
2348 3974 2484 4028 VGa
2560 3974 2621 4028 11
2646 3990 2777 4027 auo-

490 4089 698 4144 careH
729 4108 798 4144 110
818 4090 876 4145 P
1013 4056 1266 4157 001111οΗ
1335 4092 1402 4145 12
1429 4092 1482 4145 Κ
1515 4090 1585 4145 H
1614 4090 1734 4160 Kap
1764 4090 1815 4143 T
1921 4092 1986 4144 16
2016 4107 2182 4160 quum
2209 4090 2265 4144 P
2372 4090 2438 4143 18
2470 4105 2707 4143 summae
2726 4088 2782 4141 P

489 4178 697 4232 resistit
712 4178 777 4233 Η
785 4180 798 4213 ¹
833 4178 1089 4232 resistitis
1124 4177 1175 4230 Τ
1276 4178 1352 4231 19·
1383 4178 1666 4249 iustaeque
1694 4178 1750 4231 P
1855 4178 1924 4232 20
1960 4178 2201 4248 parcium
2236 4177 2287 4231 T
2390 4178 2459 4231 23
2496 4180 2560 4231 ut
2594 4193 2698 4231 om.
2726 4176 2783 4229 P

489 4270 762 4321 auctorem
798 4266 1001 4321 fatetur
1037 4266 1090 4317 V
1192 4267 1260 4319 27
1299 4266 1735 4335 comphendisset
1770 4266 1824 4320 V
1853 4266 2331 4337 appraehendisset
2349 4266 2461 4320 PT
2564 4266 2633 4319 29
2662 4264 2778 4319 eius

489 4370 595 4409 om.
641 4354 691 4407 T
827 4354 1125 4423 neglegens
1165 4356 1283 4422 (nec
1321 4372 1456 4409 corr.
1493 4355 1554 4407 in
1591 4354 1717 4425 neg)
1755 4354 1823 4407 H
1926 4354 1997 4408 30
2033 4358 2228 4408 natura
2264 4354 2319 4407 P
