3159 4984
457 475 586 539 322
1153 470 1206 526 S.
1262 472 1536 526 Aureli
1593 474 2033 543 Augustini

458 687 580 733 non
628 667 985 751 intellegas,
1036 687 1071 731 a
1116 687 1219 732 me
1266 671 1481 733 autem
1518 668 1679 733 ratio
1718 668 2059 753 flagitetur,
2100 670 2416 752 quomodo
2455 674 2750 736 neutrum

454 775 530 840 ab
581 775 777 839 altero
823 773 1130 852 dissonet,
1180 774 1294 839 sed
1338 774 1404 839 in
1452 774 1668 840 eadem
1719 794 1906 841 sanae
1952 776 2100 841 fidei
2145 777 2366 861 regula
2411 780 2750 859 utrumque

457 881 811 947 concordet.
881 880 937 945 si
986 880 1151 944 enim
1197 884 1269 945 tu
1319 901 1569 964 (1110(1110
1618 882 1720 965 pie
1768 902 2118 965 (1110010108,
2175 902 2398 967 posses
2446 884 2750 961 inuenire,

460 986 775 1069 quomodo
820 986 948 1051 ista
991 990 1386 1069 perscrutata
1433 988 1847 1057 dilucescant.

546 1096 605 1158 7.
672 1092 834 1157 Nam
885 1092 1055 1176 quod
1102 1092 1273 1157 filius
1324 1094 1425 1158 dei
1474 1114 1545 1159 ex
1593 1095 1832 1159 semine
1877 1094 2090 1160 Dauid
2135 1096 2325 1161 homo
2373 1096 2582 1161 sactus
2631 1098 2748 1174 est,
2815 1120 2844 1159 ⁵

453 1218 569 1265 nec
615 1200 784 1264 idem
834 1200 1160 1283 apostolus
1206 1219 1333 1264 uno
1379 1201 1521 1267 loco
1571 1200 1728 1265 dicit
1772 1204 1838 1266 et
1881 1201 2042 1266 aliae
2090 1204 2345 1266 sanctae
2403 1202 2750 1286 scripturae

455 1306 853 1390 apertissime
918 1305 1302 1389 praedicant.
1372 1306 1540 1389 quod
1605 1325 1760 1371 uero
1827 1305 2018 1371 dicit:
2089 1307 2235 1371 etsi
2299 1326 2750 1372 noueramus

456 1413 845 1479 Christum
896 1412 1310 1479 secundum
1358 1432 1676 1491 carnem,
1727 1413 1856 1478 sed
1900 1413 2046 1477 iam
2102 1432 2295 1478 nunc
2351 1433 2492 1479 non
2549 1414 2750 1479 noui-

452 1540 636 1598 mus,
688 1538 760 1584 ea
805 1520 948 1603 ipsa
995 1519 1473 1584 circumstantia
1520 1519 1867 1603 scripturae
1913 1519 2040 1585 loci
2079 1519 2216 1585 01118
2257 1519 2412 1585 satis
2452 1520 2750 1598 ostendit,

453 1626 603 1709 quid
668 1627 968 1707 loquatur
1032 1626 1395 1709 apostolus;
1474 1645 1591 1691 suo
1669 1625 1900 1709 quippe
1965 1644 2138 1693 more
2205 1626 2406 1690 uitam
2469 1630 2751 1691 nostram
2791 1650 2846 1690 10

452 1734 754 1809 futuram,
824 1752 981 1814 quae
1047 1732 1173 1795 iam
1237 1731 1302 1795 in
1366 1732 1505 1816 ipso
1572 1731 1827 1796 homine
1891 1732 2236 1797 mediatore
2295 1730 2546 1799 Christo
2603 1734 2750 1798 Iesu

454 1840 657 1923 capite
704 1842 919 1904 nostro
967 1840 1335 1921 resurgente
1384 1837 1679 1921 conpleta
1726 1840 1843 1914 est,
1891 1837 1984 1901 ita
2031 1856 2144 1921 spe
2183 1841 2354 1903 certa
2387 1840 2750 1921 meditatur,

449 1950 773 2029 tamquam
831 1944 958 2009 iam
1017 1944 1183 2009 adsit
1237 1962 1660 2028 praesensque
1733 1947 2042 2009 teneatur.
2111 1964 2270 2026 quae
2337 1946 2558 2027 utique
2613 1948 2752 2011 uita

452 2073 575 2119 non
644 2052 763 2117 erit
828 2051 1181 2117 secundum
1248 2068 1519 2127 carnem,
1568 2034 1748 2116 'sicut
1801 2050 1929 2115 iam
1987 2050 2225 2115 Christi
2283 2051 2417 2115 uita
2470 2072 2595 2118 non
2653 2056 2753 2119 est

456 2158 806 2224 secundum
855 2176 1125 2224 carnem.
1195 2176 1446 2222 carnem
1492 2176 1764 2239 namque
1811 2156 1933 2221 hoc
1977 2158 2119 2222 loco
2177 2177 2299 2223 non
2356 2158 2560 2241 ipsam
2619 2179 2749 2225 cor·
2787 2182 2840 2223 15

454 2268 623 2351 poris
671 2265 871 2331 nostri
920 2265 1343 2331 substantiam
1387 2302 1478 2311 —
1524 2283 1714 2346 quam
1764 2263 2057 2329 dominus
2105 2264 2296 2329 etiam
2343 2268 2493 2348 post
2544 2286 2747 2332 resur-

454 2372 799 2439 rectionem
849 2390 1031 2437 suam
1080 2390 1329 2437 carnem
1380 2371 1658 2454 appellat
1696 2370 1949 2435 dicens:
1997 2371 2301 2454 palpate
2349 2375 2424 2436 et
2469 2372 2744 2447 uidete,

448 2480 623 2564 quia
692 2480 1019 2563 spiritus
1087 2498 1261 2545 ossa
1326 2481 1400 2543 et
1464 2496 1757 2542 carnem
1822 2497 1962 2543 non
2038 2477 2293 2556 habet,
2371 2477 2575 2544 sicut
2635 2498 2746 2543 me

445 2586 732 2652 uidetis
782 2586 1054 2651 habere
1102 2623 1189 2631 —
1238 2585 1350 2649 sed
1399 2584 1868 2667 corruptionem
1915 2584 2494 2668 mortalitatemque
2544 2586 2747 2651 carnis

448 2694 593 2757 uult
654 2691 981 2776 intellegi:
1052 2710 1212 2773 quae
1276 2692 1431 2755 tunc
1495 2709 1620 2755 non
1688 2690 1808 2754 erit
1871 2690 1936 2755 111
2002 2689 2205 2768 1101118,
2273 2690 2443 2756 sicut
2495 2691 2622 2755 iam
2681 2692 2744 2757 in
2783 2714 2839 2754 so

453 2798 704 2864 Christo
754 2817 875 2863 non
928 2800 1044 2862 est.
1105 2798 1268 2862 hanc
1317 2796 1483 2862 enim
1528 2796 1778 2880 proprie
1828 2814 2073 2861 carnem
2123 2792 2507 2875 nominabat,
2556 2798 2746 2863 etiam

451 2926 595 2971 cum
636 2905 711 2970 de
749 2904 891 2989 ipsa
928 2903 1385 2969 resurrectione
1426 2904 1581 2969 satis
1623 2902 1951 2968 euidenter
1985 2903 2352 2986 loqueretur
2387 2908 2454 2969 et
2491 2904 2746 2983 diceret,

452 3011 619 3095 quod
666 3012 793 3076 iam
852 3030 1041 3094 supra
1118 3010 1647 3076 commemoraui:
1717 3028 1884 3075 caro
1943 3012 2016 3074 et
2072 3009 2383 3093 sanguis
2437 3028 2746 3094 regnum

450 3119 569 3183 dei
614 3118 1011 3202 possidere
1058 3136 1198 3183 non
1247 3120 1590 3200 possunt,
1639 3136 1877 3199 neque
1917 3116 2306 3199 corruptio
2363 3116 2745 3199 incorrup-

447 3224 729 3291 tionem
776 3222 1231 3307 possidebit.
1302 3242 1447 3288 cum
1498 3242 1645 3307 ergo
1691 3222 1931 3287 factum
1985 3222 2196 3300 fuerit,
2255 3222 2423 3305 quod
2467 3223 2558 3287 ibi
2605 3242 2747 3289 con·
2785 3246 2840 3284 25

451 3333 785 3414 sequenter
864 3330 1056 3396 dicit:
1144 3348 1315 3395 ecce
1389 3329 1840 3415 mysterium
1915 3328 2136 3395 uobis
2213 3328 2409 3395 dico:
2495 3349 2746 3396 omnes

447 3437 751 3520 quidem
800 3454 1309 3521 resurgemuS,
1370 3456 1509 3503 non
1565 3439 1812 3500 tamen
1873 3454 2124 3500 omnes
2180 3434 2744 3514 inmutabimur,

446 3546 524 3608 in
574 3548 823 3609 atomo
872 3582 957 3591 —
1006 3544 1071 3607 id
1120 3545 1220 3607 est
1264 3543 1328 3607 in
1376 3545 1700 3608 momento
1748 3579 1835 3589 —
1880 3542 1954 3606 in
2011 3542 2171 3606 ictu
2229 3542 2454 3619 oculi,
2510 3544 2582 3607 in
2629 3562 2743 3607 no-

631 3757 695 3809 17
734 3756 864 3809 Luc.
901 3755 987 3818 24,
1026 3754 1095 3807 39
1205 3752 1273 3806 23
1309 3752 1338 3805 Ι
1376 3751 1493 3807 Cor.
1534 3752 1621 3817 15,
1657 3752 1726 3805 50
1765 3768 1880 3822 sqq.

516 3880 549 3933 2
587 3878 655 3931 ab
694 3892 797 3933 om.
836 3876 884 3931 S
1059 3876 1305 3946 regulam
1336 3874 1384 3929 S
1486 3876 1521 3932 3
1558 3892 1782 3947 querere
1808 3874 1872 3929 8¹
1981 3875 2016 3928 4
2051 3891 2335 3945 perscruta
2368 3874 2433 3929 0¹
2470 3890 2743 3944 praescru-

444 3971 563 4023 tata
604 3964 873 4021 G¹LMS²
1016 3954 1348 4019 dilucescant
1395 3964 1435 4033 (1
1474 3980 1538 4018 ex
1574 3964 1633 4031 d)
1670 3963 1724 4017 L
1761 3962 2057 4018 dilucescat
2099 3962 2146 4017 0
2251 3964 2280 4016 7
2329 3961 2610 4033 predicant
2642 3961 2753 4015 Lo

445 4056 509 4109 11
550 4055 669 4109 iesu
714 4054 789 4123 (m
838 4052 929 4123 er.)
975 4051 1022 4106 0
1163 4052 1230 4107 13
1284 4066 1678 4122 praesensque
1715 4051 1772 4119 (0
1817 4050 1912 4118 cr.)
1959 4049 2012 4103 L
2193 4065 2331 4121 quae
2377 4050 2460 4120 (in
2501 4048 2640 4116 ras.)
2694 4048 2745 4101 (τ’

448 4145 658 4215 quaesll
695 4141 743 4196 S
847 4143 915 4195 14
952 4141 1375 4195 sicut—carnem
1412 4156 1514 4194 om.
1552 4138 1642 4192 Pb
1784 4140 1894 4192 iam
1939 4138 2087 4209 Eua.
2139 4138 2242 4207 (ed.
2278 4138 2462 4192 Knoll
2485 4154 2546 4205 p.
2583 4136 2743 4202 24:²0:

445 4248 547 4287 om.
606 4231 695 4287 zib.
819 4230 886 4285 16
939 4230 1419 4300 re'gsurrectionem
1480 4228 1527 4283 G
1639 4229 1707 4282 19
1764 4227 1980 4281 uidistis
2041 4226 2090 4281 Ο
2201 4228 2267 4280 21
2326 4226 2572 4297 1110111ιᾲ0
2625 4224 2748 4281 128²

445 4320 691 4389 propriae
743 4320 794 4373 G
938 4320 1007 4374 26
1053 4318 1350 4373 misterium
1405 4316 1454 4371 C
1635 4316 1792 4370 uobis
1839 4316 1978 4386 dico]
2031 4316 2149 4371 dico
2205 4316 2362 4369 uobis
2403 4316 2502 4369 SG
2556 4331 2658 4370 om.
2703 4314 2750 4365 (l

446 4408 513 4461 27
550 4410 889 4479 resurgimus
927 4406 1002 4462 L*
1110 4408 1179 4461 28
1216 4408 1435 4462 athomo
1474 4404 1746 4460 LCSMG
