3159 4984
456 426 587 490 356
1148 424 1199 475 S.
1256 399 1525 475 Aureli
1587 419 2024 489 Augustini

534 620 649 689 27.
718 619 891 682 Haec
936 618 999 680 in
1049 616 1375 699 scripturis
1423 605 1658 679 sanctis
1707 617 1926 679 sancta
1971 614 2335 696 spectacula
2381 631 2567 695 quem
2614 633 2735 679 non

454 724 789 801 delectant,
840 742 1053 787 sanam
1103 722 1449 786 doctrinam
1498 740 1620 785 non
1669 720 1990 785 sustinens
2047 720 2125 783 ad
2181 719 2430 791 fabulas
2478 738 2732 785 conuer-

452 831 624 895 titur.
694 833 758 895 et
820 830 967 894 illae
1034 828 1289 911 quidem
1352 827 1605 891 fabulae
1671 827 1914 891 animas
1978 826 2042 890 in
2110 826 2394 909 qualibet
2458 827 2733 909 corporis

454 940 657 1001 aetate
703 936 977 1020 pueriles
1024 935 1199 999 uaria
1245 934 1513 1016 quadam
1564 934 1980 999 delectatione
2029 932 2394 1003 sollicitant.
2448 932 2560 998 sed
2597 952 2732 1009 noS,

428 1040 574 1107 'iam
623 1062 850 1126 corpus
899 1042 1151 1113 Christi,
1199 1060 1628 1126 ‚agnoscamus
1674 1041 1736 1105 in
1784 1041 2028 1123 psalmo
2075 1059 2301 1105 uocem
2345 1042 2627 1104 nostram
2673 1042 2737 1103 et
2797 1057 2824 1095 5

450 1150 732 1215 dicamus
799 1150 893 1213 ei:
974 1152 1474 1213 narrauerunt
1548 1148 1728 1212 mihi
1800 1148 2076 1213 iniusti
2151 1148 2730 1222 delectationeS,

450 1258 577 1323 sed
625 1276 764 1321 non
814 1256 1017 1321 sicut
1061 1257 1175 1320 lex
1223 1259 1371 1333 tua,
1422 1255 1736 1319 domine.
1790 1254 2078 1320 Christus
2127 1255 2284 1319 mihi
2321 1254 2556 1335 ubique
2593 1253 2732 1318 illo-

447 1384 587 1428 rum
632 1363 957 1440 librorum,
1013 1363 1248 1444 ubique
1302 1363 1556 1426 illarum
1613 1363 2065 1445 scripturarum
2111 1361 2469 1445 peragranti
2518 1363 2581 1425 et
2630 1380 2730 1424 an-

447 1471 683 1536 helanti
738 1471 801 1535 in
860 1470 1087 1535 sudore
1144 1470 1255 1533 illo
1331 1468 1749 1533 damnationis
1825 1468 2136 1533 humanae
2193 1469 2330 1533 siue
2391 1487 2462 1533 ex
2519 1471 2730 1551 aperto

447 1578 584 1643 siue
633 1598 703 1641 ex
752 1578 1001 1643 occulto
1052 1576 1322 1642 occurrit
1370 1579 1434 1640 et
1479 1575 1698 1641 reficit.
1764 1576 1902 1658 ipse
1961 1575 2116 1639 mihi
2181 1578 2246 1640 et
2305 1594 2378 1639 ex
2431 1576 2732 1639 nonnulla
2777 1589 2828 1627 ιο

448 1683 823 1748 difficultate
887 1683 1271 1749 inuentionis
1337 1702 1489 1749 suae
1556 1682 1948 1747 desiderium
2012 1682 2400 1757 inflammat,
2481 1701 2605 1763 quo
2669 1681 2734 1745 id

446 1791 615 1873 quod
666 1791 987 1867 inuenero,
1046 1790 1229 1855 auide
1288 1790 1576 1855 sorbeam
1633 1789 2058 1872 medullisque
2114 1790 2511 1855 reconditum
2569 1789 2732 1852 salu—

444 1897 639 1961 briter
683 1900 955 1963 teneam.
2305 1879 2314 1887 ’

536 2006 639 2070 28.
688 2004 833 2086 Ipse
880 2003 1036 2067 mihi
1082 2004 1146 2066 in
1193 2003 1421 2085 Ioseph
1469 2002 1696 2078 innuit,
1745 2002 1853 2084 qui
1899 2003 2425 2086 persequentibus
2475 2004 2540 2066 et
2583 2020 2733 2065 uen-

447 2092 740 2175 dentibus
778 2111 1073 2175 fratribus
1112 2111 1175 2175 in
1213 2110 1502 2193 Aegypto
1540 2113 1689 2193 post
1716 2110 1964 2176 labores
1995 2110 2354 2183 honoratur.
2396 2107 2732 2173 didicimus
2773 2119 2826 2157 1⁵

444 2216 610 2280 enim
684 2216 931 2280 labores
1008 2215 1243 2281 Christi
1317 2217 1380 2279 in
1456 2216 1604 2280 orbe
1678 2216 1994 2300 gentium,
2071 2236 2259 2298 quem
2337 2216 2737 2300 significabat

442 2323 791 2405 Aegyptus,
840 2341 951 2406 per
996 2322 1204 2386 uarias
1260 2322 1590 2405 passiones
1645 2326 2028 2406 martyrum3
2098 2326 2163 2387 et
2215 2341 2384 2387 nunc
2439 2322 2733 2387 uidemus

441 2429 743 2494 honorem
793 2428 1029 2494 Christi
1074 2428 1138 2492 in
1188 2428 1411 2494 eodem
1458 2430 1606 2493 orbe
1653 2431 1960 2493 terrarum
2019 2429 2380 2513 erogatione
2437 2429 2736 2495 frumenti

442 2535 540 2599 sui
590 2535 712 2599 sibi
760 2534 970 2600 omnia
1017 2535 1437 2619 subiugantis.
1504 2535 1643 2618 ipse
1689 2535 1845 2599 mihi
1889 2535 2096 2600 innuit
2148 2536 2210 2599 in
2280 2536 2464 2619 uirga
2509 2536 2737 2619 Moysi,

442 2660 601 2723 quae
649 2642 712 2705 in
760 2646 927 2705 terra
973 2660 1229 2724 serpens
1278 2642 1501 2707 effecta
1548 2642 1685 2707 eius
1723 2644 1991 2707 mortem
2029 2643 2333 2725 figurauit
2369 2662 2406 2707 a
2444 2647 2732 2725 serpente
2767 2649 2826 2688 ²⁰

440 2748 841 2824 uenientem3
903 2748 1013 2813 sed
1058 2786 1147 2793 —
1194 2750 1362 2830 quod
1420 2748 1809 2832 adprehensa
1866 2748 2066 2813 cauda
2121 2749 2440 2834 significat
2481 2786 2572 2795 -—
2627 2768 2734 2831 po-

440 2854 671 2919 sterius
739 2855 1009 2937 peractis
1072 2856 1198 2918 iam
1264 2854 1557 2921 omnibus
1624 2856 1686 2919 in
1752 2856 1874 2920 fine
1941 2856 2204 2921 actionis
2281 2856 2356 2919 ad
2413 2856 2499 2933 id,
2566 2856 2736 2937 quod

437 2960 662 3037 fuerat,
701 2961 1087 3045 resurgendo
1134 2962 1494 3038 reuertitur,
1534 2963 1645 3026 ubi
1682 2981 1794 3046 per
1829 2964 2000 3029 uitae
2037 2964 2493 3046 reparationem
2531 2966 2732 3029 morte

438 3070 816 3149 consumpta
862 3067 1020 3133 nihil
1068 3069 1378 3152 serpentis
1436 3069 1714 3153 adparet.
1782 3089 1896 3135 nos
1953 3090 2224 3153 quoque,
2283 3090 2512 3153 corpus
2570 3069 2729 3147 eius,

617 3294 650 3345 2
688 3295 754 3349 cf.
791 3295 849 3349 11
887 3296 1025 3350 Tim.
1064 3298 1114 3359 4,
1154 3298 1187 3349 4
1344 3297 1376 3349 6
1415 3294 1502 3350 Ps.
1546 3296 1664 3361 118,
1704 3297 1773 3351 85
1919 3278 1986 3351 15
2025 3297 2158 3353 Gen.
2199 3298 2409 3351 37-47
2556 3298 2618 3352 21
2663 3300 2730 3352 ef.

441 3386 535 3439 Ex.
574 3385 624 3448 4,
664 3386 695 3437 2
735 3401 852 3455 sqq.

508 3527 539 3579 2
578 3529 909 3582 conuertitur
946 3528 1007 3582 S*
1146 3530 1178 3583 3
1216 3530 1309 3583 ille
1348 3530 1401 3583 L
1554 3532 1590 3585 4
1627 3530 1859 3601 quedam
1899 3531 1947 3585 S
2086 3532 2117 3584 6
2157 3530 2351 3585 delect.
2392 3531 2474 3601 (in
2508 3546 2608 3600 my.
2649 3531 2725 3583 al.

438 3615 823 3686 fabulationes)
863 3617 893 3670 b
1076 3618 1105 3671 7
1147 3619 1240 3673 ubi
1277 3619 1331 3683 L
1520 3620 1553 3673 8
1593 3620 1870 3675 anhelanti
1911 3621 1968 3689 (h
2006 3638 2050 3675 s.
2091 3621 2148 3687 l.)
2191 3620 2308 3675 SM
2341 3619 2580 3675 anelanti
2616 3620 2726 3674 LG'

434 3706 465 3758 9
509 3705 907 3776 dampnationis
951 3706 999 3760 0
1150 3708 1216 3762 10
1254 3700 1485 3763 occurrit
1523 3712 1594 3775 (s.
1633 3710 1667 3762 l.
1705 3726 1774 3762 m.
1815 3712 1879 3777 2)
1919 3709 1964 3763 S
2117 3711 2182 3763 11
2224 3710 2367 3779 quod
2412 3709 2460 3763 0
2493 3708 2636 3779 quod
2679 3710 2724 3760 L

448 3795 509 3847 12
550 3794 763 3849 auidius
804 3796 891 3861 (in
926 3800 1067 3864 ras.)
1108 3796 1155 3851 S
1187 3796 1345 3851 abide
1382 3798 1586 3852 LGM²
1731 3798 1975 3852 sorbeam
2019 3798 2072 3861 (b
2130 3815 2194 3852 ex
2249 3815 2284 3852 u
2338 3799 2496 3865 fact.)
2555 3796 2725 3851 ΗΜΘ*

432 3900 676 3937 sorueam
722 3882 774 3935 L
820 3884 1101 3939 sorbeatur
1146 3886 1178 3938 b
1362 3889 1427 3940 14
1477 3890 1557 3955 (et
1606 3886 1692 3953 19)
1740 3887 1986 3942 innuitur
2029 3881 2139 3941 P³b
2321 3889 2390 3942 15
2437 3890 2636 3958 egypto
2682 3888 2730 3940 Ο

434 3970 719 4026 didicimus
768 3974 888 4039 (alt.
939 3973 992 4027 di
1040 3990 1083 4028 8.
1135 3976 1190 4041 l.)
1239 3975 1285 4028 G
1447 3976 1513 4029 18
1571 3977 1698 4031 orbe
1758 3980 1829 4043 (m
1887 3982 1979 4035 er.)
2038 3975 2090 4028 L
2292 3977 2607 4046 erogatione
2649 3976 2722 4039 (m

432 4061 523 4130 er.)
546 4061 597 4113 L
709 4062 773 4114 19
812 4062 915 4115 sibi
954 4063 1213 4117 om.LGb
1322 4064 1391 4117 20
1428 4069 1678 4135 serpente
1719 4068 1808 4133 (m.
1849 4066 2014 4136 er.)L
2131 4066 2197 4118 21
2241 4065 2575 4135 apprehensa
2601 4064 2730 4118 GM

434 4150 603 4203 cauda
648 4150 705 4209 (d
752 4167 886 4204 corr.
936 4168 1001 4205 az
1038 4152 1082 4221 s)
1120 4152 1193 4204 M
1196 4152 1247 4207 G·
1400 4159 1530 4221 post
1564 4154 1738 4209 cauda
1772 4171 1876 4223 seq.
1917 4156 2030 4209 eius
2068 4172 2250 4209 rursus
2286 4156 2444 4223 uirga
2479 4153 2724 4207 redditur

430 4240 492 4291 in
530 4237 701 4292 SMG
808 4239 879 4293 22
916 4241 1173 4311 peractis]
1208 4243 1381 4313 partis
1420 4244 1486 4295 M
1630 4244 1700 4297 23
1736 4244 1913 4298 fuerat
1951 4245 2038 4311 (in
2074 4260 2245 4313 mara.
2283 4260 2350 4299 m.
2391 4247 2430 4296 2
2465 4242 2628 4309 add.)
2669 4242 2724 4294 L

434 4328 771 4398 reparatione
806 4328 857 4382 G
