3159 4984
501 476 630 538 224
1197 476 1249 525 S.
1307 471 1568 526 Aureli
1640 467 2081 539 August-ini

497 666 697 749 igitur
741 666 947 743 uobis,
996 669 1071 730 ut
1117 666 1193 730 de
1241 666 1440 731 nihilo
1488 669 1720 731 terram
1768 664 2030 730 luminis
2078 663 2267 727 deum
2322 660 2549 725 fecisse
2598 660 2789 723 fat-ea-

499 770 674 849 mini‚
724 775 789 836 et
833 792 958 837 non
1004 773 1208 837 uultis
1257 772 1528 838 credere.
1578 772 1805 856 quodsi
1857 790 2161 855 magnum
2218 767 2473 850 aliquod
2527 767 2786 839 bonum,

505 878 672 959 quod
739 882 952 943 tamen
1017 878 1130 943 illo
1195 878 1336 961 ipso
1405 880 1576 943 esset
1637 878 1920 955 inferiu8‚
1988 876 2144 941 deus
2208 896 2279 940 ex
2332 874 2530 939 nihilo
2584 872 2788 937 facere

500 983 729 1067 potuit.
795 984 1008 1066 potuit
1071 984 1284 1063 etiam,
1353 985 1502 1067 quia
1561 985 1769 1050 bonus
1828 987 1928 1048 est
1984 986 2050 1048 et
2101 983 2263 1047 nulli
2308 982 2474 1046 bono
2521 979 2786 1047 inuidet.

501 1089 705 1154 facere
757 1090 1028 1155 alterum
1073 1091 1331 1169 bonum,
1381 1091 1550 1175 quod
1595 1092 1707 1159 illo
1754 1092 1959 1175 priore
2008 1092 2179 1155 esset
2224 1088 2521 1163 inferius;
2578 1086 2789 1170 potuit
2852 1106 2881 1145 5

504 1200 569 1260 et
612 1198 894 1273 tertium,
946 1198 1048 1262 cui
1097 1200 1448 1264 secundum
1493 1200 2003 1283 praeponeretur,
2062 1200 2127 1263 et
2182 1196 2404 1262 deinde
2460 1214 2663 1277 usque
2712 1191 2790 1257 ad

499 1302 788 1367 infimum
855 1304 1094 1368 bonum
1159 1309 1522 1369 naturarum
1581 1298 1889 1369 factarum
1948 1304 2226 1369 ordinem
2290 1303 2537 1378 ducere,
2595 1300 2793 1364 donec

500 1410 886 1475 uniuersitas
963 1430 1177 1475 earum
1253 1430 1373 1476 non
1441 1430 1702 1475 numero
1766 1411 2092 1475 indefinito
2155 1410 2395 1473 incerta
2459 1406 2789 1476 difflueret.

499 1517 615 1581 sed
681 1520 850 1581 certo
915 1516 1254 1581 terminata
1320 1517 1717 1583 consisteret.
1786 1519 1898 1580 aut
1952 1516 2008 1581 si
2062 1535 2176 1580 nec
2233 1516 2308 1579 de
2357 1514 2555 1579 nihilo
2598 1514 2789 1579 istam

497 1623 762 1688 luminis
827 1622 1055 1689 ten-'am
1123 1624 1309 1689 deum
1376 1624 1605 1689 fecisse
1670 1625 1874 1689 uultis
1940 1624 2144 1701 fateri,
2210 1642 2333 1688 non
2392 1623 2511 1686 erit
2566 1610 2790 1688 exitus.
2825 1638 2881 1676 1⁰

501 1749 624 1811 quo
671 1733 884 1795 'tantas
931 1730 1360 1814 turpitudines
1409 1732 1474 1794 et
1517 1733 1651 1794 tam
1702 1732 2041 1815 sacrilegas
2101 1732 2425 1815 opiniones
2483 1728 2788 1794 euadatis.

591 1838 722 1900 Aut
775 1836 990 1901 uidete
1049 1840 1238 1911 certe,
1298 1836 1595 1918 quoniam
1650 1835 1925 1901 liberum
1984 1839 2084 1901 est
2140 1836 2374 1901 carnali
2421 1835 2792 1919 cogitationi

502 1943 947 2026 phantasmata
1011 1942 1222 2025 qualia
1284 1942 1543 2007 libuerit
1608 1942 1867 2026 opinari,
1922 1962 1999 2008 ne
2058 1942 2220 2008 forte
2274 1942 2537 2025 possitis
2604 1942 2791 2006 aliam

500 2068 964 2132 quamcumque
1009 2050 1274 2114 formam
1322 2050 1476 2115 huic
1525 2049 1955 2115 coniunctioni
2012 2050 2277 2113 duarum
2336 2052 2643 2113 terrarum
2698 2048 2788 2111 in-

499 2154 736 2240 uenire2
784 2174 860 2219 ne
906 2159 1038 2219 tam
1087 2155 1483 2221 detestabilis
1542 2160 1606 2220 et
1664 2156 2013 2221 auersanda
2064 2174 2275 2219 rerum
2330 2154 2525 2219 facies
2581 2154 2789 2218 animo
2828 2172 2879 2211 1⁵

502 2265 808 2335 occurrat,
873 2265 1102 2326 terram
1159 2262 1407 2328 scilicet
1465 2262 1587 2338 dei,
1646 2263 1784 2327 siue
1842 2262 1933 2328 sit
1991 2260 2275 2327 eiusdem
2334 2268 2611 2338 naturae,
2670 2279 2793 2343 qua

503 2370 660 2433 deus
709 2372 825 2445 est,
875 2369 1012 2434 siue
1061 2368 1366 2439 diuersae.
1414 2368 1477 2432 in
1528 2388 1654 2452 qua
1698 2373 1909 2434 tamen
1959 2369 2061 2434 dei
2104 2388 2299 2453 regna
2343 2368 2605 2433 fundata
2643 2367 2790 2443 sint,

500 2476 592 2540 ita
633 2476 880 2560 ingenti
922 2476 1091 2541 mole
1135 2495 1248 2559 per
1291 2476 1649 2540 inmensum
1695 2477 1917 2553 iacere,
1974 2481 2048 2541 ut
2105 2496 2218 2559 per
2272 2476 2592 2539 infinitum
2648 2491 2789 2557 por-

499 2583 692 2647 rectis
759 2585 825 2647 et
888 2582 1118 2665 apertis
1185 2582 1484 2648 membris
1548 2583 1782 2649 iaceat.
1860 2584 2091 2665 quibus
2166 2582 2533 2648 foedissime
2602 2582 2787 2663 atque

496 2690 868 2773 turpissime
931 2689 1006 2754 ab
1062 2689 1354 2754 inferiore
1409 2692 1587 2772 parte
1644 2690 1908 2773 recipiat
1963 2690 2153 2754 etiam
2212 2691 2422 2773 ipsum
2468 2690 2790 2753 inmensae
2829 2708 2883 2747 2⁰

501 2796 957 2881 magnitudinis
1003 2797 1340 2859 inartatum
1393 2796 1576 2859 illum
1628 2815 1896 2860 cuneum
1950 2800 2145 2861 terrae
2192 2798 2612 2861 tenebrarum.
2680 2793 2791 2859 sed
2854 2820 2871 2831 ·

499 2902 800 2999 quiequid
848 2901 1023 2966 aliud
1067 2902 1438 2967 inueneritis
1485 2904 1746 2987 figurae.
1806 2918 1929 2986 quo
1988 2903 2148 2967 duae
2205 2904 2365 2968 istae
2420 2907 2619 2966 terrae
2670 2900 2790 2966 sibi

499 3010 978 3093 coniungantur,
1029 3007 1236 3072 delere
1284 3008 1567 3091 profecto
1616 3006 1971 3073 Manichaei
2017 3008 2263 3073 litteras
2311 3028 2434 3074 non
2480 3008 2785 3091 potestis:

499 3136 622 3182 non
671 3116 808 3181 dico
859 3115 1035 3193 alias,
1095 3114 1324 3197 quibus
1383 3115 1738 3198 expressius
1795 3114 1921 3179 ista
1983 3116 2321 3199 descripsit
2366 3155 2453 3162 —
2500 3114 2788 3179 fortassis

501 3223 668 3286 enim
717 3222 862 3305 quia
910 3220 1313 3304 paucioribus
1361 3224 1549 3285 notae
1588 3226 1767 3286 sunt.
1830 3222 2041 3286 minus
2097 3222 2363 3305 periculi
2420 3222 2647 3285 habere
2692 3220 2789 3284 ui-
2826 3240 2878 3279 25

499 3328 868 3392 deantur—
889 3326 1001 3391 sed
1025 3326 1180 3390 istas
1199 3327 1392 3409 ipsas.
1419 3326 1492 3391 de
1516 3327 1748 3410 quibus
1782 3346 1947 3391 nunc
1975 3328 2203 3413 agitur,
2228 3328 2538 3412 epistulae
2565 3326 2785 3391 funda-

495 3434 724 3509 menti,
775 3452 934 3515 quae
980 3432 1108 3496 fere
1157 3432 1479 3505 omnibus,
1531 3432 1639 3515 qui
1686 3432 1853 3516 apud
1902 3453 2019 3498 uos
2058 3434 2419 3497 inluminati
2457 3437 2783 3509 uocantur,

497 3542 665 3606 solet
695 3560 833 3605 esse
862 3539 1213 3605 notissima.
1245 3539 1348 3603 hic
1377 3540 1609 3622 quippe
1638 3540 1729 3603 ita
1760 3540 2093 3606 scribitur:
2124 3542 2332 3605 iuxta
2360 3559 2573 3605 unam
2606 3559 2783 3604 uero

495 3651 784 3731 partem
833 3666 912 3712 ac
959 3648 1166 3712 latus
1205 3648 1422 3711 illius
1461 3646 1817 3711 inlustris
1858 3664 1939 3711 ac
1981 3652 2285 3713 sanctae
2333 3651 2576 3713 terrae
2628 3648 2787 3710 erat

501 3756 984 3819 tenebrarum
1058 3758 1258 3819 terra
1322 3754 1691 3839 profunda
1740 3760 1813 3817 et
1860 3755 2195 3820 inmensa
2241 3754 2781 3839 magnitudine.
2820 3772 2877 3812 ³⁰

485 4014 490 4024 ι
573 3946 596 3997 1
639 3945 830 4015 igitur]
869 3962 996 4016 ergo
1047 3945 1096 3997 V
1271 3946 1302 3997 2
1344 3920 1417 4014 a]
1459 3948 1552 3998 aut
1593 3946 1639 3997 si
1691 3946 1737 3997 'l'
1914 3945 2157 4015 aliquod]
2205 3947 2413 4017 aliquid
2457 3948 2513 4000 P
2555 3932 2789 4001 anuli-s

497 4034 718 4105 alipuod
753 4050 1008 4104 magnum
1049 4034 1114 4087 H
1121 4034 1353 4089 TVSC'b
1464 4034 1494 4087 6
1534 4035 1757 4088 tercium
1797 4036 1846 4087 T
1950 4036 1982 4088 8
2023 4036 2278 4089 deflueret
2318 4038 2348 4089 b
2422 4039 2455 4090 9
2495 4038 2610 4107 aut]
2649 4042 2702 4090 et
2740 4036 2788 4090 T

493 4126 530 4178 9
568 4124 770 4178 ni*hilo
810 4128 857 4195 (c
896 4128 986 4188 er.)
1030 4124 1092 4177 H
1261 4128 1324 4179 12
1365 4124 1859 4178 carnali—libuerit
1896 4142 1997 4177 om.
2046 4124 2096 4177 T
2229 4127 2295 4178 14
2332 4126 2569 4179 sormam·
2597 4138 2780 4195 quam·

489 4202 668 4283 'cuque
707 4214 740 4267 b
888 4214 952 4267 16
993 4216 1119 4284 qua]
1158 4214 1310 4268 cuius
1349 4214 1611 4267 SCVLT
1758 4214 1818 4265 17
1859 4213 2069 4267 dium-se
2118 4214 2169 4267 T
2316 4216 2375 4267 19
2414 4214 2689 4285 fedissinie
2738 4214 2787 4267 Τ

495 4303 566 4355 20
603 4302 840 4355 inferiori
870 4302 900 4355 b
975 4302 1042 4355 ‘23
1072 4304 1428 4372 coiungantur
1455 4304 1486 4355 b
1561 4304 1631 4356 24
1663 4303 1982 4373 expressius]
2012 4304 2248 4373 apertius
2288 4300 2339 4355 V
2445 4302 2700 4356 describit
2738 4304 2786 4356 T

497 4390 782 4445 describsit
816 4391 872 4443 P
979 4392 1046 4444 25
1085 4396 1212 4445 note
1260 4393 1308 4444 T
1411 4392 1479 4443 28
1516 4407 1677 4445 unam
1717 4408 1818 4469 om.
1866 4392 1917 4445 Τ
2021 4392 2091 4447 30
2127 4396 2327 4447 terrera
2366 4393 2431 4445 H
2444 4404 2451 4409 ·
2714 4398 2721 4404 '
