3159 4984
959 486 1050 538 VI.
1108 484 1400 540 Contra
1452 486 1822 539 Faustum
1881 487 2010 539 lib.
2047 486 2193 541 XVI.
2581 490 2710 553 473

402 702 558 765 gens
598 700 725 744 una
759 681 1128 757 uocabatur,
1180 699 1325 744 cum
1368 680 1424 744 ei
1465 680 1816 745 diceretur:
1869 682 1934 745 si
1981 681 2402 746 crederetis
2441 682 2708 765 Moysi,

405 786 829 852 crederetis
879 789 954 849 et
998 786 1205 863 mihi,
1253 785 1598 868 potiusque
1657 789 1756 851 est
1811 786 2098 850 miranda
2153 790 2219 851 et
2267 787 2712 851 uehementius

408 893 731 977 arguenda
768 892 1000 957 duritia
1036 893 1439 959 Iudaeorum.
1480 892 1591 974 qui
1628 893 1750 958 hoc
1787 912 1911 957 non
1949 893 2255 962 fecerunt.
2296 893 2464 975 quod
2500 896 2711 959 totum

410 1000 723 1065 mundum
767 999 997 1064 fecisse
1046 998 1495 1083 conspicimus,

343 1138 368 1175 5
505 1108 608 1173 28.
676 1105 841 1170 Nam
910 1105 1212 1188 quicquid
1276 1104 1437 1170 dicis
1504 1106 1579 1171 de
1647 1108 1912 1171 sabbato
1971 1109 2038 1171 et
2092 1106 2168 1171 de
2231 1107 2710 1171 circumcisione
2767 1172 2778 1183 ,

412 1213 615 1277 carnis
684 1216 750 1275 et
824 1213 899 1277 de
977 1212 1333 1279 differentia
1406 1214 1692 1278 ciborum
1767 1214 1952 1277 aliam
2031 1214 2230 1278 fuisse
2305 1213 2710 1278 traditionem

413 1320 645 1403 Moysi,
706 1320 879 1387 aliud
934 1339 1048 1402 per
1105 1320 1432 1385 Christum
1501 1320 1800 1385 didicisse
1868 1320 2270 1386 christianos
2333 1320 2456 1383 iam
2524 1338 2712 1402 supra

417 1426 835 1503 ostendimuS‚
876 1427 1045 1509 quia.
1086 1428 1256 1491 sicut
1302 1426 1459 1491 dicit
1495 1427 1848 1509 apostolus,
1897 1428 2078 1491 haec
2125 1428 2370 1491 omnia
2415 1426 2710 1509 figurae

415 1536 723 1597 nostrae
770 1533 1103 1597 fuerunt.
1170 1552 1295 1598 non
1347 1552 1492 1617 ergo
1542 1533 1796 1597 diuersa
1841 1533 2126 1619 doctriua
2173 1536 2292 1609 est,
2351 1533 2464 1597 sed
2509 1532 2710 1596 diuer-

326 1660 380 1699 ιο
416 1658 556 1703 sum
594 1641 871 1722 tempus.
922 1639 1095 1702 aliud
1134 1639 1299 1702 enim
1341 1642 1493 1715 erat,
1535 1658 1660 1724 quo
1699 1639 1855 1704 haec
1894 1641 2227 1723 oportebat
2259 1660 2373 1722 per
2407 1640 2711 1724 figuratas

410 1746 775 1828 prophetias
830 1746 1281 1828 praenuntiari,
1340 1748 1407 1809 et
1462 1745 1638 1810 aliud
1695 1750 1814 1824 est,
1873 1766 1998 1829 quo
2056 1748 2214 1811 haec
2269 1748 2396 1810 iam
2464 1749 2715 1829 oportet

408 1870 521 1934 per
594 1852 996 1915 manifestam
1068 1852 1409 1916 ueritatem
1472 1852 1912 1934 redditamque
1979 1853 2304 1935 adinpleri.
2381 1852 2496 1917 sed
2559 1852 2712 1934 quid

410 1957 661 2026 mirum.
730 1957 785 2021 si
848 1958 1068 2022 Iudaei
1135 1958 1470 2023 carnaliter
1533 1959 1978 2042 intellegentes
2036 1961 2370 2024 sabbatum
2433 1958 2709 2037 Christ0‚

411 2065 520 2147 qui
558 2064 685 2129 iam
724 2066 847 2129 hoc
885 2066 1257 2148 spiritaliter
1292 2066 1676 2141 insinuabat,
1709 2060 2274 2150 repugnauerurit‘?
2313 2071 2384 2131 tu
2421 2068 2711 2149 apostolo

317 2192 371 2229 ιε,
410 2172 741 2255 responde,
792 2172 847 2235 si
893 2175 1097 2255 potes,
1147 2173 1257 2254 qui
1302 2173 1700 2237 uacationem
1750 2172 1954 2255 ipsius
2003 2172 2128 2236 diei
2175 2174 2466 2237 umbram
2513 2174 2710 2237 futuri

412 2296 551 2341 esse
600 2280 893 2341 testatur.
963 2279 1075 2342 sed
1124 2279 1179 2343 si
1226 2279 1323 2342 illi
1370 2280 1746 2343 restiterunt
1795 2279 2045 2345 Christo
2093 2298 2218 2345 non
2265 2280 2710 2364 intellegentes

410 2404 633 2448 uerum
681 2385 1039 2463 sabbatum,
1088 2404 1207 2450 uos
1256 2386 1315 2450 ei
1360 2386 1559 2451 nolite
1606 2386 1904 2451 resistere
1961 2389 2025 2451 et
2077 2386 2436 2471 intellegite
2491 2405 2708 2451 ueram

406 2492 855 2558 innocentiam.
906 2511 1051 2555 nam
1102 2511 1174 2556 eo
1222 2492 1363 2575 ipso
1410 2493 1572 2560 loco,
1623 2493 1736 2557 ubi
1779 2494 2116 2576 praecipue
2165 2492 2524 2557 destructor
2569 2493 2708 2557 sab-

406 2597 539 2661 bati
584 2600 848 2680 putatur
892 2599 1097 2668 Iesus,
1138 2619 1283 2663 curn
1324 2600 1623 2682 discipuli
1662 2598 1798 2665 eius
1833 2620 1947 2682 per
1985 2602 2268 2682 segetem
2305 2601 2707 2663 transeuntes

311 2732 365 2770 ιο
411 2709 475 2770 et
522 2706 871 2771 esurientes
918 2707 1233 2771 uellerent
1278 2707 1487 2789 spicas
1534 2709 1602 2770 et
1647 2706 1924 2784 ederent,
1980 2707 2350 2771 innocentes
2399 2724 2506 2771 eos
2555 2705 2710 2769 dixit

407 2814 793 2895 respondens
841 2813 1135 2889 Iudaeis:
1196 2814 1259 2878 si
1310 2814 1644 2889 sciretis,
1696 2813 1875 2895 quid
1923 2814 2053 2877 sit:
2103 2811 2704 2877 misericordiam

406 2920 582 2984 uolo
670 2938 886 3002 quam
972 2920 1477 2985 sacrificium.
1563 2938 1962 3001 numquam
2050 2919 2704 2983 condemnassetis

404 3026 884 3101 innocentem
962 3025 1168 3108 magis
1246 3026 1413 3089 enim
1490 3024 1907 3089 esurientium
1981 3024 2266 3088 misereri
2332 3024 2704 3102 debuerunt,

404 3132 554 3215 quia
616 3131 739 3197 hoc
802 3132 901 3195 illi
959 3132 1163 3197 coacti
1216 3132 1383 3196 fame
1438 3132 1743 3196 fecerunt.
1811 3151 1847 3195 a
1900 3132 2088 3197 uobis
2144 3134 2358 3195 autem
2415 3131 2703 3213 quisquis

308 3264 360 3303 25
404 3238 679 3304 uulserit
714 3239 945 3322 spicas,
984 3258 1107 3303 non
1147 3259 1219 3302 ex
1256 3239 1596 3304 traditione
1636 3237 1893 3316 Christi,
1935 3238 2045 3320 qui
2079 3237 2242 3302 hanc
2279 3237 2700 3302 innocentiam

398 3349 608 3424 uocat,
678 3345 792 3411 sed
857 3365 928 3409 ex
993 3346 1331 3411 traditione
1386 3346 1748 3410 Manichaei
1812 3344 2131 3410 homicida
2197 3344 2556 3428 deputatur.
2625 3364 2700 3407 an

396 3452 559 3517 forte
604 3452 1103 3519 misericordiam
1144 3452 1382 3517 eisdem
1423 3453 1618 3537 spicis
1658 3451 2078 3517 exhibuerunt
2113 3452 2407 3534 apostoli,
2445 3453 2521 3515 ut
2557 3451 2702 3515 inde

400 3560 686 3623 membra
733 3560 832 3623 dei
880 3561 1319 3626 manducando
1368 3563 1733 3644 purgarent.
1785 3560 1956 3623 sicut
2010 3562 2223 3623 uestra
2279 3559 2494 3623 fabula
2551 3560 2700 3622 est?

573 3750 606 3803 s
644 3752 671 3805 1
708 3749 829 3806 cor.
870 3751 953 3813 10.
994 3750 1027 3803 6
1139 3751 1204 3803 16
1244 3750 1309 3805 cf.
1350 3748 1465 3805 σοι.
1503 3752 1555 3813 2,
1597 3752 1663 3803 16
1703 3767 1782 3819 sq.
1892 3751 1960 3803 21
1999 3750 2199 3803 Matth.
2241 3752 2324 3813 12,
2365 3750 2395 3801 7

466 3870 501 3921 3
544 3866 825 3921 iudeorum
879 3866 926 3919 C
1106 3870 1140 3918 6
1188 3866 1503 3930 diffedentia
1550 3867 1614 3935 (8.
1662 3866 1697 3930 d
1746 3866 1875 3920 add.
1926 3870 1971 3930 r)
2032 3868 2079 3920 G
2260 3867 2326 3918 lu
2377 3864 2520 3935 quod
2556 3864 2698 3917 LCb

396 3956 463 4009 11
502 3950 757 4025 pp'hetias
796 3958 885 4021 (in
920 3958 1061 4022 raa.)
1103 3954 1149 4008 S
1336 3958 1419 4007 est
1460 3956 1620 4021 (add.
1658 3974 1726 4010 m.
1767 3960 1821 4023 1)
1862 3955 1912 4008 L
2096 3956 2225 4024 quo]
2265 3953 2411 4023 quod
2447 3952 2698 4007 LCSMb

397 4046 465 4099 12
490 4045 783 4100 manifesta
817 4044 891 4097 M
1000 4045 1065 4099 13
1101 4050 1208 4115 {pb
1246 4052 1316 4113 (a.
1356 4046 1419 4112 l.)
1450 4044 1495 4100 S
1605 4048 1670 4099 15
1709 4046 2050 4099 uocationem
2080 4042 2182 4097 80
2295 4044 2359 4097 16
2389 4043 2436 4095 si
2465 4058 2566 4097 om.
2599 4041 2698 4095 SG

395 4134 464 4187 18
500 4134 753 4205 precipue
781 4134 835 4188 L
947 4136 1012 4189 19
1042 4138 1258 4205 segetes
1291 4138 1337 4201 (s
1366 4136 1463 4201 fin.
1492 4136 1554 4187 in
1580 4150 1695 4191 ras,
1724 4153 1792 4189 m.
1825 4134 1877 4203 2)
1908 4134 1961 4187 L
2061 4134 2130 4186 20
2161 4133 2460 4187 esurientes
2501 4132 2696 4199 (ientes

391 4225 455 4276 in
488 4240 601 4281 raa.
639 4240 707 4280 m.
748 4228 806 4293 2)
846 4224 899 4277 L
1043 4225 1105 4277 21
1149 4224 1479 4293 respondent
1525 4228 1588 4294 (ε.
1628 4228 1652 4289 t
1688 4240 1953 4293 merser.
2002 4226 2047 4286 s)
2096 4222 2144 4276 0
2283 4222 2353 4275 28
2393 4220 2696 4275 debuerunt

390 4312 633 4365 misereri
670 4312 701 4367 b
849 4313 915 4365 26
954 4312 1247 4366 traditione
1288 4314 1339 4379 (e
1375 4328 1417 4366 a.
1459 4314 1494 4367 Ζ.
1532 4312 1668 4366 add.
1705 4328 1774 4365 m.
1815 4315 1874 4364 2)
1911 4312 1958 4364 L
2139 4313 2230 4379 an]
2269 4310 2408 4363 hanc
2436 4307 2696 4361 LSGJu»

391 4402 459 4454 27
501 4401 819 4455 exibuerunt
863 4401 911 4454 C
1014 4402 1085 4456 28
1121 4402 1343 4455 menbra
1386 4402 1435 4454 G
1465 4401 1650 4455 mebra
1689 4400 1735 4455 S
