3159 4984
289 1622 340 1657 10

286 2682 337 2721 20

799 444 1192 499 V.Contra
1249 445 1678 514 epistulam
1738 442 2252 497 fundamenti.
2524 444 2653 509 213

371 639 603 722 ubique
669 641 1064 723 praesentem
1132 638 1578 722 qualicumque
1646 638 1779 703 acie
1842 638 1969 701 iam
2038 637 2370 703 serenioris
2426 636 2660 701 mentis

370 746 599 810 intueri
643 747 882 811 ualent.

467 855 568 921 16.
618 854 741 919 Sed
780 854 931 937 quid
971 854 1176 919 dicam
1216 855 1292 919 de
1331 854 1600 919 ueritate
1641 857 1835 937 atque
1874 854 2202 937 sapientia,
2243 871 2403 934 quae
2442 870 2659 917 ornnes

371 961 684 1044 potentias
751 960 994 1025 animae
1062 963 1339 1045 superat.
1408 980 1553 1025 eum
1618 960 1820 1043 ipsius
1898 962 2140 1025 animae
2198 965 2443 1035 natura,
2500 976 2661 1041 quae

371 1066 698 1131 mutabilis
747 1067 1089 1143 inuenitur,
1130 1068 1307 1133 nullo
1354 1068 1544 1133 modo
1592 1068 1877 1133 locorum
1925 1068 2129 1151 spatia
2175 1066 2445 1149 quadam
2490 1065 2659 1129 mole

371 1194 488 1239 sua
550 1184 820 1260 occupo*u
842 1180 872 1239 ⁴?
941 1174 1240 1258 quicquid
1306 1175 1474 1239 enim
1539 1175 1826 1257 qualibet
1882 1173 2301 1239 crassitudine
2360 1174 2479 1248 est,
2534 1189 2659 1236 non

371 1285 584 1364 potest
628 1282 754 1347 nisi
799 1282 1000 1347 minui
1046 1302 1159 1365 per
1201 1286 1413 1365 partes
1459 1282 1751 1346 habendo
1802 1281 1973 1347 aliud
2020 1282 2125 1346 hie
2174 1284 2239 1345 et
2275 1279 2449 1345 aliud
2486 1277 2657 1343 alibi.

369 1386 574 1451 minor
621 1391 720 1451 est
768 1388 934 1451 enim
982 1387 1223 1471 digitus
1272 1406 1461 1471 quarn
1498 1390 1637 1451 tota
1672 1406 1899 1451 manus
1940 1390 2005 1451 et
2040 1386 2245 1451 minor
2282 1389 2382 1451 est
2418 1383 2657 1468 digitus

371 1510 536 1557 unus
585 1511 774 1575 quam
821 1492 946 1557 duo
997 1495 1062 1556 et
1109 1492 1260 1557 alibi
1309 1496 1408 1557 est
1443 1492 1564 1557 iste
1606 1492 1864 1577 digitus.
1904 1492 2055 1557 alibi
2093 1492 2222 1568 ille,
2262 1491 2413 1555 alibi
2453 1493 2661 1555 cetera

379 1617 626 1663 manus.
695 1598 862 1681 quod
909 1618 1032 1665 non
1081 1600 1290 1665 solum
1336 1600 1400 1663 in
1445 1599 1725 1665 molibus
1783 1618 2111 1683 corporum
2168 1596 2520 1663 articulatis
2566 1595 2661 1660 ui-

372 1704 616 1781 demus,
666 1704 778 1769 sed
826 1704 1018 1769 etiam
1073 1708 1276 1769 terrae
1331 1723 1478 1788 pars
1513 1705 1641 1769 ista
1693 1724 1817 1769 non
1875 1707 1975 1769 est
2019 1705 2128 1775 ibi,
2178 1704 2287 1769 ubi
2333 1704 2466 1772 illa.
2514 1702 2663 1785 quia

372 1832 558 1877 suum
607 1813 820 1877 locum
869 1830 1156 1893 quaeque
1204 1811 1484 1885 obtinet;
1553 1814 1621 1875 et
1671 1831 1817 1895 pars
1874 1812 2113 1876 umoris
2170 1812 2375 1875 minor
2420 1810 2661 1873 minore

373 1924 436 1981 et
479 1917 681 1981 maior
723 1916 958 1981 maiore
1005 1916 1148 1981 loeo
1199 1920 1324 1991 est;
1368 1920 1432 1979 et
1478 1916 1603 1980 alia
1646 1936 1793 1999 pars
1842 1922 1941 1981 est
1988 1917 2153 1982 eirca
2198 1916 2489 1990 fundum,
2537 1914 2661 1977 alia

373 2026 535 2089 cirea
581 2044 722 2088 oras
769 2024 1004 2106 poculi.
1074 2022 1370 2087 similiter
1417 2024 1578 2087 aeris
1624 2028 1839 2105 partes
1889 2042 2039 2087 suos
2088 2041 2371 2105 quaeque
2416 2021 2664 2105 inplent

317 2133 566 2196 slocos.
652 2151 768 2195 neo
829 2130 963 2194 fieri
1027 2132 1262 2214 potest,
1329 2132 1404 2193 ut
1459 2149 1582 2202 aer,
1651 2150 1775 2212 quo
1842 2129 2122 2212 inpletur
2184 2129 2339 2191 haee
2404 2128 2655 2204 domus,

375 2238 566 2302 simul
615 2256 834 2302 seeum
871 2238 935 2301 in
976 2237 1196 2301 eadem
1237 2236 1424 2302 domo
1462 2237 1693 2301 habere
1728 2236 1936 2320 possit
1974 2235 2164 2299 etiam
2200 2235 2387 2298 illurn
2434 2251 2661 2309 aerem,

372 2364 558 2426 quem
609 2343 807 2408 uicini
851 2344 1109 2407 habent.
1177 2344 1468 2425 lucisque
1514 2344 1719 2427 ipsius
1768 2344 1893 2407 alia
1948 2361 2093 2425 pars
2148 2340 2501 2405 infunditur
2554 2358 2665 2422 per

371 2451 528 2515 bano
596 2450 960 2526 fenestram,
1027 2450 1151 2514 alia
1205 2470 1318 2534 per
1368 2451 1568 2518 illam.
1632 2452 1697 2515 et
1754 2450 1957 2515 maior
2009 2469 2120 2533 per
2173 2447 2497 2522 maiorem,
2552 2466 2665 2529 per

371 2556 676 2621 minorem
718 2560 930 2621 autem
969 2558 1194 2622 minor.
1246 2577 1359 2621 nec
1409 2558 1662 2622 omnino
1710 2560 1925 2641 potest
1960 2576 2101 2623 esse
2139 2554 2396 2637 aliquod
2435 2572 2662 2637 corpus

377 2663 512 2727 siue
561 2664 832 2728 caeleste
895 2664 1032 2729 siue
1088 2668 1386 2729 terrestre
1445 2665 1585 2729 siue
1642 2665 1881 2729 aerium
1941 2664 2077 2728 siue
2131 2661 2445 2737 umidum,
2494 2658 2663 2743 quod

379 2789 500 2834 non
546 2770 757 2835 minus
808 2771 894 2835 sit
939 2772 1002 2834 in
1049 2775 1227 2854 parte
1269 2790 1456 2854 quam
1492 2772 1558 2836 in
1596 2775 1773 2845 toto·,
1821 2791 2023 2854 neque
2062 2771 2194 2835 ullo
2232 2768 2422 2834 modo
2458 2766 2665 2849 possit

375 2876 437 2939 in
494 2877 634 2941 loco
693 2876 886 2941 huius
942 2879 1141 2960 partis
1197 2878 1392 2943 simul
1449 2878 1680 2943 habere
1738 2878 1925 2942 aliam
1982 2881 2249 2961 partem,
2315 2874 2427 2939 sed
2489 2872 2664 2936 aliud

375 2982 478 3047 hie
523 2988 590 3047 et
632 2983 805 3047 aliud
853 2984 1006 3048 alibi
1043 2984 1280 3051 habens
1317 3002 1432 3069 per
1467 2984 1797 3067 quaelibet
1832 2984 2039 3068 spatia
2074 2984 2358 3048 locorum
2401 2978 2663 3044 distanti

375 3092 440 3153 et
484 3088 764 3167 diuidua,
813 3090 921 3154 uel
962 3090 1202 3173 potius,
1251 3094 1325 3155 ut
1368 3091 1460 3155 ita
1504 3091 1737 3168 dicam,
1786 3090 1998 3155 sectili
2041 3090 2209 3155 mole
2258 3087 2659 3153 distenditur.

309 3217 336 3253 .-·‚
375 3195 616 3259 animae
670 3216 822 3261 uero
877 3199 1122 3268 natura,
1181 3197 1436 3262 etiamsi
1490 3216 1615 3262 non
1672 3196 1786 3260 illa
1840 3196 1977 3261 eius
2030 3195 2319 3280 potentia
2375 3192 2658 3259 conside-

370 3304 562 3378 retur,
613 3320 734 3384 qua
779 3302 1101 3387 intellegit
1146 3303 1504 3381 ueritatem,
1554 3302 1667 3369 sed
1712 3303 1825 3367 ina
1868 3302 2146 3373 inferior,
2206 3320 2331 3384 qua
2380 3300 2659 3364 continet

372 3426 598 3492 corpus
657 3412 721 3473 et
776 3408 974 3473 sentit
1033 3410 1097 3473 in
1159 3428 1438 3493 conpore,
1499 3410 1676 3474 nullo
1733 3409 1921 3475 modo
1986 3409 2309 3473 inuenitur
2370 3408 2656 3471 locorum

372 3516 593 3598 spatiis
641 3517 856 3599 aliqua
901 3516 1071 3581 mole
1121 3515 1417 3580 distendi.
1474 3534 1617 3579 narn
1670 3516 1943 3599 singulis
1995 3515 2093 3579 sui
2138 3516 2421 3598 corporis
2469 3512 2659 3596 parti-

438 3751 461 3803 1
503 3750 797 3804 sereniores
834 3756 1042 3805 mentes
1081 3751 1144 3803 H
1251 3751 1283 3805 3
1321 3751 1370 3805 K
1399 3750 1466 3805 H
1643 3758 1733 3805 oes
1770 3758 1855 3821 ale
1894 3752 2167 3822 potentias
2196 3752 2228 3804 b
2338 3754 2371 3802 4
2411 3764 2576 3819 quum
2606 3746 2659 3801 P

363 3839 395 3891 6
433 3843 722 3910 occupetur
769 3839 821 3893 V
968 3839 1220 3911 quitquid
1267 3840 1320 3895 V
1470 3842 1573 3908 est]
1621 3840 1951 3895 distenditur
1990 3840 2021 3893 b
2134 3840 2163 3892 7
2204 3841 2411 3909 partem
2462 3833 2651 3889 TVLb

360 3927 394 3981 8
447 3928 588 3981 enim
641 3944 744 3982 om.
811 3926 864 3981 V
1072 3929 1104 3981 9
1160 3944 1298 3981 unus
1346 3928 1552 3997 digitus
1621 3928 1685 3981 H
1690 3927 1893 3982 TVOS
2080 3928 2146 3981 10
2201 3922 2519 3979 immobilib'
2580 3920 2647 3974 H

359 4015 414 4069 in
469 4013 762 4069 mobilibus
812 4014 1023 4093 VL‘TR
1239 4016 1480 4069 articulis
1546 4016 1594 4069 T
1603 4016 1758 4070 VLR
1940 4018 2003 4069 11
2059 4014 2136 4068 ibi
2196 4018 2279 4067 est
2332 4012 2397 4067 H
2401 4012 2451 4067 T
2461 4009 2654 4066 VCSL

363 4104 426 4157 12
461 4104 698 4159 humoris
727 4102 758 4157 b
869 4106 938 4158 14
972 4104 1129 4158 horas
1158 4104 1224 4157 H
1232 4104 1333 4157 VT
1486 4105 1751 4176 quaeque]
1790 4122 1961 4177 quoq:
2000 4105 2097 4158 Hb
2246 4104 2311 4157 19
2351 4100 2565 4171 aliquid
2604 4099 2655 4153 T

355 4192 424 4247 20
451 4210 664 4247 aereum
695 4192 830 4247 VLb
937 4193 1218 4248 humidum
1236 4194 1323 4247 Pb
1405 4195 1470 4247 21
1501 4196 1687 4264 potest
1713 4194 1765 4248 T
1841 4194 1911 4247 22
1940 4194 2111 4264 partis
2136 4198 2182 4259 (s
2202 4210 2245 4248 s.
2278 4195 2312 4247 1.
2345 4210 2381 4245 a
2408 4209 2478 4246 m.
2510 4194 2569 4255 2>
2592 4188 2657 4242 H

353 4281 421 4336 25
461 4284 506 4337 K
545 4284 606 4335 H
641 4283 908 4353 Kapitulu
945 4282 995 4335 Τ
1135 4282 1201 4337 de
1231 4284 1408 4353 anime
1435 4287 1631 4337 nutura
1660 4284 1791 4345 add.
1809 4284 1873 4337 in
1897 4300 1997 4353 my.
2031 4299 2201 4337 manu
2228 4300 2373 4337 saec.
2404 4281 2568 4336 VIIII
2598 4279 2652 4335 P

351 4373 422 4425 26
461 4374 586 4441 qua}
625 4389 783 4441 quam
824 4372 879 4423 P
1021 4371 1146 4441 qua]
1188 4388 1293 4441 quo
1332 4372 1387 4425 P
1493 4372 1561 4425 28
1600 4374 1800 4443 spaciis
1852 4373 1897 4425 Τ
