3159 4984
486 462 617 525 484
1173 459 1225 512 S.
1282 457 1555 512 Aureli
1611 458 2042 528 Augustini

482 654 845 718 Matthaeus
912 654 1130 719 eadem
1196 654 1468 738 scripsit,
1528 654 1642 718 sed
1699 654 1862 719 alius
1921 656 2040 720 sub
2097 654 2456 720 nominibus
2516 657 2584 718 et
2626 654 2775 719 Iesu

483 764 547 824 et
590 760 937 825 Matthaei!

574 868 633 933 2.
704 864 919 945 Quid?
975 867 1145 949 quod
1202 867 1393 933 etiam
1452 888 1521 933 ex
1570 869 1709 951 ipso
1757 888 2066 933 sermone.
2117 888 2239 950 quo
2287 868 2610 951 pra-eoepit
2655 886 2776 932 non

484 976 735 1057 putare,
804 974 951 1056 quia
1020 975 1270 1041 uenerit
1327 976 1536 1060 legem
1602 977 1880 1053 soluere,
1948 976 2152 1060 magis
2216 974 2506 1059 intellegi
2572 975 2776 1049 detur,

484 1080 633 1163 quia
688 1081 969 1146 soluerit.
1036 1101 1241 1165 neque
1288 1083 1455 1147 enim
1503 1082 1662 1147 nihil
1709 1102 1781 1147 eo
1827 1084 1957 1147 tale
2001 1082 2272 1147 faciente
2309 1081 2530 1146 Iudaei
2574 1080 2780 1164 suspi·
2841 1104 2868 1142 ⁵

487 1187 614 1252 cari
670 1186 791 1253 hoc
844 1192 1127 1272 possent.
1196 1189 1338 1268 sed,
1397 1189 1670 1267 nolite,
1727 1190 1962 1272 inquit,
2019 1194 2316 1274 putare,
2376 1190 2552 1273 quia
2609 1188 2782 1253 ueni

488 1294 789 1358 soluere
834 1297 1101 1379 legem.
1150 1296 1423 1381 agedum
1472 1314 1642 1380 ergo,
1693 1296 1748 1361 si
1797 1296 1854 1359 ei
1903 1299 1968 1360 et
2001 1296 2225 1361 Iudaei
2260 1296 2587 1373 dixissent,
2629 1294 2782 1377 quid

488 1419 672 1483 porro
722 1404 935 1465 autem
980 1405 1053 1466 tu
1100 1402 1230 1466 tale
1277 1403 1436 1487 agis,
1492 1403 1661 1468 unde
1717 1403 1838 1469 hoc
1897 1403 2206 1487 suspicari
2261 1402 2636 1485 possimus?
2705 1421 2781 1465 an

492 1506 639 1588 quia
703 1508 1251 1574 circumcisionem
1307 1508 1577 1588 derideS,
1641 1510 1978 1575 sabbatum
2051 1510 2278 1587 uiolae,
2337 1508 2646 1574 sacrificia
2689 1527 2780 1571 re-

492 1614 691 1698 spuiS,
734 1614 1065 1680 confundis
1104 1616 1332 1685 cibos?
1368 1617 1491 1682 hoc
1530 1620 1632 1682 est
1668 1636 1856 1700 ergo:
1905 1617 2144 1681 nolite
2181 1618 2489 1698 putare?
2529 1618 2594 1679 et
2631 1614 2783 1696 quid
2826 1639 2876 1679 ιο

489 1720 610 1786 hoc
661 1721 936 1805 amplius
984 1721 1221 1805 quidue
1267 1722 1672 1787 manifestius
1721 1722 1857 1787 fieri
1918 1723 2131 1806 potuit
2175 1723 2238 1787 in
2289 1722 2784 1787 destructionem

488 1828 651 1912 legis
700 1846 773 1892 ac
819 1828 1322 1911 prophetarum?
1388 1832 1501 1893 aut
1556 1831 1612 1894 si
1668 1830 1789 1894 hoc
1847 1829 2162 1912 adinplere
2213 1832 2312 1894 est
2353 1829 2584 1913 legem.
2633 1826 2785 1911 quid

494 1936 618 1999 erit
664 1936 967 2003 soluere?
1032 1936 1235 2018 quid?
1283 1938 1453 2018 quod
1502 1937 1695 2001 etiam
1740 1937 1838 2002 lex
1888 1941 1953 2001 et
1996 1936 2341 2020 prophetae
2387 1955 2462 1999 ne
2511 1935 2786 2018 adinple-

491 2041 661 2107 tione
719 2042 971 2122 quidem
1029 2042 1326 2126 gaudent.
1390 2043 1545 2109 adeo
1605 2042 1727 2108 sibi
1782 2044 1955 2126 pleni
2019 2042 2318 2108 uidentur
2374 2045 2438 2106 et
2492 2061 2786 2107 consum-

492 2148 677 2211 mati:
728 2168 996 2230 quorum
1042 2153 1261 2214 auctor
1306 2168 1379 2215 ac
1424 2156 1605 2233 pater
1649 2170 1772 2216 non
1821 2150 2031 2215 minus
2081 2150 2140 2213 ei
2200 2149 2364 2214 adici
2421 2148 2790 2232 indignatur
2830 2174 2882 2212 ιε»

496 2273 683 2335 quam
725 2254 987 2333 detrahi,
1028 2258 1104 2320 ut
1142 2256 1424 2321 scribens
1470 2257 1535 2320 in
1585 2256 2058 2322 deuteronomio
2100 2256 2307 2320 dicat:
2357 2256 2542 2320 haec
2585 2274 2788 2339 prae·

498 2350 734 2443 cepta,
786 2381 971 2443 quae
1018 2362 1286 2428 mando
1333 2363 1481 2428 tibi
1525 2363 1773 2440 hodie,
1818 2362 2134 2440 Israhel,
2185 2362 2663 2432 obseruabisz
2715 2367 2790 2426 et

498 2485 702 2535 caue.
752 2489 837 2533 ne
888 2468 1227 2533 declines
1266 2470 1351 2533 ab
1401 2469 1673 2534 iisdem
1729 2488 1966 2551 neque
2004 2469 2077 2533 in
2117 2469 2510 2534 sinistram
2547 2488 2788 2550 neque

496 2573 569 2637 in
620 2574 977 2652 dextram,
1027 2594 1160 2639 nec
1208 2574 1438 2639 addas
1488 2576 1889 2657 quicquam
1948 2576 2056 2640 eis
2114 2594 2248 2641 nec
2293 2576 2607 2653 minuas,
2659 2575 2836 2645 sed.

497 2681 569 2745 in
614 2681 898 2761 iisdem,
936 2681 1491 2765 perseuerabis.
1540 2684 1626 2746 ut
1661 2682 2068 2747 benedicat
2103 2686 2176 2747 te
2217 2682 2562 2748 dominus
2601 2682 2791 2746 deus
2829 2706 2886 2743 ιο

494 2792 717 2853 tuus?
773 2790 1152 2871 quapropter
1207 2788 1344 2853 siue
1392 2788 1754 2873 adinplendi
1801 2808 1994 2854 causa
2039 2790 2219 2854 Iesus
2265 2789 2396 2873 legi
2439 2788 2682 2871 aliquid
2729 2792 2796 2853 et

494 2894 817 2978 prophetis
864 2894 1117 2971 adiecit,
1164 2894 1229 2957 in
1279 2894 1556 2958 dextram
1607 2894 1860 2960 uidetur
1904 2897 2146 2979 lapsus,
2187 2896 2325 2961 siue
2372 2895 2668 2978 dempsit,
2717 2898 2795 2959 ut

500 3003 873 3079 destrueret,
920 3001 985 3065 in
1034 3000 1391 3077 sinistram3
1451 3005 1792 3083 utrumque
1841 3006 2007 3067 certe
2057 3002 2320 3068 offendit
2363 3002 2526 3086 legis
2575 3005 2794 3067 aucto-

498 3127 629 3172 rem
666 3107 1028 3189 idcircoque
1066 3110 1178 3171 aut
1214 3108 1383 3171 aliud
1422 3108 1662 3190 aliquid
1694 3108 2013 3192 significat
2048 3109 2225 3173 istud
2265 3112 2378 3173 aut
2402 3109 2639 3173 falsum
2671 3114 2792 3175 est.

589 3218 649 3279 3.
688 3217 1156 3286 AUGUSTINUS
1192 3217 1554 3301 respondit:
1597 3213 1647 3281 Ο
1688 3217 2042 3281 mirabilem
2079 3215 2389 3281 insaniam
2429 3216 2505 3279 de
2537 3214 2794 3281 Christo
2831 3240 2884 3280 τε

679 3426 745 3480 16
780 3426 944 3482 Dent.
982 3428 1033 3490 5,
1072 3428 1175 3489 32;
1219 3428 1300 3490 12,
1338 3428 1408 3481 32

576 3580 596 3631 1
640 3576 890 3631 matheus
924 3576 971 3630 G
1084 3577 1117 3630 3
1154 3576 1327 3647 pcipit
1358 3577 1407 3631 Ο
1509 3578 1542 3630 5
1581 3578 1820 3633 solueret
1846 3579 1896 3632 L
2017 3584 2047 3634 7
2088 3579 2356 3649 agendum
2386 3579 2498 3633 L¹b
2535 3578 2799 3649 agendum

502 3670 559 3733 (n
588 3667 683 3729 er.)
721 3665 767 3718 Ο
800 3665 1051 3719 aiendum
1080 3664 1158 3718 L²
1302 3667 1371 3735 si]
1410 3670 1467 3720 et
1504 3667 1549 3719 si
1590 3667 1634 3718 C
1785 3671 1842 3722 et
1878 3684 1980 3723 om.
2018 3667 2065 3722 G
2169 3668 2204 3722 8
2240 3671 2302 3721 tu
2341 3666 2476 3736 tale]
2513 3666 2690 3720 tutela
2719 3666 2792 3719 L*

505 3755 565 3807 ll
610 3753 809 3823 quidue
850 3758 938 3821 (ue
974 3772 1019 3809 s.
1059 3757 1093 3810 1.
1131 3774 1200 3810 m.
1240 3760 1299 3825 2)
1347 3756 1395 3810 Ο
1570 3756 1936 3813 destructione
1973 3760 2004 3812 b
2190 3758 2255 3811 13
2293 3756 2680 3826 adimpletione
2721 3758 2798 3819 (m

501 3844 595 3910 er.)
636 3842 689 3895 L
726 3843 1115 3914 adimplecione
1152 3848 1249 3899 tua
1293 3845 1341 3901 Ο
1373 3845 1442 3900 ad
1488 3845 1860 3917 impletionem
1898 3847 1930 3901 b
2116 3849 2180 3901 15
2230 3847 2306 3901 eis
2344 3845 2398 3899 L
2541 3844 2712 3907 adicit
2755 3844 2805 3896 C

506 3934 569 3985 16
608 3931 673 3985 de
712 3934 1047 3987 uteronomio
1092 3932 1139 3987 G
1282 3934 1429 3990 dicat
1466 3936 1541 3989 L¹
1678 3937 1746 3992 18
1786 3941 1866 4005 (et
1901 3938 1990 4004 20)
2032 3936 2202 3990 isdem
2241 3935 2340 3989 SG
2376 3934 2584 3988 hisdem
2622 3931 2806 3986 LOM

504 4022 569 4075 19
607 4020 879 4076 dexteram
923 4022 1173 4077 GSGMb
1315 4024 1386 4079 20
1421 4026 1711 4091 benedicet
1749 4029 1812 4093 (s.
1851 4045 1879 4091 e
1920 4044 1957 4079 a
1992 4044 2046 4080 m
2100 4030 2131 4078 1
2167 4028 2219 4093 a)
2266 4023 2313 4077 G
2452 4024 2519 4076 21
2567 4023 2712 4075 iesus
2751 4028 2800 4091 (s

500 4113 598 4177 fin.
635 4126 679 4165 ε.
720 4112 753 4166 l.
792 4128 861 4165 m.
901 4113 954 4180 1)
996 4112 1048 4165 L
1227 4115 1295 4167 22
1351 4114 1625 4170 dexteram
1689 4115 1734 4168 C
1871 4115 1956 4168 his
2013 4113 2283 4183 adempsit
2336 4112 2434 4167 ΒΘ
2492 4110 2692 4164 demsit
2747 4110 2806 4162 P

503 4200 739 4269 dempsis
778 4201 841 4271 (s.
879 4216 904 4268 ,ε
944 4219 982 4255 α
1017 4219 1086 4255 m.
1129 4203 1153 4254 1
1197 4205 1241 4267 t)
1289 4196 1335 4256 C
1440 4204 1509 4259 23
1547 4207 1818 4269 auctorem
1859 4206 2006 4271 (exp.
2045 4219 2114 4257 m.
2154 4206 2217 4265 2)
2257 4202 2310 4254 L
2419 4202 2488 4254 24
2525 4199 2800 4269 significat

503 4289 555 4357 (a
612 4304 678 4343 a
736 4307 763 4343 e
821 4308 859 4345 a
910 4310 979 4347 m.
1044 4290 1093 4359 1)
1156 4290 1203 4345 G
1378 4292 1448 4347 25
1504 4294 1641 4361 Gap.
1697 4292 1894 4345 XXXV
1940 4290 2163 4346 LPSM
2165 4290 2216 4344 G
2396 4288 2698 4359 Agustinus
2745 4288 2800 4341 L

506 4376 863 4433 miserabilem
908 4382 957 4436 G
