3159 4984
939 456 1030 509 VI.
1090 456 1381 510 Contra
1434 454 1806 507 Faustum
1864 454 1990 509 lib.
2059 456 2174 507 XII.
2544 460 2676 522 363

392 649 1088 733 interpellationeS‚
1130 648 1543 733 gratiarum
1596 648 1936 713 actiones
1983 668 2113 731 pro
2164 648 2512 714 omnibus
2561 650 2678 712 ho-

392 757 749 833 minibus,
799 775 928 840 pro
976 755 1286 839 regibus
1337 760 1411 818 et
1455 754 1594 831 his,
1653 755 1779 835 qui
1825 754 1896 817 in
1945 756 2422 819 sublimitate
2483 760 2678 831 sunt,

391 869 477 931 ut
550 866 883 954 quietam
950 865 1024 927 et
1087 861 1581 943 tranquillam
1661 862 1894 925 uitam
1969 880 2276 945 agamus
2341 862 2414 927 in
2483 863 2679 927 omni

392 973 682 1055 pietate
732 974 807 1035 et
853 970 1197 1035 caritate.
1255 969 1393 1034 hoc
1442 969 1634 1033 enim
1684 969 1954 1033 bonum
2003 972 2077 1032 et
2123 972 2514 1053 acceptum
2565 974 2684 1034 est

330 1100 357 1137 ⁵
397 1099 645 1145 coram
693 1079 1080 1145 saluatore
1130 1080 1387 1142 nostro
1438 1077 1596 1153 deo,
1645 1076 1772 1159 qui
1820 1096 2072 1141 omnes
2123 1076 2461 1141 homines
2510 1078 2682 1141 uult

397 1188 657 1252 saluos
704 1186 880 1251 fieri
928 1188 1002 1249 et
1047 1186 1117 1249 in
1167 1185 1634 1269 agnitionem
1683 1184 2044 1249 ueritatis
2094 1185 2370 1249 uenire.
2441 1204 2512 1249 ex
2558 1185 2681 1250 hoc

395 1294 625 1377 quippe
673 1293 865 1357 etiam
909 1293 1041 1357 illis
1092 1292 1495 1356 credentibus
1534 1294 1898 1355 constructa
1936 1295 2088 1356 sunt
2125 1291 2448 1358 domicilia
2482 1292 2680 1375 pacis,

393 1401 691 1473 basilicae
741 1401 1224 1464 christianorum
1276 1398 1859 1483 congregationum.
1910 1401 1974 1463 et
2019 1400 2377 1463 nouellatae
2435 1400 2679 1473 uineae,

396 1508 614 1590 populi
660 1508 966 1583 fidelium,
1017 1512 1081 1571 et
1124 1507 1393 1589 plantati
1442 1506 1628 1583 horti,
1676 1506 1788 1572 ubi
1836 1506 2026 1571 etiam
2063 1506 2230 1570 inter
2265 1506 2476 1571 omnia
2513 1506 2683 1571 olera

309 1632 361 1667 ιο
396 1633 661 1698 granum
731 1614 894 1678 illud
969 1614 1207 1697 sinapis
1267 1617 1521 1697 regnat.
1592 1614 1710 1677 sub
1787 1632 1970 1677 culus
2034 1612 2421 1676 umbraculis
2493 1612 2680 1695 longe

396 1722 647 1803 lateque
694 1723 999 1804 porrectis
1058 1721 1247 1785 etiam
1310 1721 1608 1804 altipetax
1667 1720 1960 1802 superbia
2015 1720 2301 1804 gentium
2357 1722 2680 1801 tamquam

396 1828 459 1893 in
509 1830 669 1892 caeli
716 1828 1089 1894 uolatilibus
1151 1827 1571 1911 confugiendo
1631 1826 1993 1909 requiescit.
2061 1846 2206 1889 nam
2263 1826 2430 1909 quod
2491 1826 2680 1890 etiam

394 1938 543 2019 post
589 1936 993 2019 septuaginta
1040 1954 1234 1999 annos
1284 1935 1634 2001 secundum
1686 1934 1968 1998 eiusdem
2017 1934 2371 1997 Hieremiae
2419 1933 2681 2016 prophe-

395 2044 551 2107 tiam
598 2044 839 2107 reditur
884 2062 955 2106 ex
1004 2043 1377 2125 captiuitate
1428 2046 1493 2106 et
1538 2042 1848 2123 templum
1897 2046 2255 2107 renouatur.
2296 2040 2438 2122 quis
2477 2040 2682 2104 fidelis

314 2162 365 2201 1⁵
400 2150 635 2216 Christi
680 2150 1182 2233 non-intellegat
1238 2154 1386 2232 post
1444 2150 1705 2213 euoluta
1759 2153 2064 2231 tempora.
2125 2166 2282 2229 quae
2344 2145 2685 2230 septenarii

403 2258 643 2321 dierum
699 2255 944 2321 numeri
999 2256 1374 2339 repetitione
1430 2258 1887 2328 transcurrunt,
1957 2254 2147 2318 etiam
2205 2254 2408 2329 1101110,
2464 2254 2530 2317 id
2586 2258 2686 2317 est

403 2362 707 2429 ecclesiae
757 2362 877 2429 dei.
928 2363 1006 2426 ad
1052 2362 1228 2427 illam
1278 2362 1619 2427 caelestem
1655 2361 2057 2425 Hierusalem
2107 2382 2177 2425 ex
2216 2361 2406 2425 huius
2447 2360 2686 2425 saeculi

398 2470 899 2554 peregrinatione
939 2470 1379 2534 redeundum?
1426 2489 1538 2553 per
1574 2488 1761 2550 quem
1802 2470 1923 2534 nisi
1959 2490 2070 2551 per
2106 2470 2320 2533 Iesum
2362 2468 2684 2534 Christum

397 2595 544 2642 uere
610 2577 1001 2642 sacerdotem
1067 2596 1388 2661 magnum,
1457 2576 1641 2640 cuius
1698 2577 1973 2660 figuram,
2024 2577 2285 2659 gerebat
2338 2575 2448 2640 ille
2503 2575 2686 2639 Iesus

309 2696 363 2733 ²⁰
398 2685 691 2750 sacerdos
758 2704 1029 2768 magnus
1093 2684 1271 2748 illius
1335 2684 1663 2767 temporis,
1732 2703 1854 2765 quo
1913 2684 2225 2764 templum
2283 2682 2684 2746 aedificatum

400 2794 499 2857 est
541 2795 689 2875 post
735 2791 1223 2874 captiuitatem?
1272 2810 1461 2872 quem
1506 2790 1813 2873 propheta
1853 2788 2183 2854 Zacharias
2235 2788 2399 2852 uidit
2443 2788 2504 2850 in
2555 2805 2686 2851 sor-

399 2896 543 2961 dido
608 2898 831 2961 habitu
898 2896 1274 2978 deuictoque
1342 2896 1620 2971 diabolo,
1687 2895 1795 2976 qui
1863 2895 1941 2959 ad
2008 2894 2144 2959 eius
2211 2892 2684 2958 accusationem

399 3005 626 3069 stabat.
675 3004 949 3067 ablatam
996 3002 1093 3067 illi
1153 3002 1473 3068 sordidam
1528 3006 1779 3067 uestem
1839 3007 1904 3067 et
1963 3002 2181 3065 datum
2241 3000 2682 3083 indumentum

398 3110 651 3175 honoris
682 3115 746 3175 et
774 3111 1048 3194 gloriae:
1090 3111 1259 3175 sicut
1297 3129 1523 3193 corpus
1560 3110 1710 3174 Iesu
1751 3109 2006 3185 Christi,
2048 3110 2218 3192 quod
2255 3111 2354 3173 est
2392 3107 2681 3173 ecclesia.

305 3227 360 3267 2⁵
399 3217 755 3283 aduersario
810 3218 875 3282 111
934 3219 1057 3282 fine
1112 3221 1468 3301 temporum
1524 3236 1638 3301 per
1691 3216 1999 3282 iudicium
2057 3217 2352 3299 superato
2411 3234 2446 3279 a
2499 3214 2684 3278 luctu

396 3324 919 3409 peregrinationis
956 3325 1017 3388 in
1060 3325 1325 3407 gloriam
1366 3324 1785 3407 sempiternae
1825 3324 2051 3389 salutis
2091 3322 2463 3387 adsumitur.
2517 3319 2686 3401 quod

576 3558 642 3612 12
691 3558 759 3613 cf.
806 3560 1001 3614 Matth.
1054 3560 1139 3624 13,
1186 3560 1247 3613 31
1301 3578 1379 3630 sq.
1530 3560 1594 3612 14
1646 3560 1712 3615 cf.
1749 3560 1898 3613 Hier.
1937 3560 2022 3618 29,
2062 3557 2130 3613 10
2167 3558 2293 3613 Esd.
2335 3559 2358 3612 1
2511 3556 2579 3609 24
2619 3556 2683 3609 cf.

396 3646 551 3701 Zach.
590 3648 623 3701 3

466 3790 499 3841 3
546 3790 782 3860 quietam
832 3790 903 3857 (ie
950 3806 993 3845 s.
1042 3791 1076 3847 l.
1122 3808 1190 3845 m.
1240 3792 1299 3857 2)
1341 3792 1390 3843 L
1538 3796 1593 3844 et
1641 3792 1704 3861 (s.
1755 3792 1788 3845 Ζ.
1837 3808 1906 3845 m.
1947 3793 2005 3858 2)
2045 3790 2098 3843 L
2241 3785 2588 3855 tranquillam
2629 3787 2686 3836 et

396 3879 631 3949 quietam
672 3880 715 3933 C
821 3880 857 3933 4
902 3873 1147 3949 caritate]
1197 3880 1447 3935 castitate
1496 3880 1543 3935 S
1646 3881 1680 3934 8
1728 3880 2139 3935 christianorum
2187 3876 2337 3933 LSG
2387 3876 2528 3943 Euy.
2580 3874 2681 3927 (ed.

393 3984 572 4041 Kncill
608 4004 670 4055 p.
720 3986 861 4055 276)
907 3987 968 4040 b.-
1014 3987 1425 4041 christianarum
1470 3986 1642 4041 PCM
1782 3990 1837 4041 et
1883 4004 1983 4040 om.
2035 3985 2235 4040 SGMb
2373 3986 2403 4037 9
2451 3966 2593 4052 horti
2644 3980 2691 4034 S

392 4074 577 4129 holera
632 4076 776 4129 CSG'
942 4076 1005 4129 13
1064 4076 1369 4145 hyeremiae
1419 4076 1463 4130 G
1609 4077 1673 4130 15
1729 4080 1854 4147 post
1913 4080 1986 4141 (st
2039 4078 2100 4128 in
2153 4092 2264 4129 ras,
2329 4092 2364 4125 a
2418 4090 2487 4128 m.
2545 4074 2602 4139 2)
2643 4072 2690 4125 S

392 4166 608 4235 posteas
663 4164 853 4219 uoluta
903 4164 971 4219 θ’
1157 4162 1435 4233 septinarii
1474 4166 1520 4219 S
1681 4167 1745 4220 16
1783 4164 2304 4235 numerirep&itione
2343 4164 2418 4233 (re
2455 4178 2498 4216 ε.
2544 4162 2600 4216 Ζ.)
2643 4160 2690 4213 S

400 4253 459 4306 17
506 4252 765 4325 ecclesiae
815 4253 860 4305 C
964 4252 1033 4307 ‘24
1071 4252 1297 4324 ecclesia
1335 4253 1379 4306 G
1484 4256 1552 4307 25
1594 4253 1899 4308 aduersario
1944 4258 1998 4322 (a
2035 4268 2134 4307 sec.
2173 4254 2236 4305 in
2269 4266 2393 4317 ra8;
2429 4251 2508 4303 rio
2547 4266 2613 4303 m.
2655 4254 2686 4301 1

394 4369 677 4437 superse-r.)
724 4368 771 4423 C
910 4376 1153 4439 tpromm
1202 4371 1225 4417 (
1228 4370 1246 4417 1'
