3159 4984
996 502 1081 556 VI.
1141 501 1432 556 Contra
1487 503 1853 556 Faustum
1910 503 2039 557 lib.
2094 503 2267 559 XXII.
2633 508 2762 571 659

471 698 872 781 euangelium
939 699 1230 764 diabolus
1294 699 1534 765 missus
1602 703 1749 766 est?
1816 699 1929 764 sed
1993 699 2200 764 adhuc
2264 699 2648 783 respondent
2703 703 2767 764 et

471 805 726 870 dicunt:
773 805 883 870 ille
929 808 1078 889 post
1122 807 1250 870 tale
1297 805 1542 871 facinus
1580 807 1809 888 laqueo
1848 824 1964 870 suo
2001 810 2373 889 peremptus
2414 810 2478 871 et
2514 810 2763 890 aposto·

467 912 674 976 lorum
721 931 982 976 numero
1033 915 1360 996 exemptus
1410 915 1545 989 est;
1594 914 1718 977 iste
1766 917 1980 978 autem
2026 915 2175 996 post
2220 913 2381 977 hanc
2426 914 2763 997 turpitudi-

467 1037 611 1082 nem
657 1019 823 1082 inter
867 1019 1091 1084 fratres
1141 1039 1292 1084 suos
1341 1020 1418 1082 ab
1466 1020 1578 1084 illo
1626 1023 1825 1102 patre,
1889 1020 1992 1083 cui
2046 1024 2177 1083 tam
2235 1039 2539 1104 magnum
2584 1021 2764 1086 testi-

405 1148 428 1182 s,
468 1125 751 1190 monium
798 1125 954 1189 deus
999 1125 1311 1208 perhibet,
1358 1127 1696 1210 praecipue
1742 1125 2116 1191 benedictus
2174 1130 2240 1191 et
2296 1145 2487 1210 supra
2542 1146 2760 1193 omnes

466 1231 761 1296 laudatus
803 1235 919 1296 est.
961 1232 1110 1314 quin
1138 1232 1336 1298 immo
1374 1233 1522 1297 hinc
1561 1233 1916 1316 expressius
1957 1233 2216 1317 adparet
2251 1254 2375 1299 non
2414 1233 2492 1297 ad
2528 1233 2760 1318 ipsum,

469 1337 581 1402 sed
628 1336 705 1401 ad
754 1336 1100 1416 Christum,
1151 1339 1259 1421 qui
1306 1359 1378 1403 ex
1425 1339 1562 1404 eius
1617 1339 1789 1403 tribu
1844 1339 2405 1422 praenuntiabatur
2456 1339 2521 1404 in
2579 1359 2762 1404 carne

465 1447 794 1520 uenturus,
840 1445 1020 1508 illam
1066 1445 1378 1529 pertinere
1423 1446 1844 1529 prophetiam,
1893 1448 1958 1510 et
1999 1447 2145 1511 ideo
2193 1447 2399 1532 magis
2445 1447 2761 1530 flagitium

466 1549 602 1614 eius
651 1550 866 1614 diuina
913 1550 1227 1634 scriptura
1270 1554 1480 1616 tacere
1528 1571 1653 1616 non
1702 1551 1943 1630 debuit,
2004 1553 2173 1618 sicut
2227 1571 2350 1616 non
2407 1553 2629 1628 tacuit,
2688 1558 2763 1616 ut

380 1679 430 1714 ιο
463 1657 526 1720 111
573 1658 786 1721 uerbis
833 1658 1033 1741 patris
1082 1659 1250 1736 eius,
1299 1657 1530 1741 quibus
1575 1663 1727 1742 post
1766 1659 1931 1723 illud
1978 1659 2253 1724 dedecus
2309 1660 2399 1724 ita
2445 1658 2758 1734 laudatur,

466 1764 614 1844 quia
656 1765 794 1848 ipse
839 1785 962 1830 non
1012 1766 1396 1848 agnoscitur,
1447 1767 1613 1832 alius
1660 1767 2032 1848 requiratur.

555 1872 659 1937 64.
719 1869 1114 1954 Quamquam
1165 1872 1444 1937 Faustus
1492 1873 1680 1938 dente
1727 1872 2037 1937 maledico
2085 1872 2205 1936 hoc
2252 1873 2465 1954 ipsum
2512 1871 2762 1937 intelle·

466 1981 652 2061 gatur
695 1977 980 2043 mordere
1027 1978 1336 2056 uoluisse,
1386 1979 1555 2060 quod
1606 1978 1899 2044 Christus
1948 1997 1986 2041 a
2030 1979 2213 2043 nobis
2277 1998 2348 2043 ex
2407 1978 2543 2043 eius
2590 1978 2761 2043 tribu

465 2085 716 2149 uenisse
782 2085 1202 2168 praedicatur,
1267 2085 1536 2150 maxime
1604 2085 1753 2167 quia
1812 2085 1877 2148 in
1944 2085 2455 2169 generationibus
2508 2087 2763 2168 patrum

377 2212 428 2250 1⁵
465 2191 624 2265 eiuS,
690 2210 848 2273 quas
903 2192 1269 2257 Matthaeus
1337 2192 1733 2277 euangelista
1797 2195 2271 2270 commemorat,
2339 2193 2530 2257 etiam
2588 2193 2761 2256 Zara.

465 2316 651 2378 quem
699 2297 972 2362 Thamar
1025 2298 1165 2382 ipsa
1220 2318 1293 2363 ex
1345 2299 1458 2364 illo
1517 2301 1829 2381 conceptu
1884 2299 2149 2381 peperit,
2206 2297 2548 2363 inuenitur.
2615 2317 2761 2363 nam

464 2403 530 2466 si.
575 2403 836 2485 stirpem
893 2404 1104 2482 Iacob,
1163 2424 1286 2470 11011
1345 2403 1585 2469 Christi
1639 2404 2111 2488 generationem
2166 2403 2369 2468 uellet
2432 2404 2760 2486 reprehen-

463 2509 629 2587 dere,
677 2509 954 2575 habebat
995 2511 1201 2594 magis
1245 2511 1646 2594 primitiuum
1684 2511 1929 2586 Ruben,
1990 2510 2097 2593 qui
2152 2513 2483 2592 paternum
2547 2513 2759 2574 torum

463 2615 698 2680 nefaria
744 2616 1007 2681 libidine
1053 2616 1363 2682 uiolauit:
1432 2617 1685 2699 qualem
1744 2617 2215 2682 fornicationem
2268 2616 2595 2698 apostolus
2644 2635 2760 2679 nec

373 2743 427 2781 20
460 2722 524 2786 in
563 2725 859 2808 gentibus
901 2724 1058 2788 dicit
1093 2723 1394 2788 auditam.
1445 2722 1614 2805 quod
1650 2724 1891 2788 factum
1931 2723 2124 2787 etiam
2160 2723 2297 2806 ipse
2334 2725 2514 2805 pater
2547 2722 2758 2787 Iacob.

460 2849 604 2893 cum
645 2849 752 2894 eos
788 2830 1212 2908 benediceret,
1253 2849 1444 2913 super
1482 2833 1673 2912 caput
1712 2831 1849 2894 eius
1889 2829 2242 2895 accusando
2283 2833 2349 2894 et
2385 2827 2755 2894 detestando

461 2955 582 3001 non
631 2937 852 3003 tacuit.
903 2936 1024 3001 hoc
1073 2956 1220 3020 ergo
1269 2937 1503 3001 crimen
1549 2936 1767 3018 potius
1804 2937 2084 3001 Faustus
2136 2936 2429 3014 obiceret,
2476 2935 2589 2999 ubi
2634 2954 2757 2999 non

461 3063 628 3108 error
675 3063 746 3106 ex
784 3043 1007 3108 habitu
1045 3042 1424 3116 meretricio,
1465 3042 1574 3108 sed
1616 3043 1869 3107 omnino
1908 3043 2271 3108 uoluntaria
2308 3041 2757 3108 contaminatio

454 3150 700 3233 paterni
766 3150 994 3216 lectuli
1059 3151 1338 3234 adparet,
1403 3149 1528 3215 nisi
1586 3155 1650 3214 et
1703 3151 1907 3233 ipsam
1962 3150 2237 3215 Thamar
2291 3152 2437 3234 plus
2497 3149 2757 3228 odisset,

373 3275 426 3312 25
460 3257 628 3338 quod
673 3257 786 3321 illo
837 3257 1177 3321 concubitu
1225 3256 1384 3320 nihil
1431 3256 1609 3321 aliud
1657 3275 1844 3338 quam
1892 3276 2106 3339 parere
2156 3260 2434 3340 cuperet,
2477 3276 2665 3340 quam
2703 3258 2758 3322 si

635 3468 664 3520 1
714 3466 780 3520 cf.
827 3465 1023 3520 Matth.
1076 3466 1159 3528 10,
1206 3465 1240 3518 2
1286 3482 1442 3536 sqq.;
1491 3465 1608 3520 Ioh.
1658 3467 1708 3530 6,
1757 3466 1823 3520 71
1873 3481 1953 3536 sq.
2133 3466 2165 3520 3
2225 3466 2291 3520 cf.
2337 3457 2550 3520 Matth.'
2585 3466 2670 3530 27,
2720 3467 2755 3518 ὁ

455 3558 488 3608 6
517 3555 582 3611 cf.
614 3554 748 3610 Gen.
777 3553 865 3620 49,
892 3555 928 3608 8
955 3571 1074 3624 sqq.
1188 3555 1253 3608 16
1282 3555 1348 3608 cf.
1376 3554 1574 3608 Matth.
1607 3555 1709 3619 133
1741 3554 1873 3608 Gen.
1905 3555 1993 3619 38,
2023 3553 2093 3608 30
2202 3555 2271 3610 19
2310 3554 2378 3608 cf.
2407 3554 2540 3609 Gen.
2570 3555 2659 3616 35,
2685 3555 2754 3606 22

455 3643 525 3698 20
561 3645 627 3698 cf.
664 3644 693 3697 I
732 3642 850 3698 Cor.
890 3644 940 3708 5,
983 3645 1008 3696 1
1122 3643 1192 3697 22
1229 3643 1295 3698 cf.
1335 3642 1468 3697 Gen.
1506 3643 1596 3708 49,
1635 3643 1667 3696 3
1707 3660 1785 3712 sq.

524 3793 558 3846 5
595 3810 756 3863 super
792 3794 824 3846 b
961 3793 993 3846 6
1033 3793 1329 3863 expressius
1371 3794 1410 3858 (i
1447 3809 1490 3846 8.
1531 3793 1589 3862 l.)
1630 3793 1678 3848 S
1799 3795 1829 3847 7
1867 3792 2319 3864 prenuntiabatur
2360 3792 2408 3846 0
2531 3791 2597 3846 10
2636 3792 2750 3845 eius

455 3883 622 3952 patris
687 3881 796 3936 ΒΘ
1049 3887 1179 3936 ante
1240 3881 1494 3935 laudatur
1559 3898 1661 3937 om.
1736 3883 1816 3937 ita
1872 3881 1985 3937 ΒΘ
2202 3883 2266 3936 11
2335 3899 2393 3953 q3
2444 3883 2534 3946 (m.
2600 3880 2634 3932 2
2696 3880 2751 3932 ia

451 3974 736 4040 superse-r.)
776 3971 824 4025 S
927 3973 1232 4041 requiratur
1269 3975 1346 4038 (rc
1374 3985 1509 4027 corr.
1541 3987 1607 4023 ex
1642 3969 1709 4024 de
1738 3987 1805 4024 m.
1837 3975 1887 4035 1)
1923 3971 1972 4024 0
2076 3972 2142 4024 14
2180 3968 2572 4040 generationib'
2606 3967 2678 4038 (b’
2706 3983 2750 4024 8.

455 4057 488 4111 l.
519 4059 650 4115 add.
677 4077 750 4115 m.
777 4061 832 4128 2)
863 4059 910 4114 S
1014 4061 1079 4112 15
1107 4058 1357 4112 matheus
1378 4057 1523 4113 SOL
1642 4059 1707 4112 17
1736 4061 2083 4130 generatione
2104 4059 2150 4114 S
2288 4056 2617 4127 rephendere
2647 4056 2756 4110 LO

455 4147 519 4200 18
573 4148 908 4218 primitiuum
965 4147 1081 4217 (alt.
1138 4164 1173 4200 u
1228 4161 1272 4201 3.
1331 4147 1388 4217 Ζ.)
1451 4149 1500 4203 0
1636 4148 1890 4203 thronum
1926 4147 2003 4202 L¹
2058 4152 2233 4202 torum
2278 4148 2326 4202 C'
2373 4147 2621 4199 thom-um
2673 4144 2751 4198 L²

453 4237 519 4290 19
545 4235 716 4291 nefari
757 4235 1014 4290 alibidine
1055 4236 1100 4288 0
1213 4238 1279 4290 21
1320 4241 1482 4307 caput
1523 4240 1570 4304 (t
1603 4253 1645 4291 8.
1686 4237 1721 4291 d
1760 4254 1827 4292 m.
1865 4242 1896 4290 1
1931 4241 2214 4306 superse-r.)
2261 4237 2308 4290 U
2431 4233 2749 4289 detestando

451 4325 539 4390 ((16
577 4339 622 4379 8.
663 4326 697 4380 Ζ.
739 4325 868 4381 acld.
911 4342 976 4380 m.
1015 4325 1069 4395 2)
1107 4325 1155 4379 S
1259 4325 1327 4379 23
1363 4327 1663 4380 meretritio
1702 4325 1826 4380 LM
1934 4327 2003 4379 25
2042 4324 2333 4379 concubitu
2374 4324 2428 4395 (b
2460 4341 2525 4379 ex
2551 4342 2584 4393 p
2614 4339 2749 4378 corr.

449 4430 516 4467 m.
555 4419 604 4482 1)
654 4413 702 4467 C

2538 4519 2639 4572 42*
