3159 4984
815 488 915 541 111.
957 486 1203 543 Contra
1239 488 1679 544 Fortunatum
1718 490 2119 559 disputatio.
2490 496 2575 557 99

277 680 596 744 licentiam
624 682 946 764 peccandi,
979 684 1150 765 quod
1189 684 1346 748 dicis
1383 684 1655 749 liberum
1694 684 2023 748 arbitrium
2066 684 2325 750 dedisse
2365 686 2575 765 deum,

277 804 614 851 consensor
668 787 793 851 iam
847 788 1292 855 inueniebatur
1347 790 1564 855 delicti
1620 790 1767 867 mei,
1826 810 1899 855 eo
1960 791 2128 872 quod
2187 791 2403 856 delicti
2450 793 2577 857 mei

276 896 494 958 auctor
530 898 722 971 esset,
758 899 870 959 aut
896 895 1191 979 ignorans
1223 897 1392 979 quod
1427 896 1684 961 futurus
1724 916 1929 961 essem
1971 896 2355 979 delinquere,
2385 918 2577 980 quem

271 998 402 1081 ipse
461 1019 586 1064 non
645 1019 714 1065 se
779 1000 1042 1085 dignum
1111 1002 1496 1067 institueret.
1566 1003 1688 1068 hoc
1746 1022 1894 1087 ergo
1950 1004 2345 1087 propositum
2395 1007 2497 1070 est
2540 1023 2577 1069 a

219 1130 240 1166 s
273 1124 388 1179 me,
432 1111 500 1169 et
535 1108 706 1189 quod
742 1107 1060 1192 interrogo
1102 1127 1290 1184 nunc,
1329 1113 1546 1173 utrum
1589 1110 1744 1175 deus
1773 1110 1944 1174 mala
1969 1110 2321 1176 instituerit
2355 1130 2573 1190 necne,

272 1214 332 1275 et
375 1216 596 1277 utrum
645 1214 782 1296 ipse
829 1214 1017 1278 finem
1066 1214 1378 1279 malorum
1425 1216 1796 1279 instituerit.
1847 1216 2080 1280 etenim
2129 1236 2287 1299 quae
2318 1217 2395 1280 ab
2431 1217 2572 1300 ipso

271 1318 538 1383 diximus
583 1319 754 1383 facta
801 1339 941 1384 esse
988 1324 1064 1384 ut
1109 1320 1333 1403 opifice
1375 1321 1512 1399 dec,
1552 1322 1651 1386 uti
1697 1322 1774 1386 ab
1822 1322 1963 1405 ipso
2004 1325 2213 1387 creata
2251 1326 2316 1387 et
2352 1323 2567 1407 genita

266 1426 764 1509 incorruptibilia
781 1426 1020 1503 haberi,
1041 1427 1140 1492 his
1162 1429 1351 1493 rebus
1385 1432 1450 1493 et
1479 1432 1659 1512 paret
1689 1432 1753 1493 et
1772 1428 1929 1493 fides
1952 1430 2322 1514 euangelica
2361 1430 2568 1495 docet.

270 1531 418 1596 haec
469 1552 586 1615 ego
637 1536 702 1596 et
743 1534 1070 1616 proposui,
1129 1554 1289 1616 quae
1349 1538 1505 1599 sunt
1552 1535 1951 1600 credulitatis
1998 1538 2249 1600 nostrae
2300 1538 2366 1599 et
2412 1556 2573 1618 quae

193 1666 238 1703 ιο
271 1656 304 1700 a
347 1643 412 1703 te
459 1642 734 1722 possunt
779 1639 844 1703 in
890 1640 1018 1704 ista
1061 1640 1458 1723 professione
1517 1644 1736 1705 nostra
1781 1641 2036 1718 firmari,
2082 1642 2175 1706 ita
2219 1645 2453 1719 tamen,
2499 1646 2575 1707 ut

271 1766 388 1811 non
459 1746 628 1811 desit
691 1746 1036 1811 auctoritas
1107 1746 1257 1811 fidei
1323 1748 1721 1813 christianae.
1791 1752 1856 1813 et
1910 1749 2059 1831 quia
2112 1750 2288 1813 nullo
2346 1769 2573 1834 genere

270 1856 436 1918 recte
481 1872 586 1916 me
634 1852 884 1916 credere
936 1853 1268 1917 ostendere
1314 1872 1603 1936 possum,
1662 1854 1787 1919 nisi
1832 1854 2095 1920 eandem
2142 1855 2331 1921 fidem
2380 1858 2574 1941 scrip-

267 1964 550 2023 turarum
616 1958 998 2024 auctoritate
1029 1988 1034 1993 ·
1063 1958 1469 2036 firmauerim‚
1525 1958 1593 2033 id
1649 1980 1796 2045 ergo
1846 1964 1965 2039 est,
2014 1960 2183 2044 quod
2228 1961 2571 2042 insinuaui‚

272 2064 434 2147 quod
482 2064 626 2128 dixi.
677 2068 790 2128 aut
835 2064 892 2129 si
937 2065 1106 2129 mala
1151 2066 1408 2129 auctore
1464 2065 1582 2130 deo
1638 2065 1705 2130 in
1761 2065 2071 2131 mundum
2126 2072 2573 2150 peruenerunt,

193 2197 236 2233 15
275 2172 392 2237 hoc
443 2173 582 2256 ipse
641 2172 846 2235 dicere
905 2170 1200 2254 dignare3
1267 2174 1380 2235 aut
1438 2172 1495 2236 si
1548 2176 1721 2237 recte
1780 2172 2058 2237 creditur
2109 2173 2281 2237 mala
2336 2194 2408 2238 ex
2456 2174 2571 2243 deo

271 2296 390 2342 non
439 2296 602 2352 esse,
651 2277 772 2341 hoc
821 2275 1013 2340 etiam
1057 2276 1490 2359 praesentium
1540 2278 1993 2361 contemplatio
2038 2278 2337 2361 prosequi
2386 2280 2575 2345 debet

275 2388 338 2446 et
372 2384 714 2466 suscipere.
757 2383 834 2447 de
873 2383 1252 2448 substantiis
1293 2383 1439 2460 dixi,
1477 2402 1605 2448 non
1642 2384 1721 2449 de
1758 2388 2039 2468 peccato,
2081 2385 2251 2466 quod
2286 2385 2352 2452 in
2389 2387 2572 2454 nobis

272 2494 578 2555 uersatur.
649 2490 706 2554 si
753 2489 918 2553 enim
969 2490 1276 2574 originem
1328 2509 1452 2555 non
1499 2490 1782 2567 haberet,
1840 2490 2009 2573 quod
2058 2492 2419 2575 cogitamus
2466 2494 2572 2559 de-

273 2597 422 2661 licta
447 2596 674 2673 facere,
703 2616 826 2661 non
858 2615 1228 2681 cogeremur
1261 2595 1339 2660 ad
1367 2600 1705 2680 peccatum
1738 2597 1955 2661 uenire
1983 2598 2093 2663 uel
2123 2598 2201 2661 ad
2240 2598 2567 2663 delictum.

195 2724 242 2763 no
277 2720 416 2767 nam
461 2704 610 2786 quia
655 2703 846 2767 inuiti
889 2721 1230 2786 peccamus
1283 2706 1349 2767 et
1395 2703 1685 2787 cogimur
1740 2722 1779 2766 a
1832 2704 2143 2769 contraria
2199 2708 2265 2769 et
2315 2704 2569 2771 inimica

273 2809 448 2875 nobis
477 2810 859 2884 substantia,
889 2808 1123 2874 idcirco
1155 2809 1488 2891 sequimur
1521 2809 1853 2874 scientiam
1881 2829 2111 2874 rerum.
2152 2828 2277 2893 qua
2304 2810 2570 2875 scientia

275 2915 586 2981 admonita
631 2916 840 2979 anima
887 2918 951 2979 et
993 2914 1332 2980 memoriae
1378 2914 1684 2998 pristinae
1727 2914 1977 2979 reddita
2012 2918 2447 2999 recognoscet,
2488 2935 2561 2981 ex

278 3040 394 3103 quo
429 3022 738 3106 originem
771 3022 1001 3099 trahat,
1029 3021 1094 3085 in
1125 3040 1248 3103 quo
1287 3022 1454 3085 malo
1493 3024 1808 3097 uersetur‚
1842 3021 2074 3103 quibus
2112 3021 2296 3085 bonis
2334 3022 2567 3085 iterum

279 3128 626 3204 emendans,
667 3128 836 3210 quod
884 3128 1104 3192 nolens
1149 3127 1464 3210 peccauit,
1501 3126 1713 3209 possit
1756 3145 1869 3209 per
1914 3126 2417 3190 emendationem
2464 3127 2567 3193 de-

343 3283 373 3336 2
401 3284 678 3338 consensio
707 3282 860 3338 ASP
897 3300 1182 3337 consensor
1214 3286 1260 3347 (r
1285 3285 1348 3337 in
1384 3286 1519 3350 ras.)
1551 3282 1607 3386 Β
1750 3282 1784 3335 3
1814 3282 1947 3352 quid
1973 3282 2063 3335 Ab
2200 3248 2477 3352 deliquere
2506 3281 2561 3337 A

279 3396 608 3468 delinqueret
643 3399 676 3451 b
783 3400 818 3451 4
854 3398 1189 3453 instituisset
1225 3397 1274 3453 S
1366 3399 1399 3451 5
1437 3355 1755 3453 institueret
1790 3397 1845 3450 Β
1999 3398 2174 3465 negne
2212 3398 2268 3450 A
2312 3414 2555 3453 necne—-

279 3485 563 3541 instituerit
579 3503 683 3542 om.
705 3486 752 3540 S
860 3487 893 3539 6
927 3486 1346 3556 quod—factum
1367 3486 1578 3541 ABSP
1686 3486 1717 3539 7
1756 3486 1836 3539 uti
1866 3485 2000 3539 ASb
2110 3486 2143 3539 8
2182 3490 2411 3557 apparet
2439 3485 2551 3539 13²b

281 3604 424 3669 paret
467 3601 561 3656 SP
732 3602 764 3656 9
810 3602 910 3655 hoc
959 3606 1010 3655 A
1176 3606 1301 3672 esgo
1353 3605 1399 3667 (r
1445 3616 1538 3656 er.)
1590 3602 1645 3655 Β
1816 3601 2151 3667 credelitatis
2215 3601 2272 3653 Β
2331 3600 2562 3656 crudeli-

281 3689 402 3742 tatis
441 3690 484 3744 S
658 3690 726 3744 10
782 3690 998 3744 formari
1037 3690 1067 3743 b
1287 3696 1350 3745 ut
1408 3693 1469 3759 (s.
1511 3691 1546 3745 Ζ.
1583 3708 1654 3745 m.
1694 3692 1753 3757 2)
1795 3690 1850 3743 Β
2035 3691 2099 3745 13
2154 3690 2232 3759 id]
2281 3689 2369 3744 ide
2409 3690 2566 3744 BSP

287 3818 400 3873 crgo
443 3804 528 3859 ide
575 3806 606 3859 b
768 3804 1040 3860 insinuaui
1089 3810 1173 3859 est
1220 3806 1252 3859 b
1401 3807 1466 3859 14
1515 3807 1631 3875 aut]
1675 3809 1741 3872 nt
1776 3805 1856 3857 Β·2
1894 3810 1959 3859 ut
1985 3805 2087 3859 AS
2210 3804 2411 3859 mundo
2451 3804 2561 3857 BA

287 3922 642 3990 peruenerunt]
689 3924 984 3990 paruerunt
1030 3920 1080 3973 A
1267 3922 1332 3975 15
1381 3920 1595 3975 credere
1643 3922 1697 3974 A
1744 3919 1889 3975 credi
1944 3920 2023 3973 Β·Ξ
2070 3919 2213 3973 credi
2250 3920 2306 3972 P
2360 3919 2477 3973 dico
2518 3918 2567 3973 S

286 4008 343 4061 16
376 4009 532 4063 etiam
568 4026 670 4064 om.
699 4008 754 4061 A
896 4008 1144 4079 persequi
1173 4008 1229 4062 P
1261 4010 1509 4079 presequi
1538 4010 1596 4063 Β
1702 4011 1768 4063 21
1810 4009 2005 4063 idcirco
2045 4024 2148 4063 om.
2184 4008 2230 4061 S
2370 4006 2552 4076 sequi-

283 4098 362 4149 tur
392 4098 442 4150 A
547 4098 616 4151 22
663 4099 844 4152 anima
887 4114 992 4152 om.
1031 4096 1079 4151 S
1259 4096 1495 4162 redditas
1545 4100 1596 4165 (e
1642 4098 1763 4151 uid.
1800 4102 1893 4164 er.)
1933 4096 1988 4149 Β
2035 4112 2137 4151 om.
2179 4095 2225 4149 S
2407 4110 2557 4149 reco-

285 4213 476 4279 gnoscit
501 4213 532 4267 b
559 4216 971 4283 recognosceret
997 4210 1165 4265 BAP
1234 4212 1303 4265 23
1332 4178 1579 4276 uersatur
1598 4212 1655 4264 Β
1728 4212 1796 4265 24
1820 4210 2133 4281 emendans]
2160 4208 2483 4265 remendans
2502 4210 2559 4262 A

284 4314 334 4351 se
365 4317 507 4355 mens
541 4300 675 4357 dans
713 4301 770 4355 P
801 4300 1052 4356 emendet
1089 4300 1136 4355 S
1237 4302 1482 4371 possitne
1519 4300 1621 4355 PS
1766 4299 2225 4355 remendationem
2274 4300 2328 4353 A
2368 4314 2553 4353 emen·-

285 4412 482 4470 datione
515 4382 1098 4471 PS⁹⁶ofmendationem
1140 4416 1256 4485 (per
1291 4432 1361 4469 m.
1399 4418 1440 4469 2
1478 4416 1638 4480 add.)
1679 4415 1734 4468 Β

2346 4518 2407 4570 7*
