3159 4984
484 443 613 504 366
1180 438 1231 489 S.
1289 438 1561 491 Aureli
1619 437 2048 506 Augustini

490 640 701 697 utrum
766 634 845 697 ad
912 618 1233 699 Christum
1299 633 1529 698 referas
1597 634 1826 709 omnia,
1893 636 2148 716 propter
2210 651 2399 715 quem
2464 651 2610 697 uere
2675 634 2766 697 sic

485 742 657 805 dicta
712 744 880 817 sunt,
949 760 1025 803 au
1091 742 1337 821 praeter
1398 741 1581 804 illum
1649 741 1968 821 quaslibet
2027 739 2420 804 coniecturas
2487 738 2770 821 quolibet

484 848 715 912 mentis
746 848 1035 913 acumine
1067 848 1483 930 persequaris,
1515 850 1947 930 quantumque
1985 848 2199 912 ualeat
2236 845 2404 928 quod
2443 846 2768 929 apostolus

486 956 612 1018 ait:
674 974 838 1019 cum
894 954 1297 1019 transieris
1354 954 1442 1018 ad
1502 954 1902 1030 dominum,
1963 954 2351 1019 auferetur
2404 954 2766 1017 uelamen.

486 1065 562 1124 ut
590 1061 758 1125 enim
790 1061 1087 1143 quiddam
1120 1060 1405 1125 eiusdem
1437 1060 1723 1126 Philonis
1753 1080 2262 1132 commemorem,
2293 1079 2501 1125 arcam
2543 1059 2770 1123 diluuii
2839 1080 2866 1117 ε.

487 1167 832 1232 secundum
872 1168 1181 1233 rationem
1218 1168 1481 1231 humani
1520 1168 1796 1250 corporis
1835 1167 2202 1231 fabricatam
2233 1167 2458 1231 uolens
2486 1164 2772 1248 intellegi

488 1278 813 1355 tamquam
857 1276 1257 1339 membratim
1309 1274 1518 1339 omnia
1561 1274 2004 1357 pertractabat.
2059 1274 2159 1338 cui
2191 1272 2620 1337 'subtilissime
2657 1292 2768 1336 nu·

488 1400 803 1447 merorum
867 1381 1057 1446 etiam
1122 1384 1375 1467 regulas
1442 1383 1802 1447 consulenti
1880 1384 2298 1465 congruenter
2362 1380 2774 1445 occurrebant

496 1487 723 1563 omnia,
765 1507 923 1569 quae
973 1488 1050 1551 ad
1097 1488 1595 1568 intellegendum
1636 1489 1956 1554 Christum
2007 1488 2165 1552 nihil
2209 1487 2582 1570 inpedirent,
2621 1505 2772 1567 quo-

488 1593 659 1657 niam
705 1594 769 1659 in
819 1615 1075 1678 corpore
1130 1596 1405 1660 humano
1464 1602 1656 1660 etiam
1711 1597 1819 1660 ille
1875 1596 2135 1660 humani
2191 1595 2436 1679 generis
2494 1594 2776 1677 saluator
2813 1610 2867 1649 ιο

490 1699 796 1783 adparuit,
845 1720 961 1765 nec
1005 1703 1215 1763 tamen
1266 1703 1581 1784 cogerent,
1642 1702 1790 1784 quia
1837 1720 2064 1785 corpus
2109 1700 2457 1765 humanum
2505 1702 2606 1765 est
2646 1699 2770 1764 uti-

491 1825 611 1887 que
670 1810 733 1869 et
790 1806 1119 1872 hominum
1176 1811 1549 1872 ceterorum.
1619 1812 1684 1872 at
1738 1809 1849 1873 ubi
1901 1812 2168 1873 uentum
2225 1810 2326 1872 est
2378 1807 2458 1871 ad
2513 1806 2770 1883 ostium,

490 1912 660 1993 quod
705 1914 769 1976 in
818 1932 995 1978 arcae
1041 1914 1237 1978 latere
1285 1914 1525 1978 factum
1581 1917 1699 1992 est,
1759 1914 1962 1980 omnis
2017 1914 2277 1979 humani
2332 1912 2571 1997 ingenii
2629 1931 2771 1978 con-

490 2015 731 2083 iectura
779 2020 1029 2085 defecit.
1098 2024 1171 2084 ut
1227 2024 1438 2085 tamen
1496 2022 1734 2105 aliquid
1793 2022 2047 2096 diceret,
2103 2022 2428 2086 inferiores
2494 2020 2772 2104 corporis

490 2130 721 2209 part-es,
790 2147 913 2209 qua
974 2130 1156 2193 urina
1220 2134 1285 2193 et
1346 2130 1535 2194 fimus
1601 2133 1958 2213 egeruntur,
2025 2130 2135 2195 illo
2201 2129 2364 2194 ostio
2430 2128 2770 2212 significari
2814 2141 2866 2181 1⁵

490 2252 689 2298 ausus
757 2239 856 2299 est
921 2235 1193 2311 credere,
1260 2256 1453 2301 ausus
1514 2241 1577 2301 et
1633 2237 1858 2311 dicere,
1917 2256 2112 2301 ausus
2169 2240 2235 2301 et
2289 2236 2581 2301 scribere.
2649 2255 2772 2300 non

488 2339 744 2415 mirum,
794 2342 849 2405 si
898 2341 1061 2408 ostio
1110 2362 1232 2407 non
1279 2344 1537 2408 inuento
1589 2344 1694 2409 sic·
1738 2345 1988 2410 errauit.
2041 2345 2266 2427 quodsi
2321 2343 2400 2407 ad
2448 2342 2772 2409 Christum

490 2446 847 2525 transisset,
896 2449 1105 2514 ablato
1152 2451 1469 2514 uelamine
1528 2454 1922 2515 sacramenta
1977 2452 2282 2517 ecclesiae
2336 2450 2657 2515 manantia
2702 2469 2774 2513 ex

498 2554 696 2619 latere
762 2556 1037 2621 hominis
1101 2558 1278 2623 illius
1342 2559 1718 2623 inuenisset.
1769 2579 1913 2623 nam
1978 2560 2127 2642 quia
2187 2558 2582 2641 praedictum
2639 2561 2773 2621 est:

492 2668 711 2725 erunt
748 2662 890 2728 duo
928 2663 1003 2727 in
1042 2683 1259 2729 carne
1297 2685 1457 2743 una,
1498 2670 1830 2749 propterea
1860 2669 1925 2730 et
1951 2668 2013 2729 in
2049 2685 2192 2731 arca
2220 2664 2528 2748 quaedam
2563 2658 2655 2727 ibi
2693 2663 2772 2727 ad
2811 2678 2870 2717 2⁰

494 2767 840 2845 Christum,
891 2772 1197 2852 quaedam
1247 2793 1397 2838 uero
1447 2774 1526 2837 ad
1573 2774 1910 2839 ecclesiam
1947 2774 2322 2849 referuntur,
2364 2772 2530 2855 quod
2568 2774 2776 2837 totum

494 2874 787 2943 Christus
857 2880 973 2942 est.
1044 2880 1137 2943 sic
1203 2884 1269 2944 et
1333 2880 1395 2944 in
1464 2882 1693 2946 ceteris
1749 2880 2374 2965 interpretationibus
2430 2879 2776 2962 figurarum

493 3001 604 3063 per
667 2984 1039 3050 uniuersum
1105 2990 1349 3051 textum
1418 2988 1670 3052 diuinae
1737 2988 2083 3070 scripturae
2155 2987 2309 3051 licet
2380 2986 2776 3050 considerare

495 3090 561 3151 et
608 3106 943 3171 conparare
994 3110 1219 3157 sensus
1268 3112 1505 3168 eorum,
1565 3093 1692 3176 qui⁴
1723 3093 2048 3157 Christum
2085 3092 2193 3184 ¹ibi
2247 3092 2649 3175 intellegunt,
2712 3095 2779 3155 et

496 3212 734 3271 eorum,
784 3198 892 3278 qui
939 3203 1186 3280 praeter
1233 3199 1551 3265 Christum
1605 3200 1683 3263 ad
1731 3200 1855 3263 alia
1901 3200 2220 3281 quaelibet
2275 3218 2348 3263 ea
2401 3199 2774 3281 detorquere
2817 3208 2872 3249 2⁵

493 3304 816 3367 conantur.

582 3409 685 3470 40.
734 3408 867 3473 Nec
904 3414 1131 3495 pagani
1170 3414 1347 3478 nobis
1384 3414 1448 3477 in
1488 3414 1608 3478 hoc
1646 3414 2054 3496 obstrepunt;
2095 3432 2297 3496 neque
2335 3414 2503 3477 enim
2542 3412 2778 3477 audent

670 3654 703 3705 4
740 3653 792 3707 Π
830 3652 947 3707 Cor.
988 3654 1037 3717 3,
1072 3654 1134 3706 16
1247 3654 1314 3707 19
1353 3652 1419 3706 cf.
1449 3652 1565 3707 Ioh.
1611 3654 1689 3719 19,
1729 3652 1798 3707 34
1906 3654 1974 3709 20
2012 3653 2146 3708 Gen.
2186 3654 2235 3717 2,
2275 3652 2345 3705 24

563 3820 596 3873 2
632 3822 863 3891 praeter]
900 3825 1119 3891 propter
1146 3822 1177 3875 b
1304 3825 1337 3876 4
1376 3821 1618 3875 aufertur
1649 3822 1847 3877 GSMb
1973 3824 2006 3875 5
2044 3821 2221 3876 filonis
2249 3823 2350 3876 LG
2491 3820 2702 3875 archam
2732 3820 2779 3873 C

494 3910 522 3960 7
572 3908 889 3962 menbratim
932 3909 977 3963 Ο
1127 3911 1211 3964 cui
1260 3911 1298 3981 (i
1343 3926 1387 3963 8.
1436 3910 1493 3979 l.)
1541 3914 1594 3966 L
1756 3911 2120 3965 subtilisseme
2159 3910 2220 3964 0¹
2387 3911 2548 3965 etiam
2586 3925 2774 3963 nume-

490 4014 665 4051 rorum
716 3998 761 4052 C
886 3999 951 4051 12
1001 3999 1077 4069 at]
1128 3998 1198 4053 ad
1244 4002 1295 4054 L
1436 3999 1676 4054 hostium
1726 3998 1770 4053 C
1895 4000 1960 4053 13
1999 4000 2156 4068 arche
2205 4000 2249 4053 C
2383 4000 2450 4052 15
2495 3998 2676 4052 hostio
2732 3998 2778 4051 C

493 4087 559 4140 16
610 4090 694 4141 est
750 4090 806 4141 et
866 4088 1041 4142 dicere
1097 4090 1148 4157 (e
1204 4104 1331 4157 eam..
1376 4090 1439 4141 in
1491 4090 1565 4155 L)
1623 4088 1777 4143 LGS
2006 4104 2168 4142 ausus
2216 4091 2300 4141 est
2346 4091 2402 4142 et
2456 4086 2684 4141 scribere
2733 4087 2784 4143 S

494 4178 559 4231 18
617 4182 947 4231 sacramenta
1002 4182 1083 4246 (ta
1136 4192 1203 4231 ex
1256 4182 1315 4231 to
1369 4180 1527 4245 corr.)
1580 4179 1678 4233 SG
1877 4178 2134 4249 ecclesiae
2199 4180 2244 4231 C
2439 4178 2508 4231 20
2573 4180 2630 4230 et
2697 4178 2774 4248 in]

491 4268 545 4319 in
584 4266 759 4320 SGM
942 4267 1100 4320 archa
1138 4268 1183 4323 0
1358 4268 1426 4320 22
1474 4268 1666 4339 ceteris
1714 4267 1759 4321 G
1933 4266 2469 4337 interpretationibus
2521 4266 2567 4319 0
2607 4268 2775 4319 iuter-

490 4357 905 4425 pra&ationibus
943 4358 993 4411 L
1102 4358 1171 4412 24
1209 4375 1311 4427 que
1350 4356 1409 4411 S*
1454 4372 1590 4427 quae
1636 4358 1687 4410 G
1792 4356 1861 4409 25
1897 4356 2128 4427 praeter]
2167 4358 2387 4426 propter
2423 4356 2455 4409 b
