<?xml version="1.0" encoding="UTF-8"?>
<!DOCTYPE html PUBLIC "-//W3C//DTD XHTML 1.0 Transitional//EN"
    "http://www.w3.org/TR/xhtml1/DTD/xhtml1-transitional.dtd">
<html xmlns="http://www.w3.org/1999/xhtml" xml:lang="en" lang="en">
 <head>
  <title>
</title>
<meta http-equiv="Content-Type" content="text/html;charset=utf-8" />
  <meta name='ocr-system' content='tesseract 3.04.00' />
  <meta name='ocr-capabilities' content='ocr_page ocr_carea ocr_par ocr_line ocrx_word'/>
</head>
<body>
  <div class='ocr_page' id='page_1' title='image "./corpusscriptoru27wissgoog_0462.png"; bbox 0 0 3159 4984; ppageno 0'>
   <div class='ocr_carea' id='block_1_1' title="bbox 480 470 2073 539">
    <p class='ocr_par' dir='ltr' id='par_1_1' title="bbox 480 470 2073 539">
     <span class='ocr_line' id='line_1_1' title="bbox 480 470 2073 539; baseline -0.011 -1"><span class='ocrx_word' id='word_1_1' title='bbox 480 474 611 537; x_wconf 84' lang='lat'>452</span> <span class='ocrx_word' id='word_1_2' title='bbox 1192 472 1245 526; x_wconf 81' lang='lat' dir='ltr'>S.</span> <span class='ocrx_word' id='word_1_3' title='bbox 1306 470 1579 523; x_wconf 79' lang='lat' dir='ltr'><strong>Aureli</strong></span> <span class='ocrx_word' id='word_1_4' title='bbox 1635 470 2073 539; x_wconf 75' lang='lat' dir='ltr'>Augustini</span> 
     </span>
    </p>
   </div>
   <div class='ocr_carea' id='block_1_2' title="bbox 426 660 2904 3413">
    <p class='ocr_par' dir='ltr' id='par_1_2' title="bbox 426 660 2904 3413">
     <span class='ocr_line' id='line_1_2' title="bbox 578 660 2790 738; baseline 0 -11"><span class='ocrx_word' id='word_1_5' title='bbox 578 666 680 728; x_wconf 87' lang='lat'>13.</span> <span class='ocrx_word' id='word_1_6' title='bbox 754 664 900 727; x_wconf 88' lang='lat' dir='ltr'>lllie</span> <span class='ocrx_word' id='word_1_7' title='bbox 959 665 1195 738; x_wconf 81' lang='lat' dir='ltr'>autem,</span> <span class='ocrx_word' id='word_1_8' title='bbox 1252 661 1365 725; x_wconf 91' lang='lat' dir='ltr'>ubi</span> <span class='ocrx_word' id='word_1_9' title='bbox 1424 660 1482 724; x_wconf 91' lang='lat' dir='ltr'>ei</span> <span class='ocrx_word' id='word_1_10' title='bbox 1538 660 1782 725; x_wconf 83' lang='lat' dir='ltr'>dictum</span> <span class='ocrx_word' id='word_1_11' title='bbox 1841 663 1941 725; x_wconf 89' lang='lat' dir='ltr'>est</span> <span class='ocrx_word' id='word_1_12' title='bbox 1996 679 2032 723; x_wconf 89' lang='lat' dir='ltr'>a</span> <span class='ocrx_word' id='word_1_13' title='bbox 2087 661 2381 726; x_wconf 87' lang='lat' dir='ltr'>Iudaeis:</span> <span class='ocrx_word' id='word_1_14' title='bbox 2449 666 2532 726; x_wconf 94' lang='lat' dir='ltr'>tu</span> <span class='ocrx_word' id='word_1_15' title='bbox 2581 664 2664 727; x_wconf 88' lang='lat' dir='ltr'>de</span> <span class='ocrx_word' id='word_1_16' title='bbox 2714 667 2790 727; x_wconf 90' lang='lat' dir='ltr'>te</span> 
     </span>
     <span class='ocr_line' id='line_1_3' title="bbox 482 768 2790 847; baseline -0.001 -12"><span class='ocrx_word' id='word_1_17' title='bbox 482 771 991 844; x_wconf 82' lang='lat' dir='ltr'>testificaris;</span> <span class='ocrx_word' id='word_1_18' title='bbox 1059 768 1589 834; x_wconf 87' lang='lat' dir='ltr'>testimonium</span> <span class='ocrx_word' id='word_1_19' title='bbox 1653 770 1865 831; x_wconf 90' lang='lat' dir='ltr'>tuum</span> <span class='ocrx_word' id='word_1_20' title='bbox 1931 786 2074 831; x_wconf 92' lang='lat' dir='ltr'>non</span> <span class='ocrx_word' id='word_1_21' title='bbox 2143 772 2261 833; x_wconf 90' lang='lat' dir='ltr'>est</span> <span class='ocrx_word' id='word_1_22' title='bbox 2315 788 2596 847; x_wconf 74' lang='lat' dir='ltr'>uerum,</span> <span class='ocrx_word' id='word_1_23' title='bbox 2661 789 2790 835; x_wconf 91' lang='lat' dir='ltr'>non</span> 
     </span>
     <span class='ocr_line' id='line_1_4' title="bbox 482 876 2790 960; baseline -0 -17"><span class='ocrx_word' id='word_1_24' title='bbox 482 879 717 943; x_wconf 88' lang='lat' dir='ltr'>mirum</span> <span class='ocrx_word' id='word_1_25' title='bbox 767 881 868 943; x_wconf 90' lang='lat' dir='ltr'>est</span> <span class='ocrx_word' id='word_1_26' title='bbox 912 897 1035 942; x_wconf 89' lang='lat' dir='ltr'>non</span> <span class='ocrx_word' id='word_1_27' title='bbox 1084 880 1148 941; x_wconf 94' lang='lat' dir='ltr'>te</span> <span class='ocrx_word' id='word_1_28' title='bbox 1194 876 1412 939; x_wconf 83' lang='lat' dir='ltr'>uidere</span> <span class='ocrx_word' id='word_1_29' title='bbox 1459 879 1875 960; x_wconf 85' lang='lat' dir='ltr'>prosecutum</span> <span class='ocrx_word' id='word_1_30' title='bbox 1933 895 2100 949; x_wconf 77' lang='lat' dir='ltr'>eum,</span> <span class='ocrx_word' id='word_1_31' title='bbox 2161 878 2236 939; x_wconf 87' lang='lat' dir='ltr'>ut</span> <span class='ocrx_word' id='word_1_32' title='bbox 2290 876 2530 941; x_wconf 81' lang='lat' dir='ltr'>diceret</span> <span class='ocrx_word' id='word_1_33' title='bbox 2584 878 2660 941; x_wconf 88' lang='lat' dir='ltr'>de</span> <span class='ocrx_word' id='word_1_34' title='bbox 2719 896 2790 942; x_wconf 89' lang='lat' dir='ltr'>se</span> 
     </span>
     <span class='ocr_line' id='line_1_5' title="bbox 487 981 2790 1071; baseline -0.001 -21"><span class='ocrx_word' id='word_1_35' title='bbox 487 987 907 1071; x_wconf 78' lang='lat' dir='ltr'>prophetasse</span> <span class='ocrx_word' id='word_1_36' title='bbox 952 986 1262 1068; x_wconf 80' lang='lat' dir='ltr'>Moysen3</span> <span class='ocrx_word' id='word_1_37' title='bbox 1327 1000 1451 1047; x_wconf 91' lang='lat' dir='ltr'>non</span> <span class='ocrx_word' id='word_1_38' title='bbox 1514 982 1678 1047; x_wconf 90' lang='lat' dir='ltr'>enim</span> <span class='ocrx_word' id='word_1_39' title='bbox 1737 981 1934 1046; x_wconf 88' lang='lat' dir='ltr'>habes</span> <span class='ocrx_word' id='word_1_40' title='bbox 1993 982 2170 1064; x_wconf 92' lang='lat' dir='ltr'>pium</span> <span class='ocrx_word' id='word_1_41' title='bbox 2221 984 2502 1065; x_wconf 88' lang='lat' dir='ltr'>oculum,</span> <span class='ocrx_word' id='word_1_42' title='bbox 2551 1003 2676 1066; x_wconf 90' lang='lat' dir='ltr'>quo</span> <span class='ocrx_word' id='word_1_43' title='bbox 2723 984 2790 1048; x_wconf 88' lang='lat' dir='ltr'>id</span> 
     </span>
     <span class='ocr_line' id='line_1_6' title="bbox 458 1080 2884 1177; baseline -0.003 -19"><span class='ocrx_word' id='word_1_44' title='bbox 458 1080 702 1177; x_wconf 44' lang='lat' dir='ltr'>&#39;possis</span> <span class='ocrx_word' id='word_1_45' title='bbox 740 1092 978 1156; x_wconf 88' lang='lat' dir='ltr'>uidere.</span> <span class='ocrx_word' id='word_1_46' title='bbox 1018 1110 1165 1154; x_wconf 90' lang='lat' dir='ltr'>nam</span> <span class='ocrx_word' id='word_1_47' title='bbox 1205 1108 1351 1154; x_wconf 83' lang='lat' dir='ltr'>eece</span> <span class='ocrx_word' id='word_1_48' title='bbox 1387 1089 1455 1152; x_wconf 88' lang='lat' dir='ltr'>id</span> <span class='ocrx_word' id='word_1_49' title='bbox 1491 1090 1727 1172; x_wconf 79' lang='lat' dir='ltr'>ipsum,</span> <span class='ocrx_word' id='word_1_50' title='bbox 1767 1088 1937 1171; x_wconf 88' lang='lat' dir='ltr'>quod</span> <span class='ocrx_word' id='word_1_51' title='bbox 1976 1088 2068 1154; x_wconf 88' lang='lat' dir='ltr'>eis</span> <span class='ocrx_word' id='word_1_52' title='bbox 2123 1091 2473 1171; x_wconf 73' lang='lat' dir='ltr'>respondit,</span> <span class='ocrx_word' id='word_1_53' title='bbox 2530 1110 2789 1173; x_wconf 82' lang='lat' dir='ltr'>nempe:</span> <span class='ocrx_word' id='word_1_54' title='bbox 2857 1114 2884 1151; x_wconf 83' lang='lat'><strong>5</strong></span> 
     </span>
     <span class='ocr_line' id='line_1_7' title="bbox 426 1196 2789 1283; baseline -0.001 -20"><span class='ocrx_word' id='word_1_55' title='bbox 426 1266 446 1274; x_wconf 22' lang='grc' dir='ltr'>ἦ</span> <span class='ocrx_word' id='word_1_56' title='bbox 483 1202 557 1265; x_wconf 91' lang='lat' dir='ltr'>in</span> <span class='ocrx_word' id='word_1_57' title='bbox 616 1201 784 1283; x_wconf 88' lang='lat' dir='ltr'>lege</span> <span class='ocrx_word' id='word_1_58' title='bbox 841 1201 1103 1263; x_wconf 86' lang='lat' dir='ltr'>uestra</span> <span class='ocrx_word' id='word_1_59' title='bbox 1159 1197 1527 1279; x_wconf 86' lang='lat' dir='ltr'>seriptum</span> <span class='ocrx_word' id='word_1_60' title='bbox 1589 1199 1732 1271; x_wconf 85' lang='lat' dir='ltr'>est,</span> <span class='ocrx_word' id='word_1_61' title='bbox 1792 1196 1968 1277; x_wconf 86' lang='lat' dir='ltr'>quia</span> <span class='ocrx_word' id='word_1_62' title='bbox 2026 1196 2339 1261; x_wconf 86' lang='lat' dir='ltr'>duorum</span> <span class='ocrx_word' id='word_1_63' title='bbox 2408 1197 2789 1263; x_wconf 88' lang='lat' dir='ltr'>hominum</span> 
     </span>
     <span class='ocr_line' id='line_1_8' title="bbox 485 1304 2788 1386; baseline -0.002 -15"><span class='ocrx_word' id='word_1_64' title='bbox 485 1306 1024 1371; x_wconf 87' lang='lat' dir='ltr'>testimonium</span> <span class='ocrx_word' id='word_1_65' title='bbox 1092 1322 1349 1367; x_wconf 88' lang='lat' dir='ltr'>uerum</span> <span class='ocrx_word' id='word_1_66' title='bbox 1418 1306 1554 1367; x_wconf 90' lang='lat' dir='ltr'>est.</span> <span class='ocrx_word' id='word_1_67' title='bbox 1626 1322 1761 1386; x_wconf 86' lang='lat' dir='ltr'>ego</span> <span class='ocrx_word' id='word_1_68' title='bbox 1820 1321 2006 1379; x_wconf 80' lang='lat' dir='ltr'>sum,</span> <span class='ocrx_word' id='word_1_69' title='bbox 2069 1304 2196 1385; x_wconf 90' lang='lat' dir='ltr'>qui</span> <span class='ocrx_word' id='word_1_70' title='bbox 2262 1304 2657 1370; x_wconf 83' lang='lat' dir='ltr'>testificor</span> <span class='ocrx_word' id='word_1_71' title='bbox 2703 1305 2788 1368; x_wconf 85' lang='lat' dir='ltr'>de</span> 
     </span>
     <span class='ocr_line' id='line_1_9' title="bbox 491 1409 2793 1493; baseline -0.002 -15"><span class='ocrx_word' id='word_1_72' title='bbox 491 1433 625 1489; x_wconf 82' lang='lat' dir='ltr'>me,</span> <span class='ocrx_word' id='word_1_73' title='bbox 693 1415 767 1477; x_wconf 90' lang='lat' dir='ltr'>et</span> <span class='ocrx_word' id='word_1_74' title='bbox 828 1410 1315 1475; x_wconf 75' lang='lat' dir='ltr'>testificatur</span> <span class='ocrx_word' id='word_1_75' title='bbox 1371 1410 1455 1473; x_wconf 88' lang='lat' dir='ltr'>de</span> <span class='ocrx_word' id='word_1_76' title='bbox 1510 1429 1644 1485; x_wconf 80' lang='lat' dir='ltr'>me,</span> <span class='ocrx_word' id='word_1_77' title='bbox 1706 1410 1828 1490; x_wconf 91' lang='lat' dir='ltr'>qui</span> <span class='ocrx_word' id='word_1_78' title='bbox 1887 1428 1997 1473; x_wconf 90' lang='lat' dir='ltr'>me</span> <span class='ocrx_word' id='word_1_79' title='bbox 2055 1410 2286 1477; x_wconf 84' lang='lat' dir='ltr'>misit.</span> <span class='ocrx_word' id='word_1_80' title='bbox 2344 1412 2578 1493; x_wconf 80' lang='lat' dir='ltr'>pater,</span> <span class='ocrx_word' id='word_1_81' title='bbox 2638 1409 2793 1492; x_wconf 88' lang='lat' dir='ltr'>quid</span> 
     </span>
     <span class='ocr_line' id='line_1_10' title="bbox 489 1515 2788 1601; baseline -0.002 -18"><span class='ocrx_word' id='word_1_82' title='bbox 489 1519 665 1584; x_wconf 85' lang='lat' dir='ltr'>aliud</span> <span class='ocrx_word' id='word_1_83' title='bbox 715 1522 901 1583; x_wconf 91' lang='lat' dir='ltr'>sonat</span> <span class='ocrx_word' id='word_1_84' title='bbox 944 1522 1114 1582; x_wconf 86' lang='lat' dir='ltr'>reete</span> <span class='ocrx_word' id='word_1_85' title='bbox 1157 1516 1690 1599; x_wconf 75' lang='lat' dir='ltr'>intellegentibus</span> <span class='ocrx_word' id='word_1_86' title='bbox 1736 1516 1860 1601; x_wconf 84' lang='lat' dir='ltr'>nisi</span> <span class='ocrx_word' id='word_1_87' title='bbox 1907 1515 2093 1579; x_wconf 88' lang='lat' dir='ltr'>illum</span> <span class='ocrx_word' id='word_1_88' title='bbox 2141 1516 2407 1580; x_wconf 87' lang='lat' dir='ltr'>testium</span> <span class='ocrx_word' id='word_1_89' title='bbox 2455 1536 2788 1581; x_wconf 90' lang='lat' dir='ltr'>numerum</span> 
     </span>
     <span class='ocr_line' id='line_1_11' title="bbox 488 1622 2892 1709; baseline -0.003 -19"><span class='ocrx_word' id='word_1_90' title='bbox 488 1627 554 1690; x_wconf 91' lang='lat' dir='ltr'>in</span> <span class='ocrx_word' id='word_1_91' title='bbox 603 1626 748 1709; x_wconf 89' lang='lat' dir='ltr'>lege</span> <span class='ocrx_word' id='word_1_92' title='bbox 794 1624 1164 1708; x_wconf 81' lang='lat' dir='ltr'>prophetico</span> <span class='ocrx_word' id='word_1_93' title='bbox 1224 1624 1452 1706; x_wconf 87' lang='lat' dir='ltr'>spiritu</span> <span class='ocrx_word' id='word_1_94' title='bbox 1510 1626 1950 1687; x_wconf 83' lang='lat' dir='ltr'>consecratum</span> <span class='ocrx_word' id='word_1_95' title='bbox 2008 1627 2074 1687; x_wconf 87' lang='lat' dir='ltr'>et</span> <span class='ocrx_word' id='word_1_96' title='bbox 2129 1622 2664 1697; x_wconf 77' lang='lat' dir='ltr'>commendatum,</span> <span class='ocrx_word' id='word_1_97' title='bbox 2721 1625 2796 1685; x_wconf 92' lang='lat' dir='ltr'>ut</span> <span class='ocrx_word' id='word_1_98' title='bbox 2835 1644 2892 1683; x_wconf 80' lang='grc' dir='ltr'>1ο</span> 
     </span>
     <span class='ocr_line' id='line_1_12' title="bbox 492 1718 2793 1813; baseline -0.002 -17"><span class='ocrx_word' id='word_1_99' title='bbox 492 1732 685 1797; x_wconf 86' lang='lat' dir='ltr'>etiam</span> <span class='ocrx_word' id='word_1_100' title='bbox 736 1731 829 1796; x_wconf 86' lang='lat' dir='ltr'>sio</span> <span class='ocrx_word' id='word_1_101' title='bbox 874 1718 1421 1813; x_wconf 82' lang='lat' dir='ltr'>praenuntiaretur</span> <span class='ocrx_word' id='word_1_102' title='bbox 1464 1730 1682 1793; x_wconf 86' lang='lat' dir='ltr'>futura</span> <span class='ocrx_word' id='word_1_103' title='bbox 1726 1730 2035 1794; x_wconf 83' lang='lat' dir='ltr'>reuelatio</span> <span class='ocrx_word' id='word_1_104' title='bbox 2084 1730 2287 1812; x_wconf 86' lang='lat' dir='ltr'>patris</span> <span class='ocrx_word' id='word_1_105' title='bbox 2337 1733 2403 1794; x_wconf 87' lang='lat' dir='ltr'>et</span> <span class='ocrx_word' id='word_1_106' title='bbox 2445 1730 2582 1805; x_wconf 80' lang='lat' dir='ltr'>filii,</span> <span class='ocrx_word' id='word_1_107' title='bbox 2641 1750 2793 1811; x_wconf 90' lang='lat' dir='ltr'>quo-</span> 
     </span>
     <span class='ocr_line' id='line_1_13' title="bbox 492 1836 2794 1921; baseline -0.002 -18"><span class='ocrx_word' id='word_1_108' title='bbox 492 1858 636 1903; x_wconf 88' lang='lat' dir='ltr'>rum</span> <span class='ocrx_word' id='word_1_109' title='bbox 680 1838 950 1921; x_wconf 87' lang='lat' dir='ltr'>spiritus</span> <span class='ocrx_word' id='word_1_110' title='bbox 1000 1842 1099 1901; x_wconf 91' lang='lat' dir='ltr'>est</span> <span class='ocrx_word' id='word_1_111' title='bbox 1144 1838 1208 1899; x_wconf 89' lang='lat' dir='ltr'>in</span> <span class='ocrx_word' id='word_1_112' title='bbox 1255 1836 1368 1900; x_wconf 89' lang='lat' dir='ltr'>illa</span> <span class='ocrx_word' id='word_1_113' title='bbox 1410 1836 1819 1919; x_wconf 84' lang='lat' dir='ltr'>inseparabili</span> <span class='ocrx_word' id='word_1_114' title='bbox 1857 1836 2140 1900; x_wconf 86' lang='lat' dir='ltr'>trinitate</span> <span class='ocrx_word' id='word_1_115' title='bbox 2179 1836 2442 1920; x_wconf 90' lang='lat' dir='ltr'>spiritus</span> <span class='ocrx_word' id='word_1_116' title='bbox 2483 1839 2794 1901; x_wconf 78' lang='lat' dir='ltr'>sanetus?</span> 
     </span>
     <span class='ocr_line' id='line_1_14' title="bbox 495 1943 2796 2026; baseline -0.001 -18"><span class='ocrx_word' id='word_1_117' title='bbox 495 1945 639 2010; x_wconf 85' lang='lat' dir='ltr'>ideo</span> <span class='ocrx_word' id='word_1_118' title='bbox 707 1944 1017 2026; x_wconf 83' lang='lat' dir='ltr'>seriptum</span> <span class='ocrx_word' id='word_1_119' title='bbox 1086 1947 1222 2008; x_wconf 87' lang='lat' dir='ltr'>est:</span> <span class='ocrx_word' id='word_1_120' title='bbox 1288 1944 1362 2006; x_wconf 93' lang='lat' dir='ltr'>in</span> <span class='ocrx_word' id='word_1_121' title='bbox 1429 1962 1551 2025; x_wconf 89' lang='lat' dir='ltr'>ore</span> <span class='ocrx_word' id='word_1_122' title='bbox 1620 1943 1928 2008; x_wconf 89' lang='lat' dir='ltr'>duorum</span> <span class='ocrx_word' id='word_1_123' title='bbox 1997 1945 2122 2007; x_wconf 92' lang='lat' dir='ltr'>uel</span> <span class='ocrx_word' id='word_1_124' title='bbox 2186 1944 2419 2007; x_wconf 86' lang='lat' dir='ltr'>trium</span> <span class='ocrx_word' id='word_1_125' title='bbox 2473 1944 2796 2009; x_wconf 89' lang='lat' dir='ltr'>testium</span> 
     </span>
     <span class='ocr_line' id='line_1_15' title="bbox 496 2048 2796 2133; baseline -0.001 -17"><span class='ocrx_word' id='word_1_126' title='bbox 496 2052 739 2117; x_wconf 86' lang='lat' dir='ltr'>stabit</span> <span class='ocrx_word' id='word_1_127' title='bbox 804 2070 1014 2115; x_wconf 89' lang='lat' dir='ltr'>omne</span> <span class='ocrx_word' id='word_1_128' title='bbox 1080 2052 1411 2114; x_wconf 87' lang='lat' dir='ltr'>uerbum.</span> <span class='ocrx_word' id='word_1_129' title='bbox 1478 2051 1760 2133; x_wconf 90' lang='lat' dir='ltr'>alioquin</span> <span class='ocrx_word' id='word_1_130' title='bbox 1820 2054 1885 2115; x_wconf 88' lang='lat' dir='ltr'>et</span> <span class='ocrx_word' id='word_1_131' title='bbox 1941 2048 2106 2115; x_wconf 88' lang='lat' dir='ltr'>unus</span> <span class='ocrx_word' id='word_1_132' title='bbox 2168 2050 2357 2115; x_wconf 88' lang='lat' dir='ltr'>testis</span> <span class='ocrx_word' id='word_1_133' title='bbox 2422 2051 2796 2133; x_wconf 89' lang='lat' dir='ltr'>plerumque</span> 
     </span>
     <span class='ocr_line' id='line_1_16' title="bbox 496 2157 2898 2241; baseline -0.001 -20"><span class='ocrx_word' id='word_1_134' title='bbox 496 2177 721 2223; x_wconf 90' lang='lat' dir='ltr'>uerum</span> <span class='ocrx_word' id='word_1_135' title='bbox 778 2158 937 2222; x_wconf 80' lang='lat' dir='ltr'>dicit</span> <span class='ocrx_word' id='word_1_136' title='bbox 992 2161 1056 2222; x_wconf 89' lang='lat' dir='ltr'>et</span> <span class='ocrx_word' id='word_1_137' title='bbox 1109 2158 1325 2241; x_wconf 91' lang='lat' dir='ltr'>plures</span> <span class='ocrx_word' id='word_1_138' title='bbox 1380 2157 1759 2239; x_wconf 86' lang='lat' dir='ltr'>plerumque</span> <span class='ocrx_word' id='word_1_139' title='bbox 1815 2158 2232 2232; x_wconf 86' lang='lat' dir='ltr'>mentiuntur,</span> <span class='ocrx_word' id='word_1_140' title='bbox 2279 2159 2621 2241; x_wconf 89' lang='lat' dir='ltr'>potiusque</span> <span class='ocrx_word' id='word_1_141' title='bbox 2671 2176 2798 2221; x_wconf 84' lang='lat' dir='ltr'>cre·</span> <span class='ocrx_word' id='word_1_142' title='bbox 2841 2180 2898 2219; x_wconf 75' lang='lat'>15</span> 
     </span>
     <span class='ocr_line' id='line_1_17' title="bbox 499 2256 2798 2349; baseline -0 -21"><span class='ocrx_word' id='word_1_143' title='bbox 499 2264 706 2328; x_wconf 85' lang='lat' dir='ltr'>ditum</span> <span class='ocrx_word' id='word_1_144' title='bbox 755 2268 854 2329; x_wconf 88' lang='lat' dir='ltr'>est</span> <span class='ocrx_word' id='word_1_145' title='bbox 896 2265 958 2329; x_wconf 91' lang='lat' dir='ltr'>in</span> <span class='ocrx_word' id='word_1_146' title='bbox 1010 2256 1259 2329; x_wconf 83' lang='lat' dir='ltr'>exordio</span> <span class='ocrx_word' id='word_1_147' title='bbox 1308 2265 1457 2329; x_wconf 88' lang='lat' dir='ltr'>fidei</span> <span class='ocrx_word' id='word_1_148' title='bbox 1506 2265 1793 2347; x_wconf 87' lang='lat' dir='ltr'>gentium</span> <span class='ocrx_word' id='word_1_149' title='bbox 1833 2266 1943 2328; x_wconf 91' lang='lat' dir='ltr'>uni</span> <span class='ocrx_word' id='word_1_150' title='bbox 1982 2265 2273 2349; x_wconf 88' lang='lat' dir='ltr'>apostolo</span> <span class='ocrx_word' id='word_1_151' title='bbox 2337 2264 2798 2349; x_wconf 81' lang='lat' dir='ltr'>euangelizanti</span> 
     </span>
     <span class='ocr_line' id='line_1_18' title="bbox 500 2370 2797 2454; baseline 0 -20"><span class='ocrx_word' id='word_1_152' title='bbox 500 2390 689 2453; x_wconf 91' lang='lat' dir='ltr'>quam</span> <span class='ocrx_word' id='word_1_153' title='bbox 736 2370 991 2454; x_wconf 91' lang='lat' dir='ltr'>populis</span> <span class='ocrx_word' id='word_1_154' title='bbox 1040 2371 1417 2440; x_wconf 85' lang='lat' dir='ltr'>errantibus,</span> <span class='ocrx_word' id='word_1_155' title='bbox 1477 2389 1514 2434; x_wconf 91' lang='lat' dir='ltr'>a</span> <span class='ocrx_word' id='word_1_156' title='bbox 1566 2372 1801 2452; x_wconf 88' lang='lat' dir='ltr'>quibus</span> <span class='ocrx_word' id='word_1_157' title='bbox 1857 2371 2368 2453; x_wconf 80' lang='lat' dir='ltr'>persecutionem</span> <span class='ocrx_word' id='word_1_158' title='bbox 2415 2370 2797 2453; x_wconf 87' lang='lat' dir='ltr'>patiebatur.</span> 
     </span>
     <span class='ocr_line' id='line_1_19' title="bbox 498 2477 2801 2565; baseline -0.001 -23"><span class='ocrx_word' id='word_1_159' title='bbox 498 2497 622 2542; x_wconf 89' lang='lat' dir='ltr'>non</span> <span class='ocrx_word' id='word_1_160' title='bbox 670 2477 868 2559; x_wconf 80' lang='lat' dir='ltr'>igitur</span> <span class='ocrx_word' id='word_1_161' title='bbox 910 2477 1147 2541; x_wconf 82' lang='lat' dir='ltr'>frustra</span> <span class='ocrx_word' id='word_1_162' title='bbox 1192 2477 1463 2558; x_wconf 88' lang='lat' dir='ltr'>quodam</span> <span class='ocrx_word' id='word_1_163' title='bbox 1512 2478 1700 2542; x_wconf 89' lang='lat' dir='ltr'>modo</span> <span class='ocrx_word' id='word_1_164' title='bbox 1750 2479 2158 2565; x_wconf 82' lang='lat' dir='ltr'>consecratus</span> <span class='ocrx_word' id='word_1_165' title='bbox 2199 2480 2300 2541; x_wconf 90' lang='lat' dir='ltr'>est</span> <span class='ocrx_word' id='word_1_166' title='bbox 2335 2478 2458 2541; x_wconf 87' lang='lat' dir='ltr'>iste</span> <span class='ocrx_word' id='word_1_167' title='bbox 2497 2496 2801 2541; x_wconf 88' lang='lat' dir='ltr'>numerus</span> 
     </span>
     <span class='ocr_line' id='line_1_20' title="bbox 500 2583 2802 2667; baseline -0.001 -19"><span class='ocrx_word' id='word_1_168' title='bbox 500 2584 787 2657; x_wconf 67' lang='lat' dir='ltr'>testium,</span> <span class='ocrx_word' id='word_1_169' title='bbox 839 2587 904 2648; x_wconf 87' lang='lat' dir='ltr'>et</span> <span class='ocrx_word' id='word_1_170' title='bbox 949 2603 1096 2648; x_wconf 88' lang='lat' dir='ltr'>eum</span> <span class='ocrx_word' id='word_1_171' title='bbox 1143 2584 1266 2648; x_wconf 91' lang='lat' dir='ltr'>hoo</span> <span class='ocrx_word' id='word_1_172' title='bbox 1314 2584 1611 2649; x_wconf 87' lang='lat' dir='ltr'>dominus</span> <span class='ocrx_word' id='word_1_173' title='bbox 1657 2584 2006 2667; x_wconf 84' lang='lat' dir='ltr'>respondit,</span> <span class='ocrx_word' id='word_1_174' title='bbox 2066 2603 2137 2647; x_wconf 93' lang='lat' dir='ltr'>eo</span> <span class='ocrx_word' id='word_1_175' title='bbox 2198 2603 2448 2666; x_wconf 91' lang='lat' dir='ltr'>quoque</span> <span class='ocrx_word' id='word_1_176' title='bbox 2506 2584 2646 2666; x_wconf 91' lang='lat' dir='ltr'>ipso</span> <span class='ocrx_word' id='word_1_177' title='bbox 2709 2583 2802 2646; x_wconf 89' lang='lat' dir='ltr'>in-</span> 
     </span>
     <span class='ocr_line' id='line_1_21' title="bbox 503 2689 2904 2773; baseline -0.001 -19"><span class='ocrx_word' id='word_1_178' title='bbox 503 2690 725 2773; x_wconf 86' lang='lat' dir='ltr'>tellegi</span> <span class='ocrx_word' id='word_1_179' title='bbox 772 2690 985 2754; x_wconf 92' lang='lat' dir='ltr'>uoluit</span> <span class='ocrx_word' id='word_1_180' title='bbox 1032 2690 1108 2754; x_wconf 90' lang='lat' dir='ltr'>de</span> <span class='ocrx_word' id='word_1_181' title='bbox 1158 2709 1225 2755; x_wconf 88' lang='lat' dir='ltr'>se</span> <span class='ocrx_word' id='word_1_182' title='bbox 1272 2690 1688 2773; x_wconf 84' lang='lat' dir='ltr'>prophetasse</span> <span class='ocrx_word' id='word_1_183' title='bbox 1733 2691 2020 2773; x_wconf 84' lang='lat' dir='ltr'>Moysen.</span> <span class='ocrx_word' id='word_1_184' title='bbox 2091 2710 2168 2754; x_wconf 87' lang='lat' dir='ltr'>an</span> <span class='ocrx_word' id='word_1_185' title='bbox 2225 2691 2388 2755; x_wconf 89' lang='lat' dir='ltr'>forte</span> <span class='ocrx_word' id='word_1_186' title='bbox 2434 2690 2582 2753; x_wconf 85' lang='lat' dir='ltr'>inde</span> <span class='ocrx_word' id='word_1_187' title='bbox 2631 2689 2802 2754; x_wconf 83' lang='lat' dir='ltr'>calu·</span> <span class='ocrx_word' id='word_1_188' title='bbox 2843 2712 2904 2751; x_wconf 67' lang='grc' dir='ltr'>ω</span> 
     </span>
     <span class='ocr_line' id='line_1_22' title="bbox 500 2797 2807 2881; baseline -0.001 -21"><span class='ocrx_word' id='word_1_189' title='bbox 500 2798 873 2873; x_wconf 82' lang='lat' dir='ltr'>mniamini‚-</span> <span class='ocrx_word' id='word_1_190' title='bbox 920 2798 1070 2880; x_wconf 86' lang='lat' dir='ltr'>quia</span> <span class='ocrx_word' id='word_1_191' title='bbox 1132 2818 1254 2862; x_wconf 91' lang='lat' dir='ltr'>non</span> <span class='ocrx_word' id='word_1_192' title='bbox 1312 2798 1421 2867; x_wconf 79' lang='lat' dir='ltr'>ait.</span> <span class='ocrx_word' id='word_1_193' title='bbox 1478 2797 1541 2861; x_wconf 89' lang='lat' dir='ltr'>in</span> <span class='ocrx_word' id='word_1_194' title='bbox 1597 2798 1742 2881; x_wconf 86' lang='lat' dir='ltr'>lege</span> <span class='ocrx_word' id='word_1_195' title='bbox 1801 2797 1923 2870; x_wconf 85' lang='lat' dir='ltr'>dei,</span> <span class='ocrx_word' id='word_1_196' title='bbox 1984 2797 2094 2861; x_wconf 87' lang='lat' dir='ltr'>sed</span> <span class='ocrx_word' id='word_1_197' title='bbox 2160 2798 2270 2873; x_wconf 83' lang='lat' dir='ltr'>¹‚in</span> <span class='ocrx_word' id='word_1_198' title='bbox 2327 2798 2495 2881; x_wconf 90' lang='lat' dir='ltr'>lege</span> <span class='ocrx_word' id='word_1_199' title='bbox 2544 2799 2807 2860; x_wconf 88' lang='lat' dir='ltr'>uestra</span> 
     </span>
     <span class='ocr_line' id='line_1_23' title="bbox 503 2903 2806 2987; baseline 0 -20"><span class='ocrx_word' id='word_1_200' title='bbox 503 2904 869 2986; x_wconf 89' lang='lat' dir='ltr'>seriptum</span> <span class='ocrx_word' id='word_1_201' title='bbox 923 2907 1117 2968; x_wconf 83' lang='lat' dir='ltr'>est?‘·</span> <span class='ocrx_word' id='word_1_202' title='bbox 1190 2904 1301 2968; x_wconf 91' lang='lat' dir='ltr'>ubi</span> <span class='ocrx_word' id='word_1_203' title='bbox 1356 2904 1663 2968; x_wconf 85' lang='lat' dir='ltr'>usitatam</span> <span class='ocrx_word' id='word_1_204' title='bbox 1717 2904 2109 2969; x_wconf 82' lang='lat' dir='ltr'>locutionem</span> <span class='ocrx_word' id='word_1_205' title='bbox 2158 2904 2614 2987; x_wconf 84' lang='lat' dir='ltr'>scripturarum</span> <span class='ocrx_word' id='word_1_206' title='bbox 2659 2903 2806 2985; x_wconf 87' lang='lat' dir='ltr'>quis</span> 
     </span>
     <span class='ocr_line' id='line_1_24' title="bbox 502 3010 2810 3094; baseline 0 -22"><span class='ocrx_word' id='word_1_207' title='bbox 502 3028 626 3074; x_wconf 91' lang='lat' dir='ltr'>non</span> <span class='ocrx_word' id='word_1_208' title='bbox 678 3013 1037 3093; x_wconf 81' lang='lat' dir='ltr'>agnoscat?</span> <span class='ocrx_word' id='word_1_209' title='bbox 1084 3011 1158 3074; x_wconf 90' lang='lat' dir='ltr'>in</span> <span class='ocrx_word' id='word_1_210' title='bbox 1204 3010 1372 3094; x_wconf 82' lang='lat' dir='ltr'>lege</span> <span class='ocrx_word' id='word_1_211' title='bbox 1421 3015 1683 3075; x_wconf 81' lang='lat' dir='ltr'>uestra.</span> <span class='ocrx_word' id='word_1_212' title='bbox 1731 3011 1915 3087; x_wconf 79' lang='lat' dir='ltr'>enim,</span> <span class='ocrx_word' id='word_1_213' title='bbox 1967 3011 2142 3089; x_wconf 76' lang='lat' dir='ltr'>dixit,</span> <span class='ocrx_word' id='word_1_214' title='bbox 2191 3011 2378 3076; x_wconf 88' lang='lat' dir='ltr'>uobis</span> <span class='ocrx_word' id='word_1_215' title='bbox 2429 3011 2596 3080; x_wconf 79' lang='lat' dir='ltr'>data,</span> <span class='ocrx_word' id='word_1_216' title='bbox 2637 3010 2810 3075; x_wconf 87' lang='lat' dir='ltr'>sieut</span> 
     </span>
     <span class='ocr_line' id='line_1_25' title="bbox 504 3115 2808 3201; baseline 0.001 -22"><span class='ocrx_word' id='word_1_217' title='bbox 504 3115 662 3179; x_wconf 84' lang='lat' dir='ltr'>dicit</span> <span class='ocrx_word' id='word_1_218' title='bbox 726 3117 1055 3198; x_wconf 88' lang='lat' dir='ltr'>apostolus</span> <span class='ocrx_word' id='word_1_219' title='bbox 1125 3117 1528 3201; x_wconf 85' lang='lat' dir='ltr'>euangelium</span> <span class='ocrx_word' id='word_1_220' title='bbox 1591 3137 1800 3195; x_wconf 82' lang='lat' dir='ltr'>suum,</span> <span class='ocrx_word' id='word_1_221' title='bbox 1861 3118 2029 3200; x_wconf 85' lang='lat' dir='ltr'>quod</span> <span class='ocrx_word' id='word_1_222' title='bbox 2086 3137 2153 3183; x_wconf 91' lang='lat' dir='ltr'>se</span> <span class='ocrx_word' id='word_1_223' title='bbox 2209 3122 2424 3183; x_wconf 89' lang='lat' dir='ltr'>tamen</span> <span class='ocrx_word' id='word_1_224' title='bbox 2483 3117 2808 3199; x_wconf 81' lang='lat' dir='ltr'>accepisse</span> 
     </span>
     <span class='ocr_line' id='line_1_26' title="bbox 502 3222 2904 3306; baseline 0 -21"><span class='ocrx_word' id='word_1_225' title='bbox 502 3224 803 3291; x_wconf 80' lang='lat' dir='ltr'>testatur.</span> <span class='ocrx_word' id='word_1_226' title='bbox 862 3239 985 3286; x_wconf 91' lang='lat' dir='ltr'>non</span> <span class='ocrx_word' id='word_1_227' title='bbox 1044 3224 1121 3286; x_wconf 87' lang='lat' dir='ltr'>ab</span> <span class='ocrx_word' id='word_1_228' title='bbox 1179 3222 1453 3299; x_wconf 85' lang='lat' dir='ltr'>homine,</span> <span class='ocrx_word' id='word_1_229' title='bbox 1512 3223 1621 3286; x_wconf 89' lang='lat' dir='ltr'>sed</span> <span class='ocrx_word' id='word_1_230' title='bbox 1677 3242 1790 3306; x_wconf 91' lang='lat' dir='ltr'>per</span> <span class='ocrx_word' id='word_1_231' title='bbox 1842 3224 2301 3289; x_wconf 89' lang='lat' dir='ltr'>reuelationem</span> <span class='ocrx_word' id='word_1_232' title='bbox 2348 3224 2498 3288; x_wconf 91' lang='lat' dir='ltr'>Iesu</span> <span class='ocrx_word' id='word_1_233' title='bbox 2546 3222 2808 3288; x_wconf 89' lang='lat' dir='ltr'>Christi.</span> <span class='ocrx_word' id='word_1_234' title='bbox 2845 3246 2904 3285; x_wconf 77' lang='lat'>25</span> 
     </span>
     <span class='ocr_line' id='line_1_27' title="bbox 512 3327 2812 3413; baseline 0 -22"><span class='ocrx_word' id='word_1_235' title='bbox 512 3346 589 3391; x_wconf 87' lang='lat' dir='ltr'>an</span> <span class='ocrx_word' id='word_1_236' title='bbox 640 3332 704 3391; x_wconf 92' lang='lat' dir='ltr'>et</span> <span class='ocrx_word' id='word_1_237' title='bbox 753 3327 1075 3393; x_wconf 87' lang='lat' dir='ltr'>Christum</span> <span class='ocrx_word' id='word_1_238' title='bbox 1125 3328 1337 3393; x_wconf 83' lang='lat' dir='ltr'>dicitis</span> <span class='ocrx_word' id='word_1_239' title='bbox 1384 3348 1651 3411; x_wconf 84' lang='lat' dir='ltr'>negasse</span> <span class='ocrx_word' id='word_1_240' title='bbox 1701 3350 1768 3394; x_wconf 91' lang='lat' dir='ltr'>se</span> <span class='ocrx_word' id='word_1_241' title='bbox 1815 3329 2044 3394; x_wconf 88' lang='lat' dir='ltr'>habere</span> <span class='ocrx_word' id='word_1_242' title='bbox 2099 3334 2344 3413; x_wconf 88' lang='lat' dir='ltr'>patrem</span> <span class='ocrx_word' id='word_1_243' title='bbox 2401 3329 2614 3395; x_wconf 85' lang='lat' dir='ltr'>deum.</span> <span class='ocrx_word' id='word_1_244' title='bbox 2649 3330 2812 3393; x_wconf 76' lang='lat' dir='ltr'>ubi-</span> 
     </span>
    </p>
   </div>
   <div class='ocr_carea' id='block_1_3' title="bbox 689 3562 2806 3645">
    <p class='ocr_par' dir='ltr' id='par_1_3' title="bbox 689 3562 2806 3645">
     <span class='ocr_line' id='line_1_28' title="bbox 689 3562 2806 3645; baseline 0 -19"><span class='ocrx_word' id='word_1_245' title='bbox 689 3576 716 3626; x_wconf 89' lang='lat'>1</span> <span class='ocrx_word' id='word_1_246' title='bbox 758 3574 872 3627; x_wconf 86' lang='lat' dir='ltr'>Ioh.</span> <span class='ocrx_word' id='word_1_247' title='bbox 914 3578 963 3639; x_wconf 80' lang='grc'>3,</span> <span class='ocrx_word' id='word_1_248' title='bbox 1008 3576 1069 3627; x_wconf 87' lang='grc'>13</span> <span class='ocrx_word' id='word_1_249' title='bbox 1108 3592 1226 3645; x_wconf 76' lang='lat' dir='ltr'>sqq.</span> <span class='ocrx_word' id='word_1_250' title='bbox 1337 3576 1403 3627; x_wconf 88' lang='lat'>13</span> <span class='ocrx_word' id='word_1_251' title='bbox 1442 3574 1606 3628; x_wconf 78' lang='lat' dir='ltr'>nent.</span> <span class='ocrx_word' id='word_1_252' title='bbox 1653 3576 1732 3637; x_wconf 84' lang='lat'>19,</span> <span class='ocrx_word' id='word_1_253' title='bbox 1777 3576 1840 3627; x_wconf 88' lang='lat'>15</span> <span class='ocrx_word' id='word_1_254' title='bbox 1951 3576 2020 3627; x_wconf 83' lang='lat'>23</span> <span class='ocrx_word' id='word_1_255' title='bbox 2059 3575 2110 3628; x_wconf 85' lang='lat' dir='ltr'>u</span> <span class='ocrx_word' id='word_1_256' title='bbox 2149 3574 2284 3628; x_wconf 79' lang='lat' dir='ltr'>Tim.</span> <span class='ocrx_word' id='word_1_257' title='bbox 2327 3562 2378 3639; x_wconf 73' lang='lat'>‘2‚&#39;</span> <span class='ocrx_word' id='word_1_258' title='bbox 2407 3576 2475 3639; x_wconf 80' lang='grc'>3;</span> <span class='ocrx_word' id='word_1_259' title='bbox 2507 3573 2626 3629; x_wconf 80' lang='lat' dir='ltr'>Gal.</span> <span class='ocrx_word' id='word_1_260' title='bbox 2662 3578 2709 3629; x_wconf 92' lang='lat'>1.</span> <span class='ocrx_word' id='word_1_261' title='bbox 2743 3574 2806 3627; x_wconf 90' lang='lat'>11</span> 
     </span>
    </p>
   </div>
   <div class='ocr_carea' id='block_1_4' title="bbox 510 3739 2820 3989">
    <p class='ocr_par' dir='ltr' id='par_1_4' title="bbox 510 3739 2820 3989">
     <span class='ocr_line' id='line_1_29' title="bbox 584 3739 2820 3813; baseline 0 -22"><span class='ocrx_word' id='word_1_262' title='bbox 584 3742 607 3791; x_wconf 92' lang='lat' dir='ltr'>l</span> <span class='ocrx_word' id='word_1_263' title='bbox 650 3739 701 3792; x_wconf 85' lang='lat' dir='ltr'>ei</span> <span class='ocrx_word' id='word_1_264' title='bbox 737 3740 799 3809; x_wconf 83' lang='lat' dir='ltr'>(s.</span> <span class='ocrx_word' id='word_1_265' title='bbox 841 3740 898 3805; x_wconf 81' lang='lat' dir='ltr'>l.)</span> <span class='ocrx_word' id='word_1_266' title='bbox 934 3740 981 3794; x_wconf 81' lang='lat'><em>0</em></span> <span class='ocrx_word' id='word_1_267' title='bbox 1120 3740 1294 3795; x_wconf 86' lang='lat' dir='ltr'>iudeis</span> <span class='ocrx_word' id='word_1_268' title='bbox 1328 3741 1375 3793; x_wconf 88' lang='lat' dir='ltr'>C&#39;</span> <span class='ocrx_word' id='word_1_269' title='bbox 1480 3744 1513 3793; x_wconf 83' lang='lat'>4</span> <span class='ocrx_word' id='word_1_270' title='bbox 1554 3758 1660 3809; x_wconf 87' lang='lat' dir='ltr'>quo</span> <span class='ocrx_word' id='word_1_271' title='bbox 1701 3741 1758 3812; x_wconf 84' lang='lat' dir='ltr'>(d</span> <span class='ocrx_word' id='word_1_272' title='bbox 1785 3747 1877 3809; x_wconf 80' lang='lat' dir='ltr'>er.)</span> <span class='ocrx_word' id='word_1_273' title='bbox 1911 3742 1962 3795; x_wconf 89' lang='lat' dir='ltr'><em>L</em></span> <span class='ocrx_word' id='word_1_274' title='bbox 2071 3744 2104 3795; x_wconf 84' lang='lat'>5</span> <span class='ocrx_word' id='word_1_275' title='bbox 2140 3742 2317 3813; x_wconf 88' lang='lat' dir='ltr'>possit</span> <span class='ocrx_word' id='word_1_276' title='bbox 2345 3742 2514 3795; x_wconf 84' lang='lat' dir='ltr'>L¹M²</span> <span class='ocrx_word' id='word_1_277' title='bbox 2543 3757 2731 3811; x_wconf 80' lang='lat' dir='ltr'>posses</span> <span class='ocrx_word' id='word_1_278' title='bbox 2768 3739 2820 3792; x_wconf 80' lang='lat' dir='ltr'><strong><em>G</em></strong></span> 
     </span>
     <span class='ocr_line' id='line_1_30' title="bbox 510 3828 2820 3901; baseline 0 -20"><span class='ocrx_word' id='word_1_279' title='bbox 510 3831 541 3881; x_wconf 89' lang='lat'>6</span> <span class='ocrx_word' id='word_1_280' title='bbox 581 3828 805 3882; x_wconf 81' lang='lat' dir='ltr'>dvorum</span> <span class='ocrx_word' id='word_1_281' title='bbox 844 3829 899 3898; x_wconf 85' lang='lat' dir='ltr'>(v</span> <span class='ocrx_word' id='word_1_282' title='bbox 935 3846 1057 3897; x_wconf 80' lang='lat' dir='ltr'>sup.</span> <span class='ocrx_word' id='word_1_283' title='bbox 1096 3848 1125 3883; x_wconf 91' lang='lat' dir='ltr'>o</span> <span class='ocrx_word' id='word_1_284' title='bbox 1163 3846 1426 3898; x_wconf 80' lang='lat' dir='ltr'>superscr.</span> <span class='ocrx_word' id='word_1_285' title='bbox 1463 3847 1533 3883; x_wconf 88' lang='lat' dir='ltr'>m.</span> <span class='ocrx_word' id='word_1_286' title='bbox 1576 3832 1628 3895; x_wconf 86' lang='lat'>1)</span> <span class='ocrx_word' id='word_1_287' title='bbox 1667 3830 1720 3882; x_wconf 88' lang='lat' dir='ltr'><strong><em>L</em></strong></span> <span class='ocrx_word' id='word_1_288' title='bbox 1862 3830 2140 3885; x_wconf 87' lang='lat' dir='ltr'>hominum</span> <span class='ocrx_word' id='word_1_289' title='bbox 2191 3832 2230 3901; x_wconf 90' lang='lat' dir='ltr'>(i</span> <span class='ocrx_word' id='word_1_290' title='bbox 2273 3848 2317 3885; x_wconf 79' lang='lat'>8.</span> <span class='ocrx_word' id='word_1_291' title='bbox 2369 3832 2405 3885; x_wconf 79' lang='lat' dir='ltr'>l.</span> <span class='ocrx_word' id='word_1_292' title='bbox 2454 3848 2492 3885; x_wconf 87' lang='lat' dir='ltr'>a</span> <span class='ocrx_word' id='word_1_293' title='bbox 2537 3848 2607 3883; x_wconf 86' lang='lat' dir='ltr'>m.</span> <span class='ocrx_word' id='word_1_294' title='bbox 2656 3832 2710 3895; x_wconf 92' lang='lat'>1)</span> <span class='ocrx_word' id='word_1_295' title='bbox 2769 3830 2820 3882; x_wconf 82' lang='lat' dir='ltr'><strong><em>G</em></strong></span> 
     </span>
     <span class='ocr_line' id='line_1_31' title="bbox 510 3917 2810 3989; baseline -0 -17"><span class='ocrx_word' id='word_1_296' title='bbox 510 3934 611 3972; x_wconf 80' lang='lat' dir='ltr'>om.</span> <span class='ocrx_word' id='word_1_297' title='bbox 681 3917 712 3969; x_wconf 85' lang='lat' dir='ltr'><strong><em>b</em></strong></span> <span class='ocrx_word' id='word_1_298' title='bbox 938 3920 970 3970; x_wconf 84' lang='lat'>9</span> <span class='ocrx_word' id='word_1_299' title='bbox 1026 3924 1158 3987; x_wconf 76' lang='lat' dir='ltr'>post</span> <span class='ocrx_word' id='word_1_300' title='bbox 1218 3923 1363 3973; x_wconf 86' lang='lat' dir='ltr'>recte</span> <span class='ocrx_word' id='word_1_301' title='bbox 1426 3934 1540 3972; x_wconf 75' lang='lat' dir='ltr'>ras,</span> <span class='ocrx_word' id='word_1_302' title='bbox 1606 3923 1637 3971; x_wconf 89' lang='lat'><strong><em>1</em></strong></span> <span class='ocrx_word' id='word_1_303' title='bbox 1698 3919 1892 3972; x_wconf 80' lang='lat' dir='ltr'>uocab.</span> <span class='ocrx_word' id='word_1_304' title='bbox 1950 3918 2002 3971; x_wconf 87' lang='lat' dir='ltr'><strong><em>L</em></strong></span> <span class='ocrx_word' id='word_1_305' title='bbox 2219 3919 2667 3989; x_wconf 85' lang='lat' dir='ltr'>intellegentibus</span> <span class='ocrx_word' id='word_1_306' title='bbox 2741 3918 2810 3971; x_wconf 87' lang='lat' dir='ltr'>L¹</span> 
     </span>
    </p>
   </div>
   <div class='ocr_carea' id='block_1_5' title="bbox 508 4021 2822 4461">
    <p class='ocr_par' dir='ltr' id='par_1_5' title="bbox 508 4021 2822 4461">
     <span class='ocr_line' id='line_1_32' title="bbox 508 4021 2822 4105; baseline 0 -20"><span class='ocrx_word' id='word_1_307' title='bbox 508 4034 881 4100; x_wconf 74' lang='lat' dir='ltr'>testimonium</span> <span class='ocrx_word' id='word_1_308' title='bbox 908 4041 995 4096; x_wconf 86' lang='lat' dir='ltr'>(m.</span> <span class='ocrx_word' id='word_1_309' title='bbox 1016 4036 1055 4086; x_wconf 78' lang='lat'><strong><em>2</em></strong></span> <span class='ocrx_word' id='word_1_310' title='bbox 1075 4032 1212 4101; x_wconf 63' lang='lat' dir='ltr'>‹ea-p.)</span> <span class='ocrx_word' id='word_1_311' title='bbox 1235 4033 1286 4086; x_wconf 90' lang='lat' dir='ltr'><strong><em>L</em></strong></span> <span class='ocrx_word' id='word_1_312' title='bbox 1359 4034 1425 4086; x_wconf 81' lang='lat'>12</span> <span class='ocrx_word' id='word_1_313' title='bbox 1447 4021 1604 4103; x_wconf 55' lang='lat' dir='ltr'>&amp;s-p’s</span> <span class='ocrx_word' id='word_1_314' title='bbox 1635 4032 1682 4087; x_wconf 78' lang='lat' dir='ltr'><strong><em>S</em></strong></span> <span class='ocrx_word' id='word_1_315' title='bbox 1757 4022 1842 4088; x_wconf 57' lang='lat' dir='ltr'>{oi</span> <span class='ocrx_word' id='word_1_316' title='bbox 1861 4034 1947 4087; x_wconf 88' lang='lat' dir='ltr'>Lb</span> <span class='ocrx_word' id='word_1_317' title='bbox 2033 4034 2096 4086; x_wconf 86' lang='lat'>13</span> <span class='ocrx_word' id='word_1_318' title='bbox 2114 4033 2310 4104; x_wconf 86' lang='lat' dir='ltr'>ideoq:</span> <span class='ocrx_word' id='word_1_319' title='bbox 2343 4036 2602 4105; x_wconf 85' lang='lat' dir='ltr'>scriptum</span> <span class='ocrx_word' id='word_1_320' title='bbox 2631 4038 2716 4097; x_wconf 74' lang='lat' dir='ltr'>est</span> <span class='ocrx_word' id='word_1_321' title='bbox 2770 4032 2822 4086; x_wconf 79' lang='grc' dir='ltr'><em>Ο</em></span> 
     </span>
     <span class='ocr_line' id='line_1_33' title="bbox 516 4120 2813 4193; baseline 0 -18"><span class='ocrx_word' id='word_1_322' title='bbox 516 4124 581 4175; x_wconf 92' lang='grc'><strong>16</strong></span> <span class='ocrx_word' id='word_1_323' title='bbox 622 4122 1059 4191; x_wconf 76' lang='lat' dir='ltr'>euuangelizanti</span> <span class='ocrx_word' id='word_1_324' title='bbox 1104 4120 1151 4175; x_wconf 78' lang='lat' dir='ltr'><em>G</em></span> <span class='ocrx_word' id='word_1_325' title='bbox 1294 4123 1359 4174; x_wconf 88' lang='grc'><strong>17</strong></span> <span class='ocrx_word' id='word_1_326' title='bbox 1388 4128 1520 4190; x_wconf 78' lang='lat' dir='ltr'>post</span> <span class='ocrx_word' id='word_1_327' title='bbox 1558 4122 1754 4191; x_wconf 89' lang='lat' dir='ltr'>quibus</span> <span class='ocrx_word' id='word_1_328' title='bbox 1791 4123 1919 4175; x_wconf 79' lang='lat' dir='ltr'>hab.</span> <span class='ocrx_word' id='word_1_329' title='bbox 1957 4122 2073 4193; x_wconf 86' lang='lat' dir='ltr'>ipse</span> <span class='ocrx_word' id='word_1_330' title='bbox 2111 4122 2282 4177; x_wconf 72' lang='lat' dir='ltr'>SMG</span> <span class='ocrx_word' id='word_1_331' title='bbox 2426 4122 2742 4193; x_wconf 70' lang='lat' dir='ltr'>patiebatur</span> <span class='ocrx_word' id='word_1_332' title='bbox 2779 4124 2813 4175; x_wconf 80' lang='lat' dir='ltr'>b</span> 
     </span>
     <span class='ocr_line' id='line_1_34' title="bbox 517 4210 2822 4283; baseline 0.001 -21"><span class='ocrx_word' id='word_1_333' title='bbox 517 4211 582 4263; x_wconf 88' lang='lat'>19</span> <span class='ocrx_word' id='word_1_334' title='bbox 612 4211 857 4280; x_wconf 86' lang='lat' dir='ltr'>intellegi</span> <span class='ocrx_word' id='word_1_335' title='bbox 886 4211 959 4263; x_wconf 90' lang='lat' dir='ltr'>L¹</span> <span class='ocrx_word' id='word_1_336' title='bbox 1072 4211 1141 4263; x_wconf 84' lang='lat'>20</span> <span class='ocrx_word' id='word_1_337' title='bbox 1170 4210 1608 4281; x_wconf 82' lang='lat' dir='ltr'>calumpniamini</span> <span class='ocrx_word' id='word_1_338' title='bbox 1644 4211 1693 4264; x_wconf 81' lang='grc' dir='ltr'><em>Ο</em></span> <span class='ocrx_word' id='word_1_339' title='bbox 1804 4212 1868 4265; x_wconf 83' lang='grc'>21</span> <span class='ocrx_word' id='word_1_340' title='bbox 1901 4212 1988 4265; x_wconf 78' lang='lat' dir='ltr'>dni</span> <span class='ocrx_word' id='word_1_341' title='bbox 2019 4210 2191 4267; x_wconf 75' lang='lat' dir='ltr'>SMG</span> <span class='ocrx_word' id='word_1_342' title='bbox 2333 4212 2456 4283; x_wconf 85' lang='lat' dir='ltr'>lege</span> <span class='ocrx_word' id='word_1_343' title='bbox 2487 4213 2576 4283; x_wconf 88' lang='lat' dir='ltr'>(ge</span> <span class='ocrx_word' id='word_1_344' title='bbox 2604 4228 2648 4266; x_wconf 80' lang='grc' dir='ltr'>ε.</span> <span class='ocrx_word' id='word_1_345' title='bbox 2675 4214 2734 4281; x_wconf 87' lang='lat'>1.)</span> <span class='ocrx_word' id='word_1_346' title='bbox 2770 4211 2822 4265; x_wconf 77' lang='lat'><em>0</em></span> 
     </span>
     <span class='ocr_line' id='line_1_35' title="bbox 516 4298 2822 4372; baseline 0.001 -21"><span class='ocrx_word' id='word_1_347' title='bbox 516 4300 584 4351; x_wconf 79' lang='lat'>22</span> <span class='ocrx_word' id='word_1_348' title='bbox 614 4298 709 4352; x_wconf 85' lang='lat' dir='ltr'>ubi</span> <span class='ocrx_word' id='word_1_349' title='bbox 729 4316 829 4353; x_wconf 82' lang='lat' dir='ltr'>om.</span> <span class='ocrx_word' id='word_1_350' title='bbox 858 4300 905 4353; x_wconf 83' lang='grc' dir='ltr'><em>Ο</em></span> <span class='ocrx_word' id='word_1_351' title='bbox 1010 4300 1077 4352; x_wconf 71' lang='grc'>23</span> <span class='ocrx_word' id='word_1_352' title='bbox 1098 4301 1153 4352; x_wconf 89' lang='lat' dir='ltr'>in</span> <span class='ocrx_word' id='word_1_353' title='bbox 1184 4316 1285 4353; x_wconf 87' lang='lat' dir='ltr'>om.</span> <span class='ocrx_word' id='word_1_354' title='bbox 1315 4298 1529 4354; x_wconf 77' lang='lat' dir='ltr'><strong><em>OSMG</em></strong></span> <span class='ocrx_word' id='word_1_355' title='bbox 1677 4301 1818 4354; x_wconf 90' lang='lat' dir='ltr'>enim</span> <span class='ocrx_word' id='word_1_356' title='bbox 1855 4304 2038 4355; x_wconf 83' lang='lat' dir='ltr'>uestra</span> <span class='ocrx_word' id='word_1_357' title='bbox 2077 4301 2154 4354; x_wconf 64' lang='lat' dir='ltr'>Cb</span> <span class='ocrx_word' id='word_1_358' title='bbox 2264 4304 2332 4355; x_wconf 79' lang='lat'>‘24</span> <span class='ocrx_word' id='word_1_359' title='bbox 2363 4302 2744 4372; x_wconf 81' lang='lat' dir='ltr'>euuangelium</span> <span class='ocrx_word' id='word_1_360' title='bbox 2771 4301 2822 4354; x_wconf 79' lang='lat' dir='ltr'><strong><em>G</em></strong></span> 
     </span>
     <span class='ocr_line' id='line_1_36' title="bbox 515 4387 2522 4461; baseline 0.001 -22"><span class='ocrx_word' id='word_1_361' title='bbox 515 4387 584 4439; x_wconf 76' lang='grc'>26</span> <span class='ocrx_word' id='word_1_362' title='bbox 624 4388 815 4441; x_wconf 63' lang='lat' dir='ltr'>divetis</span> <span class='ocrx_word' id='word_1_363' title='bbox 862 4388 1045 4441; x_wconf 66' lang='grc' dir='ltr'>(ΙΜΡι</span> <span class='ocrx_word' id='word_1_364' title='bbox 1194 4406 1249 4442; x_wconf 82' lang='lat' dir='ltr'>se</span> <span class='ocrx_word' id='word_1_365' title='bbox 1287 4406 1388 4443; x_wconf 85' lang='lat' dir='ltr'>om.</span> <span class='ocrx_word' id='word_1_366' title='bbox 1428 4389 1738 4443; x_wconf 72' lang='lat' dir='ltr'><strong><em>LOSGMh</em></strong></span> <span class='ocrx_word' id='word_1_367' title='bbox 1885 4390 2042 4443; x_wconf 78' lang='lat' dir='ltr'>&lt;lenm</span> <span class='ocrx_word' id='word_1_368' title='bbox 2081 4392 2236 4461; x_wconf 79' lang='lat' dir='ltr'>(add.</span> <span class='ocrx_word' id='word_1_369' title='bbox 2273 4408 2339 4445; x_wconf 85' lang='lat' dir='ltr'>m.</span> <span class='ocrx_word' id='word_1_370' title='bbox 2383 4391 2436 4451; x_wconf 69' lang='lat'>2)</span> <span class='ocrx_word' id='word_1_371' title='bbox 2477 4390 2522 4443; x_wconf 74' lang='lat' dir='ltr'><strong><em>S</em></strong></span> 
     </span>
    </p>
   </div>
  </div>
 </body>
</html>
