3159 4984
487 468 618 531 214
1171 466 1222 519 S.
1280 466 1556 520 Aureli
1614 465 2048 533 Augustini

489 660 652 724 culis
701 663 838 724 tota
883 664 1136 743 praesto
1185 664 1304 736 est,
1353 680 1499 725 cum
1547 662 1683 725 tota
1721 660 1916 724 sentit
1950 659 2013 723 in
2053 658 2363 742 singuli83
2412 676 2527 722 nec
2564 656 2768 720 minor

487 785 634 849 pars
684 766 819 831 eius
865 767 930 831 in
982 766 1181 851 digito
1231 771 1330 832 est
1376 771 1441 831 et
1484 768 1687 833 maior
1729 767 1791 830 in
1830 765 2108 835 brachio,
2148 765 2488 847 sicutipse
2527 763 2767 847 digitus

488 873 744 937 brachio
793 872 1000 937 minor
1046 876 1163 950 est,
1214 874 1326 938 sed
1371 873 1607 956 ubique
1645 876 1821 936 tant-a
1858 874 1979 940 est.
2020 872 2169 954 quia
2204 868 2437 953 ubique
2476 871 2613 934 tota
2649 872 2765 931 est.

492 998 639 1044 cum
686 979 849 1044 enim
901 980 1188 1064 tangitur
1232 980 1491 1064 digitus.
1550 998 1672 1043 non
1729 998 1841 1062 per
1894 981 2102 1042 tot-um
2160 996 2387 1059 corpus
2444 974 2659 1051 sentit,
2708 978 2773 1037 et

491 1088 704 1151 tamen
764 1090 900 1150 tota
961 1087 1172 1155 sentit.
1241 1090 1437 1151 totam
1504 1084 1673 1149 enim
1728 1088 1943 1150 tactus
1994 1085 2107 1149 ille
2162 1104 2286 1150 non
2342 1084 2536 1157 latet;
2603 1080 2771 1165 quod
2835 1104 2860 1140 ³

490 1212 614 1257 non
663 1193 860 1259 fieret.
910 1194 1035 1259 nisi
1081 1196 1218 1258 tota
1273 1198 1523 1276 praesto
1583 1196 1772 1258 esset.
1840 1212 1951 1257 nec
2011 1192 2103 1257 sic
2157 1194 2295 1257 tota
2344 1192 2595 1274 praesto
2653 1192 2771 1258 est,

490 1318 634 1363 cum
682 1299 968 1383 tangitur
1017 1299 1258 1383 digitus
1306 1302 1370 1364 et
1415 1301 1615 1364 sentit
1657 1300 1721 1364 in
1770 1300 1994 1383 digito.
2052 1303 2124 1362 ut
2182 1303 2464 1363 ceterum
2526 1296 2777 1361 deserat

491 1426 717 1489 corpus
768 1410 833 1470 et
879 1426 1020 1471 sese
1070 1407 1148 1470 ad
1191 1426 1390 1470 unum
1444 1406 1632 1471 illum
1686 1407 1920 1471 locum.
1978 1406 2043 1470 in
2101 1425 2225 1488 quo
2284 1404 2499 1479 sentit,
2560 1402 2771 1485 adglo-

490 1516 709 1577 meret.
778 1512 892 1577 sed
941 1532 1086 1577 cum
1135 1516 1272 1577 tota
1328 1512 1525 1577 sentit
1577 1512 1641 1577 in
1701 1514 1898 1598 digito
1954 1532 2202 1589 manus,
2261 1512 2316 1576 si
2371 1494 2536 1576 alius
2591 1511 2774 1573 locus

495 1622 797 1702 tangatur
858 1620 922 1683 in
989 1618 1168 1701 pede.
1225 1638 1342 1684 nec
1396 1619 1486 1684 ibi
1545 1620 1779 1684 desinit
1830 1623 1966 1684 tota
2022 1618 2274 1683 sentire.
2342 1621 2531 1699 atque
2577 1617 2668 1679 ita
2712 1616 2777 1678 in
2818 1641 2871 1677 ιο

495 1724 766 1808 singulis
799 1724 1186 1789 distant-ibus
1221 1725 1386 1790 locis
1423 1728 1558 1791 tota
1599 1727 1791 1791 simul
1828 1726 2027 1793 adest.
2068 1745 2188 1790 non
2225 1743 2423 1788 unum
2462 1723 2779 1787 deserens.

495 1835 570 1895 ut
614 1832 676 1895 in
725 1834 922 1896 altero
980 1836 1116 1896 tota
1177 1834 1280 1902 sit„
1339 1852 1540 1915 neque
1605 1834 1697 1896 ita
1760 1837 2099 1914 utrumque
2164 1835 2406 1905 tenens,
2464 1833 2535 1893 ut
2591 1828 2780 1893 aliam

499 1944 744 2021 partem
793 1939 895 2003 hic
943 1939 1175 2005 habeat
1229 1943 1294 2004 et
1349 1940 1502 2003 alibi
1558 1940 1768 2005 aliam.
1826 1938 1938 2003 sed
1996 1938 2317 2003 sufficiens
2376 1936 2665 2001 exhibere
2712 1954 2781 2000 se

496 2042 767 2126 singulis
824 2044 983 2109 locis
1042 2046 1235 2109 simul
1291 2048 1514 2121 totam,
1573 2046 1870 2129 quoniam
1928 2047 2065 2110 tota
2118 2045 2314 2110 sentit
2364 2044 2427 2107 in
2488 2042 2781 2136 singulis⁹

493 2150 650 2213 satis
700 2150 977 2215 ostendit
1024 2171 1089 2215 se
1136 2153 1422 2218 locorum
1471 2153 1697 2236 spatiis
1746 2172 1867 2216 non
1914 2152 2131 2216 teneri.
2826 2170 2879 2207 1⁵

583 2258 682 2321 17.
755 2254 972 2335 Quid?
1026 2258 1079 2322 si
1130 2258 1268 2323 eius
1315 2260 1687 2323 memoriam
1745 2260 2103 2343 cogitemus
2161 2278 2283 2324 non
2338 2276 2545 2321 rerum
2599 2256 2784 2321 intel-

487 2362 868 2446 legibilium,
931 2363 1042 2427 sed
1107 2364 1331 2430 harum
1388 2383 1851 2448 corporearum.
1910 2383 2098 2446 quam
2157 2368 2221 2429 et
2265 2364 2508 2429 bestiae
2554 2364 2785 2428 habere

493 2470 860 2534 sentiuntur
923 2508 1012 2516 —
1077 2490 1219 2535 nam
1291 2475 1355 2535 et
1419 2492 1532 2555 per
1596 2471 1735 2536 loca
1802 2476 1951 2535 nota
2026 2470 2159 2535 sine
2240 2490 2441 2534 errore
2503 2470 2786 2535 iumenta

489 2580 762 2660 pergunt
809 2580 872 2641 et
921 2578 1158 2643 cubilia
1208 2598 1322 2643 sua
1371 2578 1619 2643 bestiae
1667 2581 1981 2661 repetunt.
2032 2581 2096 2642 et
2142 2596 2329 2642 canes
2387 2576 2787 2641 dominorum

491 2701 750 2747 suorum
817 2703 1076 2767 corpora
1139 2688 1601 2769 recognoscunt
1666 2688 1729 2748 et
1793 2683 2175 2749 dormientes
2239 2685 2609 2767 plerumque
2675 2684 2777 2747 in,
2808 2702 2867 2739 2⁰

491 2792 894 2854 murmurant
950 2794 1014 2854 et
1069 2791 1130 2854 in
1189 2791 1492 2855 latratum
1551 2789 1887 2873 aliquando
1948 2794 2304 2873 erumpunt.
2374 2790 2541 2873 quod
2610 2791 2784 2855 nullo

489 2896 678 2960 modo
727 2901 1010 2980 possent.
1057 2898 1182 2962 nisi
1226 2898 1292 2962 in
1343 2916 1562 2963 eorum
1610 2899 1911 2963 memoria
1959 2897 2241 2961 uisarum
2280 2918 2489 2961 rerum
2528 2898 2635 2961 uel
2674 2914 2788 2980 per

495 3020 722 3085 corpus
763 3007 1113 3087 utcumque
1153 3024 1479 3069 sensarum
1517 3012 1921 3070 uersarentur
1956 3006 2266 3087 imagines
2296 3042 2381 3051 -—
2412 3005 2553 3087 quis
2593 3004 2786 3087 digne

495 3108 752 3191 cogitet,
801 3111 912 3175 ubi
962 3111 1291 3194 capiantur
1344 3111 1508 3176 istae
1563 3112 1895 3196 imagines
1952 3112 2061 3176 ubi
2122 3114 2457 3195 gestentur
2512 3111 2619 3174 uel
2678 3110 2784 3177 ubi

494 3212 892 3282 formentur?
961 3218 1014 3281 si
1080 3218 1246 3281 enim
1304 3238 1424 3282 non
1481 3224 1745 3301 possent
1804 3238 1941 3282 esse
2007 3218 2277 3282 maiores
2343 3236 2531 3298 quam
2588 3211 2783 3280 nostri
2826 3230 2879 3269 ι’»

497 3324 774 3403 corporis
823 3324 1146 3406 quantitas
1193 3327 1456 3391 teneret.
1517 3324 1753 3389 diceret
1812 3324 2041 3407 aliquis
2098 3324 2263 3389 intra
2319 3322 2456 3405 ipsa
2504 3324 2607 3386 sui
2654 3340 2787 3386 cor-

493 3427 663 3511 poris
712 3431 936 3514 spatia.
978 3431 1210 3513 quibus
1260 3434 1324 3496 et
1366 3432 1481 3496 illa
1528 3432 1947 3497 concluditur.
1996 3431 2109 3495 has
2155 3430 2465 3514 imagines
2514 3431 2783 3493 animam

497 3538 765 3620 figurare
835 3538 1024 3619 atque
1093 3556 1363 3604 seruare.
1439 3558 1607 3603 nunc
1670 3557 1822 3603 uero
1902 3557 2043 3603 cum
2118 3538 2521 3621 perexiguam
2586 3539 2785 3599 terrae

493 3646 736 3725 partem
805 3647 1075 3728 occupet
1140 3664 1388 3727 corpus,
1464 3646 1893 3710 inmensamm
1966 3645 2299 3729 regionum
2366 3646 2429 3709 et
2494 3644 2651 3708 caeli
2714 3662 2782 3705 ac

495 3752 696 3814 terrae
724 3750 1033 3835 imagines
1064 3752 1312 3817 animus
1352 3753 1579 3817 uoluit.
1624 3753 1855 3834 quibus
1895 3752 2269 3817 cateruatim
2311 3750 2783 3815 discedentibus
2822 3764 2877 3801 ³0

573 3944 588 3992 1
621 3956 783 4009 quum
802 3940 857 3992 P
944 3940 1118 3995 minor
1139 3943 1222 3994 est
1240 3940 1271 3993 b
1328 3942 1361 3993 2
1389 3945 1442 3994 et
1463 3956 1564 3993 om.
1585 3939 1642 3993 P
1694 3940 1725 3993 3
1756 3944 1839 3993 est
1856 3946 1985 4009 post
2002 3944 2155 3994 tanta
2176 3958 2277 3995 om.
2300 3940 2437 3994 TVb
2493 3943 2527 3993 4
2557 3940 2787 4011 quumP

498 4028 529 4079 6
567 4032 746 4099 presto
789 4028 913 4095 (bis)
945 4029 1000 4081 P
1107 4030 1204 4098 sic]
1243 4028 1290 4082 si
1327 4029 1378 4081 V
1448 4029 1480 4081 7
1510 4045 1674 4099 quum
1702 4028 1757 4081 P
1862 4029 2168 4098 ut—-digito
2210 4031 2299 4095 (in
2332 4032 2463 4098 my.)
2502 4028 2555 4079 V
2622 4028 2655 4081 8
2685 4045 2779 4097 ag-

497 4118 756 4187 glomeret
785 4116 840 4171 P
875 4117 1158 4187 aggloma÷
1207 4118 1257 4170 V
1386 4118 1418 4170 9
1458 4134 1622 4187 quum
1650 4116 1705 4171 P
1840 4120 1901 4171 15
1941 4117 2135 4188 spaciis
2173 4117 2222 4170 T
2368 4120 2430 4169 16
2470 4110 2627 4183 Q'uod
2665 4117 2712 4170 si
2750 4116 2779 4169 b

501 4206 562 4259 17
603 4208 786 4276 quam]
847 4222 1002 4259 cuum
1033 4204 1090 4258 P
1197 4208 1262 4258 19
1300 4204 1545 4259 cubicula
1582 4205 1614 4257 b
1721 4206 1791 4257 20
1828 4210 2162 4259 murmurant
2198 4206 2278 4259 Tb
2386 4207 2454 4259 22
2492 4206 2603 4275 nel]
2642 4210 2697 4258 et
2734 4204 2785 4258 Γ

497 4294 564 4349 26
603 4295 764 4365 qlitas
804 4296 858 4347 Γ
969 4300 1120 4347 tenet
1158 4294 1222 4347 Η
1231 4292 1462 4347 VTGSb
1571 4294 1773 4347 diceret
1810 4294 1948 4347 forte
1987 4294 2185 4363 aliquis
2224 4294 2255 4347 b
2328 4294 2396 4347 27
2434 4295 2612 4363 spatia
2652 4307 2697 4343 (s
2734 4310 2776 4349 8.

499 4385 517 4433 Ζ
573 4402 608 4437 α
645 4400 712 4438 m.
753 4388 810 4437 2»
848 4384 909 4435 H
933 4384 1114 4453 spacia
1145 4384 1192 4436 T
1295 4382 1567 4437 concludit
1600 4382 1648 4435 T
1752 4384 1819 4435 28
1860 4384 2098 4452 quumP
2204 4384 2272 4436 30
2303 4384 2591 4452 qteruatiin
2623 4381 2673 4436 1·
