<?xml version="1.0" encoding="UTF-8"?>
<!DOCTYPE html PUBLIC "-//W3C//DTD XHTML 1.0 Transitional//EN"
    "http://www.w3.org/TR/xhtml1/DTD/xhtml1-transitional.dtd">
<html xmlns="http://www.w3.org/1999/xhtml" xml:lang="en" lang="en">
 <head>
  <title>
</title>
<meta http-equiv="Content-Type" content="text/html;charset=utf-8" />
  <meta name='ocr-system' content='tesseract 3.04.00' />
  <meta name='ocr-capabilities' content='ocr_page ocr_carea ocr_par ocr_line ocrx_word'/>
</head>
<body>
  <div class='ocr_page' id='page_1' title='image "./corpusscriptoru27wissgoog_0215.png"; bbox 0 0 3159 4984; ppageno 0'>
   <div class='ocr_carea' id='block_1_1' title="bbox 293 1120 320 1155">
    <p class='ocr_par' dir='ltr' id='par_1_1' title="bbox 293 1120 320 1155">
     <span class='ocr_line' id='line_1_1' title="bbox 293 1120 320 1155; baseline 0 0"><span class='ocrx_word' id='word_1_1' title='bbox 293 1120 320 1155; x_wconf 84' lang='lat'>5</span> 
     </span>
    </p>
   </div>
   <div class='ocr_carea' id='block_1_2' title="bbox 269 1650 324 1687">
    <p class='ocr_par' dir='ltr' id='par_1_2' title="bbox 269 1650 324 1687">
     <span class='ocr_line' id='line_1_2' title="bbox 269 1650 324 1687; baseline -0.036 0"><span class='ocrx_word' id='word_1_2' title='bbox 269 1650 324 1687; x_wconf 87' lang='lat'><strong>10</strong></span> 
     </span>
    </p>
   </div>
   <div class='ocr_carea' id='block_1_3' title="bbox 273 2181 322 2219">
    <p class='ocr_par' dir='ltr' id='par_1_3' title="bbox 273 2181 322 2219">
     <span class='ocr_line' id='line_1_3' title="bbox 273 2181 322 2219; baseline -0.041 0"><span class='ocrx_word' id='word_1_3' title='bbox 273 2181 322 2219; x_wconf 72' lang='lat'><strong>15</strong></span> 
     </span>
    </p>
   </div>
   <div class='ocr_carea' id='block_1_4' title="bbox 275 2718 324 2757">
    <p class='ocr_par' dir='ltr' id='par_1_4' title="bbox 275 2718 324 2757">
     <span class='ocr_line' id='line_1_4' title="bbox 275 2718 324 2757; baseline -0.082 0"><span class='ocrx_word' id='word_1_4' title='bbox 275 2718 324 2757; x_wconf 70' lang='lat'><strong>1⁰</strong></span> 
     </span>
    </p>
   </div>
   <div class='ocr_carea' id='block_1_5' title="bbox 743 473 2654 543">
    <p class='ocr_par' dir='ltr' id='par_1_5' title="bbox 743 473 2654 543">
     <span class='ocr_line' id='line_1_5' title="bbox 743 473 2654 543; baseline 0.002 -19"><span class='ocrx_word' id='word_1_5' title='bbox 743 473 805 526; x_wconf 88' lang='lat' dir='ltr'><strong>V.</strong></span> <span class='ocrx_word' id='word_1_6' title='bbox 864 473 1154 527; x_wconf 79' lang='lat' dir='ltr'>Contra</span> <span class='ocrx_word' id='word_1_7' title='bbox 1212 474 1645 543; x_wconf 75' lang='lat' dir='ltr'><strong>epistulam</strong></span> <span class='ocrx_word' id='word_1_8' title='bbox 1706 474 2231 529; x_wconf 77' lang='lat' dir='ltr'><strong>fundamenti.</strong></span> <span class='ocrx_word' id='word_1_9' title='bbox 2527 479 2654 541; x_wconf 79' lang='lat'><strong>207</strong></span> 
     </span>
    </p>
   </div>
   <div class='ocr_carea' id='block_1_6' title="bbox 355 668 2663 3102">
    <p class='ocr_par' dir='ltr' id='par_1_6' title="bbox 355 668 2659 1712">
     <span class='ocr_line' id='line_1_6' title="bbox 362 668 2659 753; baseline 0.003 -22"><span class='ocrx_word' id='word_1_10' title='bbox 362 668 604 735; x_wconf 85' lang='lat' dir='ltr'><strong>deinde.</strong></span> <span class='ocrx_word' id='word_1_11' title='bbox 648 688 806 751; x_wconf 89' lang='lat' dir='ltr'><strong>quae</strong></span> <span class='ocrx_word' id='word_1_12' title='bbox 855 670 1200 740; x_wconf 81' lang='lat' dir='ltr'><strong>insinuant.</strong></span> <span class='ocrx_word' id='word_1_13' title='bbox 1251 671 1648 743; x_wconf 89' lang='lat' dir='ltr'><strong>custodierit,</strong></span> <span class='ocrx_word' id='word_1_14' title='bbox 1697 690 2043 753; x_wconf 84' lang='lat' dir='ltr'><strong>numquam</strong></span> <span class='ocrx_word' id='word_1_15' title='bbox 2093 672 2213 737; x_wconf 89' lang='lat' dir='ltr'><strong>erit</strong></span> <span class='ocrx_word' id='word_1_16' title='bbox 2258 671 2429 737; x_wconf 87' lang='lat' dir='ltr'><strong>uitae</strong></span> <span class='ocrx_word' id='word_1_17' title='bbox 2476 673 2659 737; x_wconf 90' lang='lat' dir='ltr'><strong>resti-</strong></span> 
     </span>
     <span class='ocr_line' id='line_1_7' title="bbox 357 776 2657 860; baseline 0.002 -22"><span class='ocrx_word' id='word_1_18' title='bbox 357 776 654 843; x_wconf 81' lang='lat' dir='ltr'><strong>tuendus.</strong></span> <span class='ocrx_word' id='word_1_19' title='bbox 694 796 918 841; x_wconf 89' lang='lat' dir='ltr'><strong>uerum</strong></span> <span class='ocrx_word' id='word_1_20' title='bbox 964 777 1216 860; x_wconf 84' lang='lat' dir='ltr'>poenali</span> <span class='ocrx_word' id='word_1_21' title='bbox 1264 780 1330 842; x_wconf 90' lang='lat' dir='ltr'><strong>et</strong></span> <span class='ocrx_word' id='word_1_22' title='bbox 1361 796 1737 843; x_wconf 87' lang='lat' dir='ltr'><strong>aerumnosa</strong></span> <span class='ocrx_word' id='word_1_23' title='bbox 1779 781 1983 843; x_wconf 89' lang='lat' dir='ltr'><strong>morte</strong></span> <span class='ocrx_word' id='word_1_24' title='bbox 2020 778 2351 843; x_wconf 87' lang='lat' dir='ltr'><strong>adficietur</strong></span> <span class='ocrx_word' id='word_1_25' title='bbox 2386 816 2473 827; x_wconf 91' lang='lat'><strong>--</strong></span> <span class='ocrx_word' id='word_1_26' title='bbox 2512 798 2657 843; x_wconf 90' lang='lat' dir='ltr'><strong>nam</strong></span> 
     </span>
     <span class='ocr_line' id='line_1_8' title="bbox 359 882 2655 968; baseline 0.002 -24"><span class='ocrx_word' id='word_1_27' title='bbox 359 882 642 963; x_wconf 82' lang='lat' dir='ltr'><strong>profecto</strong></span> <span class='ocrx_word' id='word_1_28' title='bbox 689 882 884 947; x_wconf 87' lang='lat' dir='ltr'><strong>miser</strong></span> <span class='ocrx_word' id='word_1_29' title='bbox 933 886 1034 947; x_wconf 87' lang='lat' dir='ltr'><strong>est</strong></span> <span class='ocrx_word' id='word_1_30' title='bbox 1075 884 1476 961; x_wconf 79' lang='lat' dir='ltr'><strong>iudicanduS,</strong></span> <span class='ocrx_word' id='word_1_31' title='bbox 1536 884 1647 966; x_wconf 91' lang='lat' dir='ltr'><strong>qui</strong></span> <span class='ocrx_word' id='word_1_32' title='bbox 1706 884 1825 949; x_wconf 90' lang='lat' dir='ltr'><strong>hac</strong></span> <span class='ocrx_word' id='word_1_33' title='bbox 1880 885 2123 948; x_wconf 87' lang='lat' dir='ltr'><strong>inferna</strong></span> <span class='ocrx_word' id='word_1_34' title='bbox 2175 884 2519 968; x_wconf 82' lang='lat' dir='ltr'><strong>inplicatus</strong></span> <span class='ocrx_word' id='word_1_35' title='bbox 2565 885 2655 949; x_wconf 93' lang='lat' dir='ltr'><strong>in—</strong></span> 
     </span>
     <span class='ocr_line' id='line_1_9' title="bbox 359 988 2657 1074; baseline 0.002 -24"><span class='ocrx_word' id='word_1_36' title='bbox 359 988 588 1069; x_wconf 81' lang='lat' dir='ltr'><strong>peritia</strong></span> <span class='ocrx_word' id='word_1_37' title='bbox 631 989 846 1055; x_wconf 84' lang='lat' dir='ltr'><strong>fuerit.</strong></span> <span class='ocrx_word' id='word_1_38' title='bbox 895 1008 1008 1071; x_wconf 89' lang='lat' dir='ltr'><strong>per</strong></span> <span class='ocrx_word' id='word_1_39' title='bbox 1053 1008 1241 1071; x_wconf 90' lang='lat' dir='ltr'><strong>quam</strong></span> <span class='ocrx_word' id='word_1_40' title='bbox 1301 990 1631 1055; x_wconf 88' lang='lat' dir='ltr'><strong>demersus</strong></span> <span class='ocrx_word' id='word_1_41' title='bbox 1687 992 1749 1055; x_wconf 92' lang='lat' dir='ltr'><strong>in</strong></span> <span class='ocrx_word' id='word_1_42' title='bbox 1808 992 2209 1074; x_wconf 78' lang='lat' dir='ltr'><strong>sempiternis</strong></span> <span class='ocrx_word' id='word_1_43' title='bbox 2268 992 2657 1057; x_wconf 87' lang='lat' dir='ltr'><strong>cruciatibus</strong></span> 
     </span>
     <span class='ocr_line' id='line_1_10' title="bbox 355 1097 2657 1182; baseline 0.002 -23"><span class='ocrx_word' id='word_1_44' title='bbox 355 1097 751 1177; x_wconf 88' lang='lat' dir='ltr'><strong>permanebit</strong></span> <span class='ocrx_word' id='word_1_45' title='bbox 805 1120 930 1160; x_wconf 87' lang='lat'><strong>—-:</strong></span> <span class='ocrx_word' id='word_1_46' title='bbox 983 1097 1035 1161; x_wconf 91' lang='lat' dir='ltr'><strong>si</strong></span> <span class='ocrx_word' id='word_1_47' title='bbox 1085 1116 1233 1182; x_wconf 88' lang='lat' dir='ltr'><strong>ergo</strong></span> <span class='ocrx_word' id='word_1_48' title='bbox 1282 1099 1402 1163; x_wconf 87' lang='lat' dir='ltr'><strong>hoc</strong></span> <span class='ocrx_word' id='word_1_49' title='bbox 1451 1098 1709 1175; x_wconf 83' lang='lat' dir='ltr'><strong>diceret,</strong></span> <span class='ocrx_word' id='word_1_50' title='bbox 1758 1118 1983 1163; x_wconf 89' lang='lat' dir='ltr'><strong>uerum</strong></span> <span class='ocrx_word' id='word_1_51' title='bbox 2032 1099 2288 1171; x_wconf 86' lang='lat' dir='ltr'><strong>diceret,</strong></span> <span class='ocrx_word' id='word_1_52' title='bbox 2338 1099 2449 1163; x_wconf 89' lang='lat' dir='ltr'><strong>sed</strong></span> <span class='ocrx_word' id='word_1_53' title='bbox 2496 1099 2657 1164; x_wconf 89' lang='lat' dir='ltr'><strong>libro</strong></span> 
     </span>
     <span class='ocr_line' id='line_1_11' title="bbox 357 1202 2654 1282; baseline 0.002 -17"><span class='ocrx_word' id='word_1_54' title='bbox 357 1202 506 1266; x_wconf 91' lang='lat' dir='ltr'><strong>huic</strong></span> <span class='ocrx_word' id='word_1_55' title='bbox 581 1222 728 1268; x_wconf 90' lang='lat' dir='ltr'><strong>nom</strong></span> <span class='ocrx_word' id='word_1_56' title='bbox 805 1203 1017 1267; x_wconf 91' lang='lat' dir='ltr'><strong>solum</strong></span> <span class='ocrx_word' id='word_1_57' title='bbox 1083 1205 1336 1268; x_wconf 89' lang='lat' dir='ltr'><strong>nullum</strong></span> <span class='ocrx_word' id='word_1_58' title='bbox 1401 1206 1771 1270; x_wconf 83' lang='lat' dir='ltr'><strong>conciliaret</strong></span> <span class='ocrx_word' id='word_1_59' title='bbox 1832 1207 2167 1274; x_wconf 84' lang='lat' dir='ltr'><strong>lectorem.</strong></span> <span class='ocrx_word' id='word_1_60' title='bbox 2236 1206 2347 1271; x_wconf 89' lang='lat' dir='ltr'><strong>sed</strong></span> <span class='ocrx_word' id='word_1_61' title='bbox 2414 1225 2654 1282; x_wconf 74' lang='lat' dir='ltr'><strong>omneS,</strong></span> 
     </span>
     <span class='ocr_line' id='line_1_12' title="bbox 361 1310 2651 1389; baseline 0.001 -17"><span class='ocrx_word' id='word_1_62' title='bbox 361 1328 626 1389; x_wconf 91' lang='lat' dir='ltr'><strong>quorum</strong></span> <span class='ocrx_word' id='word_1_63' title='bbox 701 1310 764 1373; x_wconf 91' lang='lat' dir='ltr'><strong>in</strong></span> <span class='ocrx_word' id='word_1_64' title='bbox 841 1329 1071 1374; x_wconf 90' lang='lat' dir='ltr'><strong>manus</strong></span> <span class='ocrx_word' id='word_1_65' title='bbox 1149 1310 1510 1386; x_wconf 88' lang='lat' dir='ltr'><strong>incidisset,</strong></span> <span class='ocrx_word' id='word_1_66' title='bbox 1591 1313 1655 1375; x_wconf 92' lang='lat' dir='ltr'><strong>in</strong></span> <span class='ocrx_word' id='word_1_67' title='bbox 1734 1313 2005 1375; x_wconf 86' lang='lat' dir='ltr'><strong>maxima</strong></span> <span class='ocrx_word' id='word_1_68' title='bbox 2078 1311 2223 1376; x_wconf 89' lang='lat' dir='ltr'><strong>odia</strong></span> <span class='ocrx_word' id='word_1_69' title='bbox 2288 1312 2651 1377; x_wconf 82' lang='lat' dir='ltr'><strong>concitaret.</strong></span> 
     </span>
     <span class='ocr_line' id='line_1_13' title="bbox 359 1415 2654 1500; baseline 0.001 -23"><span class='ocrx_word' id='word_1_70' title='bbox 359 1415 765 1496; x_wconf 89' lang='lat' dir='ltr'><strong>quamobrem</strong></span> <span class='ocrx_word' id='word_1_71' title='bbox 806 1415 885 1479; x_wconf 88' lang='lat' dir='ltr'><strong>ad</strong></span> <span class='ocrx_word' id='word_1_72' title='bbox 925 1417 1380 1498; x_wconf 86' lang='lat' dir='ltr'><strong>consequentia</strong></span> <span class='ocrx_word' id='word_1_73' title='bbox 1414 1419 1815 1482; x_wconf 89' lang='lat' dir='ltr'><strong>transeamus</strong></span> <span class='ocrx_word' id='word_1_74' title='bbox 1854 1436 1969 1481; x_wconf 90' lang='lat' dir='ltr'><strong>nec</strong></span> <span class='ocrx_word' id='word_1_75' title='bbox 2007 1436 2123 1481; x_wconf 89' lang='lat' dir='ltr'><strong>nos</strong></span> <span class='ocrx_word' id='word_1_76' title='bbox 2160 1418 2287 1481; x_wconf 89' lang='lat' dir='ltr'><strong>ista</strong></span> <span class='ocrx_word' id='word_1_77' title='bbox 2316 1416 2654 1500; x_wconf 83' lang='lat' dir='ltr'><strong>decipiant,</strong></span> 
     </span>
     <span class='ocr_line' id='line_1_14' title="bbox 359 1522 2658 1602; baseline 0.002 -19"><span class='ocrx_word' id='word_1_78' title='bbox 359 1538 517 1601; x_wconf 89' lang='lat' dir='ltr'><strong>quae</strong></span> <span class='ocrx_word' id='word_1_79' title='bbox 574 1524 846 1602; x_wconf 90' lang='lat' dir='ltr'><strong>possunt</strong></span> <span class='ocrx_word' id='word_1_80' title='bbox 910 1540 1050 1585; x_wconf 90' lang='lat' dir='ltr'><strong>esse</strong></span> <span class='ocrx_word' id='word_1_81' title='bbox 1106 1522 1296 1585; x_wconf 89' lang='lat' dir='ltr'><strong>bonis</strong></span> <span class='ocrx_word' id='word_1_82' title='bbox 1354 1526 1418 1585; x_wconf 92' lang='lat' dir='ltr'><strong>et</strong></span> <span class='ocrx_word' id='word_1_83' title='bbox 1471 1522 1678 1594; x_wconf 84' lang='lat' dir='ltr'><strong>malis,</strong></span> <span class='ocrx_word' id='word_1_84' title='bbox 1739 1522 1945 1587; x_wconf 90' lang='lat' dir='ltr'><strong>doctis</strong></span> <span class='ocrx_word' id='word_1_85' title='bbox 2004 1525 2067 1587; x_wconf 85' lang='lat' dir='ltr'><strong>et</strong></span> <span class='ocrx_word' id='word_1_86' title='bbox 2120 1522 2396 1587; x_wconf 86' lang='lat' dir='ltr'><strong>indoctis</strong></span> <span class='ocrx_word' id='word_1_87' title='bbox 2463 1524 2658 1588; x_wconf 89' lang='lat' dir='ltr'><strong>uerba</strong></span> 
     </span>
     <span class='ocr_line' id='line_1_15' title="bbox 359 1628 1536 1712; baseline 0 -20"><span class='ocrx_word' id='word_1_88' title='bbox 359 1628 736 1692; x_wconf 88' lang='lat' dir='ltr'><strong>communia.</strong></span> <span class='ocrx_word' id='word_1_89' title='bbox 798 1628 951 1709; x_wconf 89' lang='lat' dir='ltr'><strong>quid</strong></span> <span class='ocrx_word' id='word_1_90' title='bbox 1000 1647 1150 1712; x_wconf 87' lang='lat' dir='ltr'><strong>ergo</strong></span> <span class='ocrx_word' id='word_1_91' title='bbox 1199 1629 1536 1711; x_wconf 80' lang='lat' dir='ltr'><strong>sequitur?</strong></span> 
     </span>
    </p>

    <p class='ocr_par' dir='ltr' id='par_1_7' title="bbox 355 1734 2663 3102">
     <span class='ocr_line' id='line_1_16' title="bbox 447 1734 2661 1817; baseline 0.001 -20"><span class='ocrx_word' id='word_1_92' title='bbox 447 1734 619 1801; x_wconf 80' lang='lat' dir='ltr'><strong>Pax.</strong></span> <span class='ocrx_word' id='word_1_93' title='bbox 669 1735 898 1817; x_wconf 92' lang='lat' dir='ltr'><strong>inquit,</strong></span> <span class='ocrx_word' id='word_1_94' title='bbox 968 1735 1088 1799; x_wconf 89' lang='lat' dir='ltr'><strong>dei</strong></span> <span class='ocrx_word' id='word_1_95' title='bbox 1155 1736 1587 1801; x_wconf 88' lang='lat' dir='ltr'><strong>inuisibilis</strong></span> <span class='ocrx_word' id='word_1_96' title='bbox 1654 1740 1728 1800; x_wconf 90' lang='lat' dir='ltr'><strong>et</strong></span> <span class='ocrx_word' id='word_1_97' title='bbox 1791 1736 2151 1802; x_wconf 89' lang='lat' dir='ltr'><strong>ueritatis</strong></span> <span class='ocrx_word' id='word_1_98' title='bbox 2210 1738 2491 1803; x_wconf 89' lang='lat' dir='ltr'><strong>notitia</strong></span> <span class='ocrx_word' id='word_1_99' title='bbox 2556 1738 2661 1801; x_wconf 91' lang='lat' dir='ltr'><strong>sit</strong></span> 
     </span>
     <span class='ocr_line' id='line_1_17' title="bbox 360 1841 2659 1925; baseline 0.002 -22"><span class='ocrx_word' id='word_1_100' title='bbox 360 1841 947 1907; x_wconf 86' lang='lat' dir='ltr'><strong>cumfratribus</strong></span> <span class='ocrx_word' id='word_1_101' title='bbox 1023 1844 1318 1908; x_wconf 87' lang='lat' dir='ltr'><strong>sanctis</strong></span> <span class='ocrx_word' id='word_1_102' title='bbox 1395 1845 1468 1907; x_wconf 90' lang='lat' dir='ltr'><strong>et</strong></span> <span class='ocrx_word' id='word_1_103' title='bbox 1542 1842 1999 1919; x_wconf 81' lang='lat' dir='ltr'><strong>carissimis,</strong></span> <span class='ocrx_word' id='word_1_104' title='bbox 2079 1844 2205 1925; x_wconf 91' lang='lat' dir='ltr'><strong>qui</strong></span> <span class='ocrx_word' id='word_1_105' title='bbox 2279 1843 2659 1907; x_wconf 87' lang='lat' dir='ltr'><strong>mandatis</strong></span> 
     </span>
     <span class='ocr_line' id='line_1_18' title="bbox 359 1948 2659 2032; baseline 0 -21"><span class='ocrx_word' id='word_1_106' title='bbox 359 1948 828 2013; x_wconf 88' lang='lat' dir='ltr'><strong>caelestibus</strong></span> <span class='ocrx_word' id='word_1_107' title='bbox 877 1950 1204 2014; x_wconf 86' lang='lat' dir='ltr'><strong>credunt</strong></span> <span class='ocrx_word' id='word_1_108' title='bbox 1249 1950 1537 2032; x_wconf 88' lang='lat' dir='ltr'><strong>pariter</strong></span> <span class='ocrx_word' id='word_1_109' title='bbox 1594 1953 1821 2032; x_wconf 88' lang='lat' dir='ltr'><strong>atque</strong></span> <span class='ocrx_word' id='word_1_110' title='bbox 1879 1950 2349 2015; x_wconf 89' lang='lat' dir='ltr'><strong>deseruiunt.</strong></span> <span class='ocrx_word' id='word_1_111' title='bbox 2416 1949 2508 2012; x_wconf 83' lang='lat' dir='ltr'><strong>ita</strong></span> <span class='ocrx_word' id='word_1_112' title='bbox 2556 1949 2659 2024; x_wconf 90' lang='lat' dir='ltr'><strong>sit,</strong></span> 
     </span>
     <span class='ocr_line' id='line_1_19' title="bbox 357 2054 2659 2140; baseline 0.001 -25"><span class='ocrx_word' id='word_1_113' title='bbox 357 2057 430 2116; x_wconf 93' lang='lat' dir='ltr'><strong>ut</strong></span> <span class='ocrx_word' id='word_1_114' title='bbox 494 2054 668 2121; x_wconf 89' lang='lat' dir='ltr'><strong>dicit.</strong></span> <span class='ocrx_word' id='word_1_115' title='bbox 747 2074 890 2119; x_wconf 91' lang='lat' dir='ltr'><strong>nam</strong></span> <span class='ocrx_word' id='word_1_116' title='bbox 957 2059 1023 2120; x_wconf 89' lang='lat' dir='ltr'><strong>et</strong></span> <span class='ocrx_word' id='word_1_117' title='bbox 1087 2058 1211 2121; x_wconf 90' lang='lat' dir='ltr'><strong>ista</strong></span> <span class='ocrx_word' id='word_1_118' title='bbox 1275 2057 1550 2140; x_wconf 88' lang='lat' dir='ltr'><strong>benigna</strong></span> <span class='ocrx_word' id='word_1_119' title='bbox 1606 2061 1671 2121; x_wconf 89' lang='lat' dir='ltr'><strong>et</strong></span> <span class='ocrx_word' id='word_1_120' title='bbox 1725 2057 2177 2140; x_wconf 85' lang='lat' dir='ltr'><strong>acceptissima</strong></span> <span class='ocrx_word' id='word_1_121' title='bbox 2242 2056 2483 2140; x_wconf 87' lang='lat' dir='ltr'><strong>optatio</strong></span> <span class='ocrx_word' id='word_1_122' title='bbox 2542 2059 2659 2119; x_wconf 91' lang='lat' dir='ltr'><strong>est.</strong></span> 
     </span>
     <span class='ocr_line' id='line_1_20' title="bbox 356 2162 2663 2245; baseline 0.001 -21"><span class='ocrx_word' id='word_1_123' title='bbox 356 2164 604 2225; x_wconf 79' lang='lat' dir='ltr'><strong>tantum</strong></span> <span class='ocrx_word' id='word_1_124' title='bbox 651 2162 1128 2229; x_wconf 87' lang='lat' dir='ltr'><strong>meminerimus</strong></span> <span class='ocrx_word' id='word_1_125' title='bbox 1185 2164 1342 2228; x_wconf 85' lang='lat' dir='ltr'><strong>haec</strong></span> <span class='ocrx_word' id='word_1_126' title='bbox 1381 2167 1446 2227; x_wconf 87' lang='lat' dir='ltr'><strong>et</strong></span> <span class='ocrx_word' id='word_1_127' title='bbox 1483 2182 1520 2227; x_wconf 87' lang='lat' dir='ltr'><strong>a</strong></span> <span class='ocrx_word' id='word_1_128' title='bbox 1552 2164 1739 2230; x_wconf 90' lang='lat' dir='ltr'><strong>bonis</strong></span> <span class='ocrx_word' id='word_1_129' title='bbox 1778 2164 2147 2229; x_wconf 87' lang='lat' dir='ltr'><strong>doctoribus</strong></span> <span class='ocrx_word' id='word_1_130' title='bbox 2196 2167 2261 2229; x_wconf 90' lang='lat' dir='ltr'><strong>et</strong></span> <span class='ocrx_word' id='word_1_131' title='bbox 2298 2182 2335 2227; x_wconf 90' lang='lat' dir='ltr'><strong>a</strong></span> <span class='ocrx_word' id='word_1_132' title='bbox 2372 2163 2663 2245; x_wconf 84' lang='lat' dir='ltr'><strong>decepto-</strong></span> 
     </span>
     <span class='ocr_line' id='line_1_21' title="bbox 359 2266 2659 2352; baseline 0.001 -23"><span class='ocrx_word' id='word_1_133' title='bbox 359 2266 532 2332; x_wconf 90' lang='lat' dir='ltr'><strong>ribus</strong></span> <span class='ocrx_word' id='word_1_134' title='bbox 580 2287 768 2351; x_wconf 87' lang='lat' dir='ltr'><strong>posse</strong></span> <span class='ocrx_word' id='word_1_135' title='bbox 839 2270 983 2335; x_wconf 91' lang='lat' dir='ltr'><strong>dici.</strong></span> <span class='ocrx_word' id='word_1_136' title='bbox 1041 2270 1256 2352; x_wconf 84' lang='lat' dir='ltr'><strong>itaque</strong></span> <span class='ocrx_word' id='word_1_137' title='bbox 1314 2271 1368 2335; x_wconf 88' lang='lat' dir='ltr'><strong>si</strong></span> <span class='ocrx_word' id='word_1_138' title='bbox 1428 2272 1605 2335; x_wconf 91' lang='lat' dir='ltr'><strong>nulla</strong></span> <span class='ocrx_word' id='word_1_139' title='bbox 1661 2270 1784 2336; x_wconf 88' lang='lat' dir='ltr'><strong>nisi</strong></span> <span class='ocrx_word' id='word_1_140' title='bbox 1840 2272 1993 2336; x_wconf 88' lang='lat' dir='ltr'><strong>talia</strong></span> <span class='ocrx_word' id='word_1_141' title='bbox 2048 2272 2306 2349; x_wconf 87' lang='lat' dir='ltr'><strong>diceret,</strong></span> <span class='ocrx_word' id='word_1_142' title='bbox 2366 2271 2659 2336; x_wconf 90' lang='lat' dir='ltr'><strong>omnibus</strong></span> 
     </span>
     <span class='ocr_line' id='line_1_22' title="bbox 361 2374 2659 2459; baseline 0 -21"><span class='ocrx_word' id='word_1_143' title='bbox 361 2374 698 2458; x_wconf 87' lang='lat' dir='ltr'><strong>legendum</strong></span> <span class='ocrx_word' id='word_1_144' title='bbox 749 2379 812 2441; x_wconf 91' lang='lat' dir='ltr'><strong>et</strong></span> <span class='ocrx_word' id='word_1_145' title='bbox 859 2377 1372 2459; x_wconf 87' lang='lat' dir='ltr'><strong>amplectendum</strong></span> <span class='ocrx_word' id='word_1_146' title='bbox 1435 2397 1576 2442; x_wconf 87' lang='lat' dir='ltr'><strong>esse</strong></span> <span class='ocrx_word' id='word_1_147' title='bbox 1638 2378 2068 2445; x_wconf 89' lang='lat' dir='ltr'><strong>concederem.</strong></span> <span class='ocrx_word' id='word_1_148' title='bbox 2135 2398 2252 2443; x_wconf 92' lang='lat' dir='ltr'><strong>nec</strong></span> <span class='ocrx_word' id='word_1_149' title='bbox 2307 2379 2440 2455; x_wconf 91' lang='lat' dir='ltr'><strong>illa,</strong></span> <span class='ocrx_word' id='word_1_150' title='bbox 2501 2396 2659 2458; x_wconf 91' lang='lat' dir='ltr'><strong>quae</strong></span> 
     </span>
     <span class='ocr_line' id='line_1_23' title="bbox 360 2483 2658 2569; baseline -0.001 -21"><span class='ocrx_word' id='word_1_151' title='bbox 360 2487 436 2550; x_wconf 91' lang='lat' dir='ltr'><strong>ad</strong></span> <span class='ocrx_word' id='word_1_152' title='bbox 483 2486 604 2551; x_wconf 94' lang='lat' dir='ltr'><strong>hoc</strong></span> <span class='ocrx_word' id='word_1_153' title='bbox 654 2487 1030 2566; x_wconf 87' lang='lat' dir='ltr'><strong>sequuntur,</strong></span> <span class='ocrx_word' id='word_1_154' title='bbox 1070 2483 1571 2566; x_wconf 82' lang='lat' dir='ltr'><strong>inprobauerim;</strong></span> <span class='ocrx_word' id='word_1_155' title='bbox 1622 2485 1914 2569; x_wconf 82' lang='lat' dir='ltr'><strong>adiungit</strong></span> <span class='ocrx_word' id='word_1_156' title='bbox 1952 2487 2149 2550; x_wconf 89' lang='lat' dir='ltr'><strong>enim:</strong></span> <span class='ocrx_word' id='word_1_157' title='bbox 2200 2485 2331 2551; x_wconf 90' lang='lat' dir='ltr'><strong>sed</strong></span> <span class='ocrx_word' id='word_1_158' title='bbox 2378 2489 2454 2549; x_wconf 90' lang='lat' dir='ltr'><strong>et</strong></span> <span class='ocrx_word' id='word_1_159' title='bbox 2499 2483 2658 2547; x_wconf 84' lang='lat' dir='ltr'><strong>dex-</strong></span> 
     </span>
     <span class='ocr_line' id='line_1_24' title="bbox 359 2590 2656 2674; baseline -0.002 -18"><span class='ocrx_word' id='word_1_160' title='bbox 359 2597 522 2656; x_wconf 88' lang='lat' dir='ltr'><strong>tera</strong></span> <span class='ocrx_word' id='word_1_161' title='bbox 568 2590 886 2655; x_wconf 88' lang='lat' dir='ltr'><strong>luminis</strong></span> <span class='ocrx_word' id='word_1_162' title='bbox 935 2593 1247 2653; x_wconf 83' lang='lat' dir='ltr'><strong>tueatur</strong></span> <span class='ocrx_word' id='word_1_163' title='bbox 1295 2594 1368 2653; x_wconf 83' lang='lat' dir='ltr'><strong>et</strong></span> <span class='ocrx_word' id='word_1_164' title='bbox 1416 2591 1695 2674; x_wconf 86' lang='lat' dir='ltr'><strong>eripiat</strong></span> <span class='ocrx_word' id='word_1_165' title='bbox 1742 2612 1874 2656; x_wconf 87' lang='lat' dir='ltr'><strong>uos</strong></span> <span class='ocrx_word' id='word_1_166' title='bbox 1924 2593 2009 2655; x_wconf 87' lang='lat' dir='ltr'><strong>ab</strong></span> <span class='ocrx_word' id='word_1_167' title='bbox 2070 2594 2265 2658; x_wconf 91' lang='lat' dir='ltr'><strong>omni</strong></span> <span class='ocrx_word' id='word_1_168' title='bbox 2340 2590 2656 2656; x_wconf 87' lang='lat' dir='ltr'><strong>incursi-</strong></span> 
     </span>
     <span class='ocr_line' id='line_1_25' title="bbox 361 2696 2655 2782; baseline -0.002 -18"><span class='ocrx_word' id='word_1_169' title='bbox 361 2718 494 2764; x_wconf 90' lang='lat' dir='ltr'><strong>one</strong></span> <span class='ocrx_word' id='word_1_170' title='bbox 557 2698 890 2781; x_wconf 87' lang='lat' dir='ltr'><strong>maligna</strong></span> <span class='ocrx_word' id='word_1_171' title='bbox 957 2698 1032 2760; x_wconf 87' lang='lat' dir='ltr'><strong>et</strong></span> <span class='ocrx_word' id='word_1_172' title='bbox 1105 2715 1144 2759; x_wconf 88' lang='lat' dir='ltr'><strong>a</strong></span> <span class='ocrx_word' id='word_1_173' title='bbox 1219 2696 1520 2778; x_wconf 89' lang='lat' dir='ltr'><strong>laqueis</strong></span> <span class='ocrx_word' id='word_1_174' title='bbox 1572 2698 1852 2763; x_wconf 88' lang='lat' dir='ltr'><strong>mundi.</strong></span> <span class='ocrx_word' id='word_1_175' title='bbox 1922 2702 1987 2763; x_wconf 93' lang='lat' dir='ltr'><strong>et</strong></span> <span class='ocrx_word' id='word_1_176' title='bbox 2042 2700 2297 2765; x_wconf 90' lang='lat' dir='ltr'><strong>omnino</strong></span> <span class='ocrx_word' id='word_1_177' title='bbox 2354 2697 2655 2782; x_wconf 90' lang='lat' dir='ltr'><strong>quicquid</strong></span> 
     </span>
     <span class='ocr_line' id='line_1_26' title="bbox 355 2802 2657 2887; baseline -0.002 -18"><span class='ocrx_word' id='word_1_178' title='bbox 355 2806 420 2870; x_wconf 89' lang='lat' dir='ltr'><strong>in</strong></span> <span class='ocrx_word' id='word_1_179' title='bbox 467 2806 658 2870; x_wconf 88' lang='lat' dir='ltr'><strong>huius</strong></span> <span class='ocrx_word' id='word_1_180' title='bbox 708 2804 1018 2887; x_wconf 89' lang='lat' dir='ltr'><strong>epistulae</strong></span> <span class='ocrx_word' id='word_1_181' title='bbox 1077 2803 1385 2887; x_wconf 90' lang='lat' dir='ltr'><strong>principio</strong></span> <span class='ocrx_word' id='word_1_182' title='bbox 1447 2804 1758 2887; x_wconf 88' lang='lat' dir='ltr'><strong>scriptum</strong></span> <span class='ocrx_word' id='word_1_183' title='bbox 1820 2808 1936 2874; x_wconf 82' lang='lat' dir='ltr'><strong>est,</strong></span> <span class='ocrx_word' id='word_1_184' title='bbox 1994 2803 2195 2869; x_wconf 90' lang='lat' dir='ltr'><strong>donec</strong></span> <span class='ocrx_word' id='word_1_185' title='bbox 2240 2805 2534 2868; x_wconf 84' lang='lat' dir='ltr'><strong>ueniat-ur</strong></span> <span class='ocrx_word' id='word_1_186' title='bbox 2580 2802 2657 2865; x_wconf 88' lang='lat' dir='ltr'><strong>ad</strong></span> 
     </span>
     <span class='ocr_line' id='line_1_27' title="bbox 363 2910 2654 2993; baseline -0.002 -16"><span class='ocrx_word' id='word_1_187' title='bbox 363 2932 640 2987; x_wconf 88' lang='lat' dir='ltr'><strong>causam,</strong></span> <span class='ocrx_word' id='word_1_188' title='bbox 706 2912 853 2976; x_wconf 90' lang='lat' dir='ltr'><strong>nolo</strong></span> <span class='ocrx_word' id='word_1_189' title='bbox 919 2910 1396 2993; x_wconf 79' lang='lat' dir='ltr'><strong>reprehendere,</strong></span> <span class='ocrx_word' id='word_1_190' title='bbox 1456 2931 1533 2975; x_wconf 90' lang='lat' dir='ltr'><strong>ne</strong></span> <span class='ocrx_word' id='word_1_191' title='bbox 1592 2913 1653 2975; x_wconf 92' lang='lat' dir='ltr'><strong>in</strong></span> <span class='ocrx_word' id='word_1_192' title='bbox 1712 2912 1901 2976; x_wconf 89' lang='lat' dir='ltr'><strong>rebus</strong></span> <span class='ocrx_word' id='word_1_193' title='bbox 1968 2912 2319 2977; x_wconf 86' lang='lat' dir='ltr'><strong>minoribus</strong></span> <span class='ocrx_word' id='word_1_194' title='bbox 2374 2911 2654 2974; x_wconf 90' lang='lat' dir='ltr'><strong>multum</strong></span> 
     </span>
     <span class='ocr_line' id='line_1_28' title="bbox 359 3016 2653 3102; baseline -0.002 -18"><span class='ocrx_word' id='word_1_195' title='bbox 359 3018 564 3102; x_wconf 89' lang='lat' dir='ltr'><strong>operis</strong></span> <span class='ocrx_word' id='word_1_196' title='bbox 621 3021 1052 3084; x_wconf 88' lang='lat' dir='ltr'><strong>consumatur.</strong></span> <span class='ocrx_word' id='word_1_197' title='bbox 1131 3018 1256 3081; x_wconf 88' lang='lat' dir='ltr'><strong>iam</strong></span> <span class='ocrx_word' id='word_1_198' title='bbox 1317 3037 1464 3101; x_wconf 85' lang='lat' dir='ltr'><strong>ergo</strong></span> <span class='ocrx_word' id='word_1_199' title='bbox 1523 3016 2068 3082; x_wconf 88' lang='lat' dir='ltr'><strong>euidentissimam</strong></span> <span class='ocrx_word' id='word_1_200' title='bbox 2126 3016 2653 3099; x_wconf 87' lang='lat' dir='ltr'><strong>pollicitationem</strong></span> 
     </span>
    </p>
   </div>
   <div class='ocr_carea' id='block_1_7' title="bbox 357 3126 2653 3313">
    <p class='ocr_par' dir='ltr' id='par_1_8' title="bbox 357 3126 2653 3313">
     <span class='ocr_line' id='line_1_29' title="bbox 357 3126 1035 3191; baseline 0.001 -2"><span class='ocrx_word' id='word_1_201' title='bbox 357 3126 630 3191; x_wconf 88' lang='lat' dir='ltr'><strong>hominis</strong></span> <span class='ocrx_word' id='word_1_202' title='bbox 679 3126 1035 3190; x_wconf 89' lang='lat' dir='ltr'><strong>uideamus.</strong></span> 
     </span>
     <span class='ocr_line' id='line_1_30' title="bbox 449 3228 2653 3313; baseline -0.002 -17"><span class='ocrx_word' id='word_1_203' title='bbox 449 3234 552 3298; x_wconf 86' lang='grc'><strong>12.</strong></span> <span class='ocrx_word' id='word_1_204' title='bbox 593 3232 695 3295; x_wconf 88' lang='lat' dir='ltr'><strong>De</strong></span> <span class='ocrx_word' id='word_1_205' title='bbox 745 3249 827 3295; x_wconf 93' lang='lat' dir='ltr'><strong>eo</strong></span> <span class='ocrx_word' id='word_1_206' title='bbox 895 3231 1154 3313; x_wconf 86' lang='lat' dir='ltr'><strong>igitur,</strong></span> <span class='ocrx_word' id='word_1_207' title='bbox 1212 3230 1439 3313; x_wconf 87' lang='lat' dir='ltr'><strong>inquit,</strong></span> <span class='ocrx_word' id='word_1_208' title='bbox 1497 3230 1735 3294; x_wconf 86' lang='lat' dir='ltr'><strong>frater</strong></span> <span class='ocrx_word' id='word_1_209' title='bbox 1787 3228 2297 3293; x_wconf 87' lang='lat' dir='ltr'><strong>dilectissime</strong></span> <span class='ocrx_word' id='word_1_210' title='bbox 2343 3229 2653 3305; x_wconf 88' lang='lat' dir='ltr'><strong>Pattici‚</strong></span> 
     </span>
    </p>
   </div>
   <div class='ocr_carea' id='block_1_8' title="bbox 355 3422 2660 4471">
    <p class='ocr_par' dir='ltr' id='par_1_9' title="bbox 355 3422 2660 4471">
     <span class='ocr_line' id='line_1_31' title="bbox 429 3422 2660 3493; baseline -0.001 -16"><span class='ocrx_word' id='word_1_211' title='bbox 429 3428 452 3477; x_wconf 94' lang='lat'>1</span> <span class='ocrx_word' id='word_1_212' title='bbox 495 3439 765 3493; x_wconf 82' lang='lat' dir='ltr'><strong>nonquam</strong></span> <span class='ocrx_word' id='word_1_213' title='bbox 812 3422 864 3475; x_wconf 90' lang='lat' dir='ltr'><em>V</em></span> <span class='ocrx_word' id='word_1_214' title='bbox 1005 3424 1038 3474; x_wconf 83' lang='lat'>2</span> <span class='ocrx_word' id='word_1_215' title='bbox 1077 3422 1258 3492; x_wconf 74' lang='lat' dir='ltr'><strong>penali</strong></span> <span class='ocrx_word' id='word_1_216' title='bbox 1311 3422 1359 3475; x_wconf 84' lang='lat' dir='ltr'><em>T</em></span> <span class='ocrx_word' id='word_1_217' title='bbox 1401 3422 1601 3491; x_wconf 89' lang='lat' dir='ltr'><strong>penali·</strong></span> <span class='ocrx_word' id='word_1_218' title='bbox 1632 3422 1685 3473; x_wconf 91' lang='lat' dir='ltr'><strong><em>V</em></strong></span> <span class='ocrx_word' id='word_1_219' title='bbox 1825 3438 2147 3493; x_wconf 86' lang='lat' dir='ltr'><strong>erumpnosa</strong></span> <span class='ocrx_word' id='word_1_220' title='bbox 2195 3423 2247 3476; x_wconf 88' lang='lat' dir='ltr'><strong><em>V</em></strong></span> <span class='ocrx_word' id='word_1_221' title='bbox 2280 3440 2563 3477; x_wconf 83' lang='lat' dir='ltr'><strong>emmnosa</strong></span> <span class='ocrx_word' id='word_1_222' title='bbox 2608 3422 2660 3475; x_wconf 86' lang='grc' dir='ltr'><em>Τ</em></span> 
     </span>
     <span class='ocr_line' id='line_1_32' title="bbox 357 3510 2653 3581; baseline 0 -16"><span class='ocrx_word' id='word_1_223' title='bbox 357 3512 621 3566; x_wconf 83' lang='lat' dir='ltr'><strong>afficietur</strong></span> <span class='ocrx_word' id='word_1_224' title='bbox 657 3510 712 3563; x_wconf 92' lang='lat' dir='ltr'><strong><em>P</em></strong></span> <span class='ocrx_word' id='word_1_225' title='bbox 782 3512 814 3563; x_wconf 86' lang='lat'><strong>3</strong></span> <span class='ocrx_word' id='word_1_226' title='bbox 852 3510 1161 3580; x_wconf 87' lang='lat' dir='ltr'><strong>implicatus</strong></span> <span class='ocrx_word' id='word_1_227' title='bbox 1199 3511 1254 3563; x_wconf 91' lang='lat' dir='ltr'><em>P</em></span> <span class='ocrx_word' id='word_1_228' title='bbox 1397 3511 1671 3580; x_wconf 87' lang='lat' dir='ltr'><strong>imperitia</strong></span> <span class='ocrx_word' id='word_1_229' title='bbox 1704 3512 1759 3564; x_wconf 91' lang='lat' dir='ltr'><strong><em>P</em></strong></span> <span class='ocrx_word' id='word_1_230' title='bbox 1828 3512 1861 3563; x_wconf 81' lang='lat'>4</span> <span class='ocrx_word' id='word_1_231' title='bbox 1903 3510 2175 3565; x_wconf 85' lang='lat' dir='ltr'><strong>demersus</strong></span> <span class='ocrx_word' id='word_1_232' title='bbox 2215 3528 2316 3565; x_wconf 88' lang='lat' dir='ltr'><strong>om.</strong></span> <span class='ocrx_word' id='word_1_233' title='bbox 2348 3512 2379 3565; x_wconf 84' lang='lat' dir='ltr'><strong><em>b</em></strong></span> <span class='ocrx_word' id='word_1_234' title='bbox 2453 3514 2485 3565; x_wconf 87' lang='grc'><strong>5</strong></span> <span class='ocrx_word' id='word_1_235' title='bbox 2526 3528 2653 3581; x_wconf 85' lang='lat' dir='ltr'><strong>ergo</strong></span> 
     </span>
     <span class='ocr_line' id='line_1_33' title="bbox 355 3598 2653 3669; baseline -0.001 -15"><span class='ocrx_word' id='word_1_236' title='bbox 355 3601 474 3669; x_wconf 87' lang='lat' dir='ltr'><strong>hoc]</strong></span> <span class='ocrx_word' id='word_1_237' title='bbox 513 3601 644 3653; x_wconf 88' lang='lat' dir='ltr'><strong>haec</strong></span> <span class='ocrx_word' id='word_1_238' title='bbox 684 3598 900 3669; x_wconf 89' lang='lat' dir='ltr'><strong>ergoH</strong></span> <span class='ocrx_word' id='word_1_239' title='bbox 929 3599 1031 3652; x_wconf 88' lang='lat' dir='ltr'><strong>hoc</strong></span> <span class='ocrx_word' id='word_1_240' title='bbox 1071 3616 1197 3669; x_wconf 85' lang='lat' dir='ltr'><strong>ergo</strong></span> <span class='ocrx_word' id='word_1_241' title='bbox 1251 3600 1350 3653; x_wconf 75' lang='grc' dir='ltr'><strong>ΤΒ</strong></span> <span class='ocrx_word' id='word_1_242' title='bbox 1493 3616 1681 3653; x_wconf 86' lang='lat' dir='ltr'><strong>uerum</strong></span> <span class='ocrx_word' id='word_1_243' title='bbox 1721 3600 1924 3653; x_wconf 85' lang='lat' dir='ltr'><strong>diceret</strong></span> <span class='ocrx_word' id='word_1_244' title='bbox 1966 3600 2047 3660; x_wconf 78' lang='lat' dir='ltr'><strong>(in</strong></span> <span class='ocrx_word' id='word_1_245' title='bbox 2082 3604 2274 3669; x_wconf 62' lang='lat' dir='ltr'><strong>marg.)</strong></span> <span class='ocrx_word' id='word_1_246' title='bbox 2330 3600 2383 3651; x_wconf 91' lang='lat' dir='ltr'><strong><em>V</em></strong></span> <span class='ocrx_word' id='word_1_247' title='bbox 2488 3602 2518 3651; x_wconf 81' lang='grc'><strong>6</strong></span> <span class='ocrx_word' id='word_1_248' title='bbox 2558 3600 2653 3652; x_wconf 86' lang='lat' dir='ltr'><strong>sed</strong></span> 
     </span>
     <span class='ocr_line' id='line_1_34' title="bbox 359 3688 2657 3758; baseline -0.001 -15"><span class='ocrx_word' id='word_1_249' title='bbox 359 3690 468 3743; x_wconf 81' lang='lat' dir='ltr'><strong>etia-</strong></span> <span class='ocrx_word' id='word_1_250' title='bbox 495 3690 528 3743; x_wconf 81' lang='lat' dir='ltr'><strong><em>b</em></strong></span> <span class='ocrx_word' id='word_1_251' title='bbox 603 3688 634 3741; x_wconf 88' lang='lat'><strong>7</strong></span> <span class='ocrx_word' id='word_1_252' title='bbox 663 3688 720 3742; x_wconf 89' lang='lat' dir='ltr'><strong>in</strong></span> <span class='ocrx_word' id='word_1_253' title='bbox 758 3703 984 3757; x_wconf 88' lang='lat' dir='ltr'><strong>quorum</strong></span> <span class='ocrx_word' id='word_1_254' title='bbox 1021 3704 1210 3742; x_wconf 90' lang='lat' dir='ltr'><strong>manus</strong></span> <span class='ocrx_word' id='word_1_255' title='bbox 1241 3688 1272 3741; x_wconf 84' lang='lat' dir='ltr'><strong><em>b</em></strong></span> <span class='ocrx_word' id='word_1_256' title='bbox 1383 3688 1641 3741; x_wconf 76' lang='lat' dir='ltr'><strong>cocitaret</strong></span> <span class='ocrx_word' id='word_1_257' title='bbox 1676 3688 1723 3741; x_wconf 88' lang='lat' dir='ltr'><em>T</em></span> <span class='ocrx_word' id='word_1_258' title='bbox 1832 3689 1899 3742; x_wconf 91' lang='lat'><strong>10</strong></span> <span class='ocrx_word' id='word_1_259' title='bbox 1933 3689 2105 3757; x_wconf 85' lang='lat' dir='ltr'><strong>igitur</strong></span> <span class='ocrx_word' id='word_1_260' title='bbox 2134 3688 2164 3741; x_wconf 88' lang='lat' dir='ltr'><strong><em>b</em></strong></span> <span class='ocrx_word' id='word_1_261' title='bbox 2282 3692 2336 3744; x_wconf 92' lang='lat' dir='ltr'><strong>ll</strong></span> <span class='ocrx_word' id='word_1_262' title='bbox 2371 3688 2561 3758; x_wconf 89' lang='lat' dir='ltr'><strong>inquid</strong></span> <span class='ocrx_word' id='word_1_263' title='bbox 2590 3688 2657 3742; x_wconf 88' lang='lat' dir='ltr'><strong><em>H</em></strong></span> 
     </span>
     <span class='ocr_line' id='line_1_35' title="bbox 357 3765 2651 3846; baseline -0.001 -15"><span class='ocrx_word' id='word_1_264' title='bbox 357 3779 559 3832; x_wconf 86' lang='lat' dir='ltr'><strong>noticia</strong></span> <span class='ocrx_word' id='word_1_265' title='bbox 601 3779 648 3831; x_wconf 86' lang='grc' dir='ltr'><em>Τ</em></span> <span class='ocrx_word' id='word_1_266' title='bbox 749 3777 811 3829; x_wconf 87' lang='grc'><strong>12</strong></span> <span class='ocrx_word' id='word_1_267' title='bbox 849 3765 1006 3831; x_wconf 71' lang='lat' dir='ltr'><strong>k&#39;mis</strong></span> <span class='ocrx_word' id='word_1_268' title='bbox 1049 3778 1097 3830; x_wconf 82' lang='lat' dir='ltr'><em>T</em></span> <span class='ocrx_word' id='word_1_269' title='bbox 1207 3778 1270 3829; x_wconf 87' lang='grc'><strong>13</strong></span> <span class='ocrx_word' id='word_1_270' title='bbox 1309 3776 1534 3830; x_wconf 87' lang='lat' dir='ltr'><strong>credunt</strong></span> <span class='ocrx_word' id='word_1_271' title='bbox 1570 3776 1895 3830; x_wconf 87' lang='lat' dir='ltr'><strong>caelestibus</strong></span> <span class='ocrx_word' id='word_1_272' title='bbox 1937 3777 2019 3830; x_wconf 87' lang='lat' dir='ltr'><strong>Vb</strong></span> <span class='ocrx_word' id='word_1_273' title='bbox 2130 3778 2204 3830; x_wconf 85' lang='lat' dir='ltr'><strong>sit</strong></span> <span class='ocrx_word' id='word_1_274' title='bbox 2240 3780 2323 3846; x_wconf 86' lang='lat' dir='ltr'><strong>ut]</strong></span> <span class='ocrx_word' id='word_1_275' title='bbox 2362 3778 2504 3831; x_wconf 88' lang='lat' dir='ltr'><strong>sicut</strong></span> <span class='ocrx_word' id='word_1_276' title='bbox 2550 3778 2651 3829; x_wconf 91' lang='lat' dir='ltr'><strong>VL</strong></span> 
     </span>
     <span class='ocr_line' id='line_1_36' title="bbox 365 3864 2651 3937; baseline -0 -19"><span class='ocrx_word' id='word_1_277' title='bbox 365 3868 424 3920; x_wconf 77' lang='lat'><strong>16</strong></span> <span class='ocrx_word' id='word_1_278' title='bbox 463 3867 570 3921; x_wconf 85' lang='lat' dir='ltr'><strong>dici</strong></span> <span class='ocrx_word' id='word_1_279' title='bbox 605 3882 764 3937; x_wconf 86' lang='lat' dir='ltr'><strong>posse</strong></span> <span class='ocrx_word' id='word_1_280' title='bbox 803 3866 834 3919; x_wconf 80' lang='lat' dir='ltr'><strong><em>b</em></strong></span> <span class='ocrx_word' id='word_1_281' title='bbox 947 3867 1012 3920; x_wconf 89' lang='lat'><strong>18</strong></span> <span class='ocrx_word' id='word_1_282' title='bbox 1051 3866 1244 3935; x_wconf 81' lang='lat' dir='ltr'><strong>adhoc]</strong></span> <span class='ocrx_word' id='word_1_283' title='bbox 1283 3865 1456 3919; x_wconf 87' lang='lat' dir='ltr'><strong>adhuc</strong></span> <span class='ocrx_word' id='word_1_284' title='bbox 1495 3864 1799 3919; x_wconf 78' lang='lat' dir='ltr'><strong><em>HVTOSb</em></strong></span> <span class='ocrx_word' id='word_1_285' title='bbox 1910 3870 2161 3919; x_wconf 74' lang='lat' dir='ltr'><strong>secuntur</strong></span> <span class='ocrx_word' id='word_1_286' title='bbox 2196 3866 2265 3919; x_wconf 83' lang='lat' dir='ltr'><strong><em>H</em></strong></span> <span class='ocrx_word' id='word_1_287' title='bbox 2370 3867 2437 3919; x_wconf 88' lang='lat'><strong>19</strong></span> <span class='ocrx_word' id='word_1_288' title='bbox 2473 3866 2651 3919; x_wconf 90' lang='lat' dir='ltr'><strong>incur-</strong></span> 
     </span>
     <span class='ocr_line' id='line_1_37' title="bbox 360 3954 2651 4024; baseline -0.002 -13"><span class='ocrx_word' id='word_1_289' title='bbox 360 3959 564 4011; x_wconf 86' lang='lat' dir='ltr'><strong>satione</strong></span> <span class='ocrx_word' id='word_1_290' title='bbox 603 3956 670 4009; x_wconf 86' lang='lat' dir='ltr'><strong><em>H</em></strong></span> <span class='ocrx_word' id='word_1_291' title='bbox 676 3954 960 4010; x_wconf 80' lang='lat' dir='ltr'><strong><em>TVCSLb</em></strong></span> <span class='ocrx_word' id='word_1_292' title='bbox 1108 3956 1176 4008; x_wconf 86' lang='lat'><strong>20</strong></span> <span class='ocrx_word' id='word_1_293' title='bbox 1215 3960 1378 4024; x_wconf 88' lang='lat' dir='ltr'><strong>atque</strong></span> <span class='ocrx_word' id='word_1_294' title='bbox 1419 3955 1450 4008; x_wconf 80' lang='lat' dir='ltr'><strong><em>b</em></strong></span> <span class='ocrx_word' id='word_1_295' title='bbox 1615 3960 1671 4008; x_wconf 89' lang='lat' dir='ltr'><strong>et</strong></span> <span class='ocrx_word' id='word_1_296' title='bbox 1708 3962 1837 4009; x_wconf 74' lang='lat' dir='ltr'><strong>ante</strong></span> <span class='ocrx_word' id='word_1_297' title='bbox 1872 3956 2087 4009; x_wconf 87' lang='lat' dir='ltr'><strong>omnino</strong></span> <span class='ocrx_word' id='word_1_298' title='bbox 2130 3956 2259 4009; x_wconf 82' lang='lat' dir='ltr'><strong>add.</strong></span> <span class='ocrx_word' id='word_1_299' title='bbox 2300 3972 2367 4008; x_wconf 87' lang='lat' dir='ltr'><strong>m.</strong></span> <span class='ocrx_word' id='word_1_300' title='bbox 2406 3960 2530 4021; x_wconf 84' lang='lat' dir='ltr'><strong>rec.)</strong></span> <span class='ocrx_word' id='word_1_301' title='bbox 2572 3954 2651 4019; x_wconf 83' lang='lat' dir='ltr'><strong>H,</strong></span> 
     </span>
     <span class='ocr_line' id='line_1_38' title="bbox 359 4043 2653 4114; baseline -0.002 -14"><span class='ocrx_word' id='word_1_302' title='bbox 359 4062 458 4100; x_wconf 87' lang='lat' dir='ltr'><strong>om.</strong></span> <span class='ocrx_word' id='word_1_303' title='bbox 505 4046 606 4099; x_wconf 74' lang='grc' dir='ltr'><strong>ΤΒ</strong></span> <span class='ocrx_word' id='word_1_304' title='bbox 619 4044 803 4099; x_wconf 86' lang='lat' dir='ltr'><strong><em>VCLb</em></strong></span> <span class='ocrx_word' id='word_1_305' title='bbox 950 4044 1148 4114; x_wconf 90' lang='lat' dir='ltr'><strong>quippe</strong></span> <span class='ocrx_word' id='word_1_306' title='bbox 1189 4043 1446 4113; x_wconf 86' lang='lat' dir='ltr'><strong>quicquid</strong></span> <span class='ocrx_word' id='word_1_307' title='bbox 1484 4045 1516 4097; x_wconf 90' lang='lat' dir='ltr'><strong><em>b</em></strong></span> <span class='ocrx_word' id='word_1_308' title='bbox 1662 4044 1729 4097; x_wconf 86' lang='lat'><strong>21</strong></span> <span class='ocrx_word' id='word_1_309' title='bbox 1770 4044 2027 4097; x_wconf 86' lang='lat' dir='ltr'><strong>scribtum</strong></span> <span class='ocrx_word' id='word_1_310' title='bbox 2064 4044 2183 4097; x_wconf 87' lang='lat' dir='ltr'><strong>PH</strong></span> <span class='ocrx_word' id='word_1_311' title='bbox 2324 4045 2392 4097; x_wconf 88' lang='grc'><strong>22</strong></span> <span class='ocrx_word' id='word_1_312' title='bbox 2440 4058 2653 4113; x_wconf 87' lang='lat' dir='ltr'><strong>reprae-</strong></span> 
     </span>
     <span class='ocr_line' id='line_1_39' title="bbox 358 4132 2650 4203; baseline -0.001 -15"><span class='ocrx_word' id='word_1_313' title='bbox 358 4134 588 4189; x_wconf 90' lang='lat' dir='ltr'><strong>hendere</strong></span> <span class='ocrx_word' id='word_1_314' title='bbox 626 4134 734 4188; x_wconf 80' lang='lat' dir='ltr'><strong>PT</strong></span> <span class='ocrx_word' id='word_1_315' title='bbox 803 4134 869 4186; x_wconf 86' lang='lat'><strong>23</strong></span> <span class='ocrx_word' id='word_1_316' title='bbox 910 4149 1101 4203; x_wconf 86' lang='lat' dir='ltr'><strong>operae</strong></span> <span class='ocrx_word' id='word_1_317' title='bbox 1137 4132 1204 4185; x_wconf 86' lang='lat' dir='ltr'><em>H</em></span> <span class='ocrx_word' id='word_1_318' title='bbox 1211 4133 1552 4187; x_wconf 81' lang='lat' dir='ltr'><strong><em>TRVSGLb</em></strong></span> <span class='ocrx_word' id='word_1_319' title='bbox 1697 4150 2069 4187; x_wconf 85' lang='lat' dir='ltr'><strong>consumamus</strong></span> <span class='ocrx_word' id='word_1_320' title='bbox 2107 4133 2403 4187; x_wconf 77' lang='lat' dir='ltr'><strong><em>H&#39;VCSLb</em></strong></span> <span class='ocrx_word' id='word_1_321' title='bbox 2443 4138 2650 4185; x_wconf 74' lang='lat' dir='ltr'><strong>ceuma-</strong></span> 
     </span>
     <span class='ocr_line' id='line_1_40' title="bbox 361 4221 2650 4293; baseline -0.001 -16"><span class='ocrx_word' id='word_1_322' title='bbox 361 4240 476 4277; x_wconf 88' lang='lat' dir='ltr'><strong>mus</strong></span> <span class='ocrx_word' id='word_1_323' title='bbox 521 4224 569 4276; x_wconf 83' lang='lat' dir='ltr'><em>T</em></span> <span class='ocrx_word' id='word_1_324' title='bbox 711 4224 779 4276; x_wconf 89' lang='grc'><strong>25</strong></span> <span class='ocrx_word' id='word_1_325' title='bbox 820 4221 910 4293; x_wconf 91' lang='lat' dir='ltr'><strong>de]</strong></span> <span class='ocrx_word' id='word_1_326' title='bbox 945 4226 1002 4277; x_wconf 92' lang='lat' dir='ltr'><strong>te</strong></span> <span class='ocrx_word' id='word_1_327' title='bbox 1050 4222 1102 4275; x_wconf 88' lang='lat' dir='ltr'><strong><em>V</em></strong></span> <span class='ocrx_word' id='word_1_328' title='bbox 1241 4222 1432 4293; x_wconf 90' lang='lat' dir='ltr'><strong>inquid</strong></span> <span class='ocrx_word' id='word_1_329' title='bbox 1467 4222 1536 4276; x_wconf 88' lang='lat' dir='ltr'><strong><em>H</em></strong></span> <span class='ocrx_word' id='word_1_330' title='bbox 1677 4222 2026 4276; x_wconf 88' lang='lat' dir='ltr'><strong>dilectissime</strong></span> <span class='ocrx_word' id='word_1_331' title='bbox 2065 4222 2232 4277; x_wconf 88' lang='lat' dir='ltr'><strong>frater</strong></span> <span class='ocrx_word' id='word_1_332' title='bbox 2270 4223 2301 4275; x_wconf 84' lang='lat' dir='ltr'><strong><em>b</em></strong></span> <span class='ocrx_word' id='word_1_333' title='bbox 2448 4221 2650 4275; x_wconf 87' lang='lat' dir='ltr'><strong>Pattici</strong></span> 
     </span>
     <span class='ocr_line' id='line_1_41' title="bbox 361 4309 2651 4382; baseline -0.002 -17"><span class='ocrx_word' id='word_1_334' title='bbox 361 4312 522 4382; x_wconf 87' lang='lat' dir='ltr'><strong>quod]</strong></span> <span class='ocrx_word' id='word_1_335' title='bbox 569 4312 770 4367; x_wconf 85' lang='lat' dir='ltr'><strong>audisti</strong></span> <span class='ocrx_word' id='word_1_336' title='bbox 815 4328 884 4365; x_wconf 90' lang='lat' dir='ltr'><strong>ne</strong></span> <span class='ocrx_word' id='word_1_337' title='bbox 931 4311 1074 4381; x_wconf 90' lang='lat' dir='ltr'><strong>quod</strong></span> <span class='ocrx_word' id='word_1_338' title='bbox 1121 4310 1188 4364; x_wconf 88' lang='lat' dir='ltr'><em>H</em></span> <span class='ocrx_word' id='word_1_339' title='bbox 1231 4311 1518 4365; x_wconf 84' lang='lat' dir='ltr'><strong>audistime</strong></span> <span class='ocrx_word' id='word_1_340' title='bbox 1566 4310 1711 4380; x_wconf 90' lang='lat' dir='ltr'><strong>quod</strong></span> <span class='ocrx_word' id='word_1_341' title='bbox 1763 4310 1810 4361; x_wconf 89' lang='lat' dir='ltr'><em>T</em></span> <span class='ocrx_word' id='word_1_342' title='bbox 1848 4310 2121 4363; x_wconf 84' lang='lat' dir='ltr'><strong>audistine</strong></span> <span class='ocrx_word' id='word_1_343' title='bbox 2175 4311 2319 4381; x_wconf 89' lang='lat' dir='ltr'><strong>quod</strong></span> <span class='ocrx_word' id='word_1_344' title='bbox 2355 4310 2411 4365; x_wconf 79' lang='lat' dir='ltr'><em>R</em></span> <span class='ocrx_word' id='word_1_345' title='bbox 2450 4309 2651 4363; x_wconf 87' lang='lat' dir='ltr'><strong>audisti</strong></span> 
     </span>
     <span class='ocr_line' id='line_1_42' title="bbox 360 4398 2045 4471; baseline -0.001 -18"><span class='ocrx_word' id='word_1_346' title='bbox 360 4400 426 4453; x_wconf 89' lang='lat' dir='ltr'><strong>de</strong></span> <span class='ocrx_word' id='word_1_347' title='bbox 465 4418 570 4471; x_wconf 88' lang='lat' dir='ltr'><strong>quo</strong></span> <span class='ocrx_word' id='word_1_348' title='bbox 619 4401 798 4455; x_wconf 62' lang='lat' dir='ltr'><strong><em>VS&#39;Lb</em></strong></span> <span class='ocrx_word' id='word_1_349' title='bbox 837 4400 1090 4455; x_wconf 83' lang='lat' dir='ltr'><strong>audatius</strong></span> <span class='ocrx_word' id='word_1_350' title='bbox 1130 4400 1388 4470; x_wconf 85' lang='lat' dir='ltr'><strong>(auditius</strong></span> <span class='ocrx_word' id='word_1_351' title='bbox 1409 4400 1458 4467; x_wconf 66' lang='lat' dir='ltr'><strong>P)</strong></span> <span class='ocrx_word' id='word_1_352' title='bbox 1501 4399 1701 4453; x_wconf 83' lang='lat' dir='ltr'><strong>audisti</strong></span> <span class='ocrx_word' id='word_1_353' title='bbox 1740 4398 1805 4452; x_wconf 90' lang='lat' dir='ltr'><strong>de</strong></span> <span class='ocrx_word' id='word_1_354' title='bbox 1844 4416 1949 4469; x_wconf 92' lang='lat' dir='ltr'><strong>quo</strong></span> <span class='ocrx_word' id='word_1_355' title='bbox 1997 4398 2045 4452; x_wconf 83' lang='lat'><em>0</em></span> 
     </span>
    </p>
   </div>
  </div>
 </body>
</html>
