<?xml version="1.0" encoding="UTF-8"?>
<!DOCTYPE html PUBLIC "-//W3C//DTD XHTML 1.0 Transitional//EN"
    "http://www.w3.org/TR/xhtml1/DTD/xhtml1-transitional.dtd">
<html xmlns="http://www.w3.org/1999/xhtml" xml:lang="en" lang="en">
 <head>
  <title>
</title>
<meta http-equiv="Content-Type" content="text/html;charset=utf-8" />
  <meta name='ocr-system' content='tesseract 3.04.00' />
  <meta name='ocr-capabilities' content='ocr_page ocr_carea ocr_par ocr_line ocrx_word'/>
</head>
<body>
  <div class='ocr_page' id='page_1' title='image "./corpusscriptoru27wissgoog_0479.png"; bbox 0 0 3159 4984; ppageno 0'>
   <div class='ocr_carea' id='block_1_1' title="bbox 887 480 2643 545">
    <p class='ocr_par' dir='ltr' id='par_1_1' title="bbox 887 480 2643 545">
     <span class='ocr_line' id='line_1_1' title="bbox 887 480 2643 545; baseline 0.003 -12"><span class='ocrx_word' id='word_1_1' title='bbox 887 482 982 534; x_wconf 75' lang='lat' dir='ltr'>Vl.</span> <span class='ocrx_word' id='word_1_2' title='bbox 1041 480 1329 536; x_wconf 80' lang='lat' dir='ltr'>Contra</span> <span class='ocrx_word' id='word_1_3' title='bbox 1384 482 1756 535; x_wconf 83' lang='lat' dir='ltr'>Faustum</span> <span class='ocrx_word' id='word_1_4' title='bbox 1813 480 1940 533; x_wconf 90' lang='lat' dir='ltr'>lib.</span> <span class='ocrx_word' id='word_1_5' title='bbox 1996 480 2144 535; x_wconf 85' lang='lat' dir='ltr'>XVI.</span> <span class='ocrx_word' id='word_1_6' title='bbox 2513 483 2643 545; x_wconf 83' lang='grc'>469</span> 
     </span>
    </p>
   </div>
   <div class='ocr_carea' id='block_1_2' title="bbox 256 672 2662 3630">
    <p class='ocr_par' dir='ltr' id='par_1_2' title="bbox 256 672 2662 3630">
     <span class='ocr_line' id='line_1_2' title="bbox 348 672 2648 755; baseline 0.001 -20"><span class='ocrx_word' id='word_1_7' title='bbox 348 675 583 738; x_wconf 91' lang='lat' dir='ltr'>rentur.</span> <span class='ocrx_word' id='word_1_8' title='bbox 634 692 759 738; x_wconf 89' lang='lat' dir='ltr'>non</span> <span class='ocrx_word' id='word_1_9' title='bbox 804 672 1005 755; x_wconf 91' lang='lat' dir='ltr'>igitur</span> <span class='ocrx_word' id='word_1_10' title='bbox 1042 672 1334 738; x_wconf 87' lang='lat' dir='ltr'>Christus</span> <span class='ocrx_word' id='word_1_11' title='bbox 1371 672 1740 737; x_wconf 76' lang='lat' dir='ltr'><strong>Israhelitas</strong></span> <span class='ocrx_word' id='word_1_12' title='bbox 1790 692 1826 735; x_wconf 89' lang='lat' dir='ltr'>a</span> <span class='ocrx_word' id='word_1_13' title='bbox 1864 673 1980 738; x_wconf 87' lang='lat' dir='ltr'>deo</span> <span class='ocrx_word' id='word_1_14' title='bbox 2022 692 2137 738; x_wconf 89' lang='lat' dir='ltr'>suo</span> <span class='ocrx_word' id='word_1_15' title='bbox 2178 675 2437 739; x_wconf 87' lang='lat' dir='ltr'>uolebat</span> <span class='ocrx_word' id='word_1_16' title='bbox 2474 693 2648 738; x_wconf 87' lang='lat' dir='ltr'>auer-</span> 
     </span>
     <span class='ocr_line' id='line_1_3' title="bbox 345 779 2650 865; baseline 0.001 -23"><span class='ocrx_word' id='word_1_17' title='bbox 345 782 499 857; x_wconf 89' lang='lat' dir='ltr'>tere,</span> <span class='ocrx_word' id='word_1_18' title='bbox 552 779 665 845; x_wconf 88' lang='lat' dir='ltr'>sed</span> <span class='ocrx_word' id='word_1_19' title='bbox 706 799 813 845; x_wconf 93' lang='lat' dir='ltr'>eos</span> <span class='ocrx_word' id='word_1_20' title='bbox 851 780 1089 862; x_wconf 71' lang='lat' dir='ltr'>potiuS,</span> <span class='ocrx_word' id='word_1_21' title='bbox 1131 780 1298 862; x_wconf 91' lang='lat' dir='ltr'>quod</span> <span class='ocrx_word' id='word_1_22' title='bbox 1338 780 1416 843; x_wconf 88' lang='lat' dir='ltr'>ab</span> <span class='ocrx_word' id='word_1_23' title='bbox 1454 780 1568 845; x_wconf 89' lang='lat' dir='ltr'>illo</span> <span class='ocrx_word' id='word_1_24' title='bbox 1609 784 2064 858; x_wconf 85' lang='lat' dir='ltr'>auerterentur,</span> <span class='ocrx_word' id='word_1_25' title='bbox 2105 782 2430 865; x_wconf 88' lang='lat' dir='ltr'>arguebat.</span> <span class='ocrx_word' id='word_1_26' title='bbox 2478 799 2650 845; x_wconf 89' lang='lat' dir='ltr'>man-</span> 
     </span>
     <span class='ocr_line' id='line_1_4' title="bbox 348 886 2650 972; baseline 0.002 -23"><span class='ocrx_word' id='word_1_27' title='bbox 348 886 641 950; x_wconf 88' lang='lat' dir='ltr'>datorum</span> <span class='ocrx_word' id='word_1_28' title='bbox 698 892 915 951; x_wconf 89' lang='lat' dir='ltr'>autem</span> <span class='ocrx_word' id='word_1_29' title='bbox 972 887 1229 967; x_wconf 84' lang='lat' dir='ltr'>aliquod</span> <span class='ocrx_word' id='word_1_30' title='bbox 1286 906 1525 962; x_wconf 91' lang='lat' dir='ltr'>eorum,</span> <span class='ocrx_word' id='word_1_31' title='bbox 1586 906 1748 969; x_wconf 91' lang='lat' dir='ltr'>quae</span> <span class='ocrx_word' id='word_1_32' title='bbox 1804 906 1916 970; x_wconf 89' lang='lat' dir='ltr'>per</span> <span class='ocrx_word' id='word_1_33' title='bbox 1961 888 2229 972; x_wconf 82' lang='lat' dir='ltr'><strong>Moysen</strong></span> <span class='ocrx_word' id='word_1_34' title='bbox 2287 889 2432 953; x_wconf 89' lang='lat' dir='ltr'>data</span> <span class='ocrx_word' id='word_1_35' title='bbox 2480 891 2650 953; x_wconf 87' lang='lat' dir='ltr'>sunt.</span> 
     </span>
     <span class='ocr_line' id='line_1_5' title="bbox 350 992 2651 1078; baseline 0.001 -23"><span class='ocrx_word' id='word_1_36' title='bbox 350 992 684 1077; x_wconf 81' lang='lat' dir='ltr'>infregisse</span> <span class='ocrx_word' id='word_1_37' title='bbox 734 992 1062 1057; x_wconf 88' lang='lat' dir='ltr'>dominum</span> <span class='ocrx_word' id='word_1_38' title='bbox 1111 992 1222 1074; x_wconf 91' lang='lat' dir='ltr'>qui</span> <span class='ocrx_word' id='word_1_39' title='bbox 1268 993 1626 1070; x_wconf 83' lang='lat' dir='ltr'>arbitratur,</span> <span class='ocrx_word' id='word_1_40' title='bbox 1675 1012 1800 1059; x_wconf 92' lang='lat' dir='ltr'>non</span> <span class='ocrx_word' id='word_1_41' title='bbox 1847 994 2099 1072; x_wconf 89' lang='lat' dir='ltr'>mirum,</span> <span class='ocrx_word' id='word_1_42' title='bbox 2161 996 2216 1059; x_wconf 92' lang='lat' dir='ltr'>si</span> <span class='ocrx_word' id='word_1_43' title='bbox 2270 995 2394 1060; x_wconf 91' lang='lat' dir='ltr'>hoc</span> <span class='ocrx_word' id='word_1_44' title='bbox 2447 998 2651 1078; x_wconf 89' lang='lat' dir='ltr'>putat,</span> 
     </span>
     <span class='ocr_line' id='line_1_6' title="bbox 296 1098 2651 1181; baseline 0 -16"><span class='ocrx_word' id='word_1_45' title='bbox 296 1128 322 1165; x_wconf 78' lang='lat'><strong>5</strong></span> <span class='ocrx_word' id='word_1_46' title='bbox 354 1098 521 1179; x_wconf 90' lang='lat' dir='ltr'>quod</span> <span class='ocrx_word' id='word_1_47' title='bbox 568 1098 824 1173; x_wconf 79' lang='lat' dir='ltr'>Iudaei3</span> <span class='ocrx_word' id='word_1_48' title='bbox 876 1098 988 1163; x_wconf 88' lang='lat' dir='ltr'>sed</span> <span class='ocrx_word' id='word_1_49' title='bbox 1032 1098 1175 1164; x_wconf 87' lang='lat' dir='ltr'>ideo</span> <span class='ocrx_word' id='word_1_50' title='bbox 1226 1101 1408 1177; x_wconf 86' lang='lat' dir='ltr'>errat,</span> <span class='ocrx_word' id='word_1_51' title='bbox 1458 1100 1608 1181; x_wconf 89' lang='lat' dir='ltr'>quia</span> <span class='ocrx_word' id='word_1_52' title='bbox 1641 1101 1706 1163; x_wconf 92' lang='lat' dir='ltr'>in</span> <span class='ocrx_word' id='word_1_53' title='bbox 1745 1100 1866 1165; x_wconf 91' lang='lat' dir='ltr'>hoc</span> <span class='ocrx_word' id='word_1_54' title='bbox 1907 1105 2272 1166; x_wconf 88' lang='lat' dir='ltr'>errauerunt</span> <span class='ocrx_word' id='word_1_55' title='bbox 2311 1106 2376 1166; x_wconf 93' lang='lat' dir='ltr'>et</span> <span class='ocrx_word' id='word_1_56' title='bbox 2411 1102 2651 1168; x_wconf 88' lang='lat' dir='ltr'>Iudaei.</span> 
     </span>
     <span class='ocr_line' id='line_1_7' title="bbox 350 1205 2654 1291; baseline 0.002 -24"><span class='ocrx_word' id='word_1_57' title='bbox 350 1205 464 1267; x_wconf 90' lang='lat' dir='ltr'>ubi</span> <span class='ocrx_word' id='word_1_58' title='bbox 510 1207 726 1269; x_wconf 88' lang='lat' dir='ltr'>autem</span> <span class='ocrx_word' id='word_1_59' title='bbox 763 1206 1045 1270; x_wconf 84' lang='lat' dir='ltr'>Faustus</span> <span class='ocrx_word' id='word_1_60' title='bbox 1095 1210 1527 1271; x_wconf 79' lang='lat' dir='ltr'>conmemorat</span> <span class='ocrx_word' id='word_1_61' title='bbox 1561 1207 1777 1289; x_wconf 89' lang='lat' dir='ltr'>ipsum</span> <span class='ocrx_word' id='word_1_62' title='bbox 1816 1208 2208 1286; x_wconf 88' lang='lat' dir='ltr'>mandatum,</span> <span class='ocrx_word' id='word_1_63' title='bbox 2249 1207 2419 1291; x_wconf 90' lang='lat' dir='ltr'>quod</span> <span class='ocrx_word' id='word_1_64' title='bbox 2459 1208 2654 1273; x_wconf 87' lang='lat' dir='ltr'>domi-</span> 
     </span>
     <span class='ocr_line' id='line_1_8' title="bbox 352 1311 2656 1397; baseline 0.002 -22"><span class='ocrx_word' id='word_1_65' title='bbox 352 1331 507 1375; x_wconf 89' lang='lat' dir='ltr'>num</span> <span class='ocrx_word' id='word_1_66' title='bbox 552 1311 889 1395; x_wconf 79' lang='lat' dir='ltr'>infregisse</span> <span class='ocrx_word' id='word_1_67' title='bbox 940 1313 1085 1375; x_wconf 89' lang='lat' dir='ltr'>uult</span> <span class='ocrx_word' id='word_1_68' title='bbox 1133 1313 1323 1378; x_wconf 89' lang='lat' dir='ltr'>credi.</span> <span class='ocrx_word' id='word_1_69' title='bbox 1371 1312 1461 1376; x_wconf 90' lang='lat' dir='ltr'>ibi</span> <span class='ocrx_word' id='word_1_70' title='bbox 1512 1331 1674 1396; x_wconf 90' lang='lat' dir='ltr'>opus</span> <span class='ocrx_word' id='word_1_71' title='bbox 1723 1316 1841 1379; x_wconf 89' lang='lat' dir='ltr'>est.</span> <span class='ocrx_word' id='word_1_72' title='bbox 1891 1317 1965 1378; x_wconf 89' lang='lat' dir='ltr'>ut</span> <span class='ocrx_word' id='word_1_73' title='bbox 2013 1315 2446 1393; x_wconf 74' lang='lat' dir='ltr'>ostendamus,</span> <span class='ocrx_word' id='word_1_74' title='bbox 2505 1334 2656 1397; x_wconf 91' lang='lat' dir='ltr'>quo-</span> 
     </span>
     <span class='ocr_line' id='line_1_9' title="bbox 348 1418 2653 1503; baseline 0.002 -22"><span class='ocrx_word' id='word_1_75' title='bbox 348 1418 539 1483; x_wconf 91' lang='lat' dir='ltr'>modo</span> <span class='ocrx_word' id='word_1_76' title='bbox 602 1418 881 1494; x_wconf 87' lang='lat' dir='ltr'>fallatur,</span> <span class='ocrx_word' id='word_1_77' title='bbox 952 1419 1122 1482; x_wconf 90' lang='lat' dir='ltr'>sicut</span> <span class='ocrx_word' id='word_1_78' title='bbox 1186 1419 1310 1482; x_wconf 89' lang='lat' dir='ltr'>iam</span> <span class='ocrx_word' id='word_1_79' title='bbox 1378 1439 1588 1503; x_wconf 88' lang='lat' dir='ltr'>supra,</span> <span class='ocrx_word' id='word_1_80' title='bbox 1658 1420 1770 1484; x_wconf 90' lang='lat' dir='ltr'>ubi</span> <span class='ocrx_word' id='word_1_81' title='bbox 1826 1422 2177 1503; x_wconf 84' lang='lat' dir='ltr'>oportebat,</span> <span class='ocrx_word' id='word_1_82' title='bbox 2237 1421 2653 1486; x_wconf 74' lang='lat' dir='ltr'>ostendimus,</span> 
     </span>
     <span class='ocr_line' id='line_1_10' title="bbox 350 1524 2656 1608; baseline 0.001 -19"><span class='ocrx_word' id='word_1_83' title='bbox 350 1543 519 1589; x_wconf 90' lang='lat' dir='ltr'>nunc</span> <span class='ocrx_word' id='word_1_84' title='bbox 565 1524 727 1588; x_wconf 88' lang='lat' dir='ltr'>illud</span> <span class='ocrx_word' id='word_1_85' title='bbox 776 1524 938 1601; x_wconf 82' lang='lat' dir='ltr'>dico,</span> <span class='ocrx_word' id='word_1_86' title='bbox 988 1526 1158 1606; x_wconf 87' lang='lat' dir='ltr'>quia,</span> <span class='ocrx_word' id='word_1_87' title='bbox 1200 1527 1255 1589; x_wconf 91' lang='lat' dir='ltr'>si</span> <span class='ocrx_word' id='word_1_88' title='bbox 1294 1526 1549 1608; x_wconf 82' lang='lat' dir='ltr'>aliquod</span> <span class='ocrx_word' id='word_1_89' title='bbox 1587 1527 1844 1592; x_wconf 88' lang='lat' dir='ltr'>illorum</span> <span class='ocrx_word' id='word_1_90' title='bbox 1883 1528 2322 1591; x_wconf 88' lang='lat' dir='ltr'>mandatorum</span> <span class='ocrx_word' id='word_1_91' title='bbox 2362 1528 2656 1592; x_wconf 89' lang='lat' dir='ltr'>dominus</span> 
     </span>
     <span class='ocr_line' id='line_1_11' title="bbox 260 1630 2656 1717; baseline 0.002 -24"><span class='ocrx_word' id='word_1_92' title='bbox 260 1663 313 1703; x_wconf 60' lang='grc' dir='ltr'>ιο,</span> <span class='ocrx_word' id='word_1_93' title='bbox 352 1630 740 1714; x_wconf 71' lang='lat' dir='ltr'>infregisset,</span> <span class='ocrx_word' id='word_1_94' title='bbox 790 1650 916 1696; x_wconf 89' lang='lat' dir='ltr'>non</span> <span class='ocrx_word' id='word_1_95' title='bbox 967 1630 1159 1695; x_wconf 87' lang='lat' dir='ltr'>etiam</span> <span class='ocrx_word' id='word_1_96' title='bbox 1208 1632 1285 1695; x_wconf 88' lang='lat' dir='ltr'>de</span> <span class='ocrx_word' id='word_1_97' title='bbox 1335 1632 1454 1697; x_wconf 91' lang='lat' dir='ltr'>hoc</span> <span class='ocrx_word' id='word_1_98' title='bbox 1499 1632 1641 1715; x_wconf 91' lang='lat' dir='ltr'>ipso</span> <span class='ocrx_word' id='word_1_99' title='bbox 1688 1632 1957 1697; x_wconf 87' lang='lat' dir='ltr'>Iudaeos</span> <span class='ocrx_word' id='word_1_100' title='bbox 2015 1634 2366 1717; x_wconf 75' lang='lat' dir='ltr'>arguisset:</span> <span class='ocrx_word' id='word_1_101' title='bbox 2425 1634 2656 1715; x_wconf 85' lang='lat' dir='ltr'>quibus</span> 
     </span>
     <span class='ocr_line' id='line_1_12' title="bbox 352 1737 2658 1822; baseline 0.002 -23"><span class='ocrx_word' id='word_1_102' title='bbox 352 1737 909 1808; x_wconf 79' lang='lat' dir='ltr'>calumniantibus,</span> <span class='ocrx_word' id='word_1_103' title='bbox 962 1739 1131 1820; x_wconf 91' lang='lat' dir='ltr'>quod</span> <span class='ocrx_word' id='word_1_104' title='bbox 1183 1738 1480 1822; x_wconf 89' lang='lat' dir='ltr'>discipuli</span> <span class='ocrx_word' id='word_1_105' title='bbox 1532 1741 1669 1804; x_wconf 90' lang='lat' dir='ltr'>eius</span> <span class='ocrx_word' id='word_1_106' title='bbox 1715 1740 1934 1804; x_wconf 84' lang='lat' dir='ltr'>inlotis</span> <span class='ocrx_word' id='word_1_107' title='bbox 1981 1740 2274 1805; x_wconf 91' lang='lat' dir='ltr'>manibus</span> <span class='ocrx_word' id='word_1_108' title='bbox 2321 1740 2658 1805; x_wconf 88' lang='lat' dir='ltr'>manduca·</span> 
     </span>
     <span class='ocr_line' id='line_1_13' title="bbox 350 1844 2658 1913; baseline 0.002 -7"><span class='ocrx_word' id='word_1_109' title='bbox 350 1846 492 1906; x_wconf 84' lang='lat' dir='ltr'>rent</span> <span class='ocrx_word' id='word_1_110' title='bbox 538 1846 604 1907; x_wconf 90' lang='lat' dir='ltr'>et</span> <span class='ocrx_word' id='word_1_111' title='bbox 649 1844 727 1908; x_wconf 91' lang='lat' dir='ltr'>ob</span> <span class='ocrx_word' id='word_1_112' title='bbox 774 1844 897 1909; x_wconf 93' lang='lat' dir='ltr'>hoc</span> <span class='ocrx_word' id='word_1_113' title='bbox 948 1845 1322 1911; x_wconf 78' lang='lat' dir='ltr'>excederent</span> <span class='ocrx_word' id='word_1_114' title='bbox 1366 1866 1490 1911; x_wconf 88' lang='lat' dir='ltr'>non</span> <span class='ocrx_word' id='word_1_115' title='bbox 1540 1846 1908 1910; x_wconf 88' lang='lat' dir='ltr'>mandatum</span> <span class='ocrx_word' id='word_1_116' title='bbox 1972 1846 2092 1913; x_wconf 88' lang='lat' dir='ltr'>dei.</span> <span class='ocrx_word' id='word_1_117' title='bbox 2136 1845 2246 1911; x_wconf 90' lang='lat' dir='ltr'>sed</span> <span class='ocrx_word' id='word_1_118' title='bbox 2286 1846 2658 1910; x_wconf 86' lang='lat' dir='ltr'>traditiones</span> 
     </span>
     <span class='ocr_line' id='line_1_14' title="bbox 353 1950 2658 2035; baseline 0.001 -23"><span class='ocrx_word' id='word_1_119' title='bbox 353 1950 693 2027; x_wconf 89' lang='lat' dir='ltr'>seniorum,</span> <span class='ocrx_word' id='word_1_120' title='bbox 745 1952 835 2014; x_wconf 85' lang='lat' dir='ltr'>ait</span> <span class='ocrx_word' id='word_1_121' title='bbox 871 1952 1043 2016; x_wconf 89' lang='lat' dir='ltr'>illis:</span> <span class='ocrx_word' id='word_1_122' title='bbox 1093 1952 1369 2034; x_wconf 89' lang='lat' dir='ltr'>utquid</span> <span class='ocrx_word' id='word_1_123' title='bbox 1420 1955 1495 2017; x_wconf 90' lang='lat' dir='ltr'>et</span> <span class='ocrx_word' id='word_1_124' title='bbox 1538 1972 1676 2018; x_wconf 90' lang='lat' dir='ltr'>uos</span> <span class='ocrx_word' id='word_1_125' title='bbox 1728 1952 2180 2035; x_wconf 87' lang='lat' dir='ltr'>egredimini</span> <span class='ocrx_word' id='word_1_126' title='bbox 2227 1953 2658 2017; x_wconf 88' lang='lat' dir='ltr'>mandatum</span> 
     </span>
     <span class='ocr_line' id='line_1_15' title="bbox 352 2056 2662 2142; baseline 0.002 -23"><span class='ocrx_word' id='word_1_127' title='bbox 352 2056 501 2123; x_wconf 85' lang='lat' dir='ltr'>dei.</span> <span class='ocrx_word' id='word_1_128' title='bbox 579 2060 662 2120; x_wconf 92' lang='lat' dir='ltr'>ut</span> <span class='ocrx_word' id='word_1_129' title='bbox 734 2057 1203 2123; x_wconf 86' lang='lat' dir='ltr'>traditiones</span> <span class='ocrx_word' id='word_1_130' title='bbox 1279 2062 1581 2123; x_wconf 84' lang='lat' dir='ltr'>uestras</span> <span class='ocrx_word' id='word_1_131' title='bbox 1661 2059 2076 2124; x_wconf 81' lang='lat' dir='ltr'>statuatis?</span> <span class='ocrx_word' id='word_1_132' title='bbox 2152 2060 2490 2142; x_wconf 90' lang='lat' dir='ltr'>ipsumque</span> <span class='ocrx_word' id='word_1_133' title='bbox 2559 2058 2662 2123; x_wconf 89' lang='lat' dir='ltr'>dei</span> 
     </span>
     <span class='ocr_line' id='line_1_16' title="bbox 258 2162 2658 2249; baseline 0.002 -24"><span class='ocrx_word' id='word_1_134' title='bbox 258 2198 309 2235; x_wconf 59' lang='grc' dir='ltr'>ις,</span> <span class='ocrx_word' id='word_1_135' title='bbox 348 2163 721 2226; x_wconf 87' lang='lat' dir='ltr'>mandatum</span> <span class='ocrx_word' id='word_1_136' title='bbox 789 2162 1260 2243; x_wconf 82' lang='lat' dir='ltr'>conmemorat,</span> <span class='ocrx_word' id='word_1_137' title='bbox 1341 2164 1513 2247; x_wconf 87' lang='lat' dir='ltr'>quod</span> <span class='ocrx_word' id='word_1_138' title='bbox 1577 2184 1691 2248; x_wconf 88' lang='lat' dir='ltr'>per</span> <span class='ocrx_word' id='word_1_139' title='bbox 1753 2165 2019 2249; x_wconf 83' lang='lat' dir='ltr'>Moysen</span> <span class='ocrx_word' id='word_1_140' title='bbox 2081 2162 2452 2228; x_wconf 84' lang='lat' dir='ltr'>mandatum</span> <span class='ocrx_word' id='word_1_141' title='bbox 2521 2184 2658 2229; x_wconf 87' lang='lat' dir='ltr'>esse</span> 
     </span>
     <span class='ocr_line' id='line_1_17' title="bbox 352 2257 2662 2354; baseline 0.002 -23"><span class='ocrx_word' id='word_1_142' title='bbox 352 2268 673 2333; x_wconf 79' lang='lat' dir='ltr'>nouimus,</span> <span class='ocrx_word' id='word_1_143' title='bbox 744 2257 1007 2335; x_wconf 86' lang='lat' dir='ltr'>secutus</span> <span class='ocrx_word' id='word_1_144' title='bbox 1079 2271 1315 2354; x_wconf 91' lang='lat' dir='ltr'>quippe</span> <span class='ocrx_word' id='word_1_145' title='bbox 1382 2272 1508 2335; x_wconf 86' lang='lat' dir='ltr'>ait:</span> <span class='ocrx_word' id='word_1_146' title='bbox 1578 2271 1763 2335; x_wconf 89' lang='lat' dir='ltr'>deus</span> <span class='ocrx_word' id='word_1_147' title='bbox 1831 2272 2025 2335; x_wconf 91' lang='lat' dir='ltr'>enim</span> <span class='ocrx_word' id='word_1_148' title='bbox 2092 2270 2310 2335; x_wconf 83' lang='lat' dir='ltr'>dixit:</span> <span class='ocrx_word' id='word_1_149' title='bbox 2356 2270 2662 2335; x_wconf 87' lang='lat' dir='ltr'>-honora</span> 
     </span>
     <span class='ocr_line' id='line_1_18' title="bbox 352 2378 2658 2461; baseline 0.001 -22"><span class='ocrx_word' id='word_1_150' title='bbox 352 2378 639 2459; x_wconf 87' lang='lat' dir='ltr'>patrem</span> <span class='ocrx_word' id='word_1_151' title='bbox 691 2379 765 2442; x_wconf 87' lang='lat' dir='ltr'>et</span> <span class='ocrx_word' id='word_1_152' title='bbox 810 2381 1128 2442; x_wconf 87' lang='lat' dir='ltr'>matrem</span> <span class='ocrx_word' id='word_1_153' title='bbox 1168 2382 1268 2442; x_wconf 84' lang='lat' dir='ltr'>et:</span> <span class='ocrx_word' id='word_1_154' title='bbox 1320 2380 1447 2461; x_wconf 92' lang='lat' dir='ltr'>qui</span> <span class='ocrx_word' id='word_1_155' title='bbox 1485 2378 1972 2441; x_wconf 80' lang='lat' dir='ltr'>maledixerit</span> <span class='ocrx_word' id='word_1_156' title='bbox 2007 2378 2209 2461; x_wconf 89' lang='lat' dir='ltr'>patri</span> <span class='ocrx_word' id='word_1_157' title='bbox 2249 2379 2380 2441; x_wconf 89' lang='lat' dir='ltr'>aut</span> <span class='ocrx_word' id='word_1_158' title='bbox 2414 2380 2658 2457; x_wconf 82' lang='lat' dir='ltr'>matri,</span> 
     </span>
     <span class='ocr_line' id='line_1_19' title="bbox 352 2484 2662 2566; baseline 0 -20"><span class='ocrx_word' id='word_1_159' title='bbox 352 2486 591 2547; x_wconf 89' lang='lat' dir='ltr'>morte</span> <span class='ocrx_word' id='word_1_160' title='bbox 631 2484 1023 2549; x_wconf 88' lang='lat' dir='ltr'>morietur.</span> <span class='ocrx_word' id='word_1_161' title='bbox 1077 2504 1212 2549; x_wconf 89' lang='lat' dir='ltr'>uos</span> <span class='ocrx_word' id='word_1_162' title='bbox 1254 2488 1503 2548; x_wconf 88' lang='lat' dir='ltr'>autem</span> <span class='ocrx_word' id='word_1_163' title='bbox 1544 2484 1840 2548; x_wconf 78' lang='lat' dir='ltr'>dicitis:</span> <span class='ocrx_word' id='word_1_164' title='bbox 1890 2485 2346 2566; x_wconf 82' lang='lat' dir='ltr'>quicumque</span> <span class='ocrx_word' id='word_1_165' title='bbox 2389 2484 2662 2547; x_wconf 83' lang='lat' dir='ltr'>dixerit</span> 
     </span>
     <span class='ocr_line' id='line_1_20' title="bbox 353 2590 2658 2673; baseline 0.001 -20"><span class='ocrx_word' id='word_1_166' title='bbox 353 2590 553 2673; x_wconf 88' lang='lat' dir='ltr'>patri</span> <span class='ocrx_word' id='word_1_167' title='bbox 618 2592 745 2655; x_wconf 90' lang='lat' dir='ltr'>uel</span> <span class='ocrx_word' id='word_1_168' title='bbox 810 2591 1054 2657; x_wconf 87' lang='lat' dir='ltr'>matri.</span> <span class='ocrx_word' id='word_1_169' title='bbox 1120 2610 1411 2669; x_wconf 85' lang='lat' dir='ltr'>munus,</span> <span class='ocrx_word' id='word_1_170' title='bbox 1480 2591 1679 2672; x_wconf 90' lang='lat' dir='ltr'>quod</span> <span class='ocrx_word' id='word_1_171' title='bbox 1727 2592 1844 2655; x_wconf 89' lang='lat' dir='ltr'>est</span> <span class='ocrx_word' id='word_1_172' title='bbox 1891 2610 1971 2655; x_wconf 85' lang='lat' dir='ltr'>ex</span> <span class='ocrx_word' id='word_1_173' title='bbox 2019 2610 2148 2668; x_wconf 86' lang='lat' dir='ltr'>me,</span> <span class='ocrx_word' id='word_1_174' title='bbox 2198 2590 2344 2655; x_wconf 91' lang='lat' dir='ltr'>tibi</span> <span class='ocrx_word' id='word_1_175' title='bbox 2391 2592 2658 2672; x_wconf 78' lang='lat' dir='ltr'>prosit,</span> 
     </span>
     <span class='ocr_line' id='line_1_21' title="bbox 256 2696 2658 2780; baseline 0.001 -20"><span class='ocrx_word' id='word_1_176' title='bbox 256 2730 313 2767; x_wconf 69' lang='lat'>20</span> <span class='ocrx_word' id='word_1_177' title='bbox 356 2715 497 2761; x_wconf 90' lang='lat' dir='ltr'>non</span> <span class='ocrx_word' id='word_1_178' title='bbox 563 2697 1068 2763; x_wconf 86' lang='lat' dir='ltr'>honorauerit</span> <span class='ocrx_word' id='word_1_179' title='bbox 1131 2700 1420 2780; x_wconf 89' lang='lat' dir='ltr'>patrem</span> <span class='ocrx_word' id='word_1_180' title='bbox 1489 2716 1736 2771; x_wconf 78' lang='lat' dir='ltr'>suum3</span> <span class='ocrx_word' id='word_1_181' title='bbox 1816 2700 1888 2760; x_wconf 91' lang='lat' dir='ltr'>et</span> <span class='ocrx_word' id='word_1_182' title='bbox 1961 2696 2276 2759; x_wconf 89' lang='lat' dir='ltr'>inritum</span> <span class='ocrx_word' id='word_1_183' title='bbox 2352 2697 2658 2763; x_wconf 88' lang='lat' dir='ltr'>fecistis</span> 
     </span>
     <span class='ocr_line' id='line_1_22' title="bbox 352 2801 2660 2895; baseline 0 -29"><span class='ocrx_word' id='word_1_184' title='bbox 352 2804 665 2895; x_wconf 86' lang='lat' dir='ltr'>uerbum</span> <span class='ocrx_word' id='word_1_185' title='bbox 735 2805 857 2868; x_wconf 90' lang='lat' dir='ltr'>dei</span> <span class='ocrx_word' id='word_1_186' title='bbox 916 2806 1232 2887; x_wconf 91' lang='lat' dir='ltr'>propter</span> <span class='ocrx_word' id='word_1_187' title='bbox 1303 2806 1640 2868; x_wconf 89' lang='lat' dir='ltr'>uestram</span> <span class='ocrx_word' id='word_1_188' title='bbox 1709 2801 2224 2866; x_wconf 87' lang='lat' dir='ltr'>traditionem.</span> <span class='ocrx_word' id='word_1_189' title='bbox 2296 2820 2420 2884; x_wconf 88' lang='lat' dir='ltr'>qua</span> <span class='ocrx_word' id='word_1_190' title='bbox 2474 2804 2539 2867; x_wconf 94' lang='lat' dir='ltr'>in</span> <span class='ocrx_word' id='word_1_191' title='bbox 2596 2822 2660 2867; x_wconf 89' lang='lat' dir='ltr'>re</span> 
     </span>
     <span class='ocr_line' id='line_1_23' title="bbox 354 2909 2654 2992; baseline -0 -18"><span class='ocrx_word' id='word_1_192' title='bbox 354 2910 589 2985; x_wconf 90' lang='lat' dir='ltr'>uidete,</span> <span class='ocrx_word' id='word_1_193' title='bbox 642 2929 832 2992; x_wconf 89' lang='lat' dir='ltr'>quam</span> <span class='ocrx_word' id='word_1_194' title='bbox 880 2912 1089 2975; x_wconf 88' lang='lat' dir='ltr'>multa</span> <span class='ocrx_word' id='word_1_195' title='bbox 1135 2930 1251 2976; x_wconf 92' lang='lat' dir='ltr'>nos</span> <span class='ocrx_word' id='word_1_196' title='bbox 1303 2910 1529 2975; x_wconf 90' lang='lat' dir='ltr'>doceat</span> <span class='ocrx_word' id='word_1_197' title='bbox 1575 2913 1641 2973; x_wconf 88' lang='lat' dir='ltr'>et</span> <span class='ocrx_word' id='word_1_198' title='bbox 1686 2910 1954 2975; x_wconf 88' lang='lat' dir='ltr'>Iudaeos</span> <span class='ocrx_word' id='word_1_199' title='bbox 2003 2928 2040 2973; x_wconf 90' lang='lat' dir='ltr'>a</span> <span class='ocrx_word' id='word_1_200' title='bbox 2087 2909 2202 2973; x_wconf 81' lang='lat' dir='ltr'>deo</span> <span class='ocrx_word' id='word_1_201' title='bbox 2253 2928 2368 2972; x_wconf 91' lang='lat' dir='ltr'>suo</span> <span class='ocrx_word' id='word_1_202' title='bbox 2418 2928 2484 2973; x_wconf 91' lang='lat' dir='ltr'>se</span> <span class='ocrx_word' id='word_1_203' title='bbox 2535 2929 2654 2973; x_wconf 90' lang='lat' dir='ltr'>non</span> 
     </span>
     <span class='ocr_line' id='line_1_24' title="bbox 354 3015 2656 3098; baseline 0 -19"><span class='ocrx_word' id='word_1_204' title='bbox 354 3020 657 3090; x_wconf 87' lang='lat' dir='ltr'>auertere,</span> <span class='ocrx_word' id='word_1_205' title='bbox 701 3020 766 3082; x_wconf 89' lang='lat' dir='ltr'>et</span> <span class='ocrx_word' id='word_1_206' title='bbox 805 3017 941 3081; x_wconf 91' lang='lat' dir='ltr'>eius</span> <span class='ocrx_word' id='word_1_207' title='bbox 981 3017 1281 3081; x_wconf 85' lang='lat' dir='ltr'>mandata</span> <span class='ocrx_word' id='word_1_208' title='bbox 1317 3035 1439 3080; x_wconf 92' lang='lat' dir='ltr'>non</span> <span class='ocrx_word' id='word_1_209' title='bbox 1477 3018 1728 3079; x_wconf 85' lang='lat' dir='ltr'>tantum</span> <span class='ocrx_word' id='word_1_210' title='bbox 1768 3035 1836 3080; x_wconf 89' lang='lat' dir='ltr'>se</span> <span class='ocrx_word' id='word_1_211' title='bbox 1874 3036 1998 3081; x_wconf 92' lang='lat' dir='ltr'>non</span> <span class='ocrx_word' id='word_1_212' title='bbox 2035 3015 2393 3098; x_wconf 81' lang='lat' dir='ltr'>infringere,</span> <span class='ocrx_word' id='word_1_213' title='bbox 2432 3034 2656 3079; x_wconf 91' lang='lat' dir='ltr'>uerum</span> 
     </span>
     <span class='ocr_line' id='line_1_25' title="bbox 355 3120 2654 3205; baseline -0 -20"><span class='ocrx_word' id='word_1_214' title='bbox 355 3123 547 3186; x_wconf 86' lang='lat' dir='ltr'>etiam</span> <span class='ocrx_word' id='word_1_215' title='bbox 590 3122 764 3200; x_wconf 69' lang='lat' dir='ltr'>illos»,</span> <span class='ocrx_word' id='word_1_216' title='bbox 813 3141 851 3185; x_wconf 91' lang='lat' dir='ltr'>a</span> <span class='ocrx_word' id='word_1_217' title='bbox 898 3122 1131 3204; x_wconf 90' lang='lat' dir='ltr'>quibus</span> <span class='ocrx_word' id='word_1_218' title='bbox 1168 3122 1680 3203; x_wconf 81' lang='lat' dir='ltr'>infringerentur,</span> <span class='ocrx_word' id='word_1_219' title='bbox 1723 3140 2002 3205; x_wconf 83' lang='lat' dir='ltr'>arguere,</span> <span class='ocrx_word' id='word_1_220' title='bbox 2043 3124 2108 3184; x_wconf 91' lang='lat' dir='ltr'>et</span> <span class='ocrx_word' id='word_1_221' title='bbox 2143 3140 2264 3186; x_wconf 91' lang='lat' dir='ltr'>non</span> <span class='ocrx_word' id='word_1_222' title='bbox 2303 3120 2428 3185; x_wconf 91' lang='lat' dir='ltr'>nisi</span> <span class='ocrx_word' id='word_1_223' title='bbox 2468 3120 2654 3185; x_wconf 89' lang='lat' dir='ltr'>deum</span> 
     </span>
     <span class='ocr_line' id='line_1_26' title="bbox 256 3228 1351 3311; baseline 0.002 -20"><span class='ocrx_word' id='word_1_224' title='bbox 256 3262 311 3300; x_wconf 51' lang='grc' dir='ltr'>,ὁ</span> <span class='ocrx_word' id='word_1_225' title='bbox 351 3247 464 3311; x_wconf 91' lang='lat' dir='ltr'>per</span> <span class='ocrx_word' id='word_1_226' title='bbox 508 3228 776 3311; x_wconf 81' lang='lat' dir='ltr'>Moysen</span> <span class='ocrx_word' id='word_1_227' title='bbox 822 3229 948 3293; x_wconf 87' lang='lat' dir='ltr'>ista</span> <span class='ocrx_word' id='word_1_228' title='bbox 994 3228 1351 3293; x_wconf 83' lang='lat' dir='ltr'>mandasse.</span> 
     </span>
     <span class='ocr_line' id='line_1_27' title="bbox 446 3333 2655 3417; baseline 0 -20"><span class='ocrx_word' id='word_1_229' title='bbox 446 3337 549 3397; x_wconf 83' lang='lat'>25.</span> <span class='ocrx_word' id='word_1_230' title='bbox 602 3333 1027 3413; x_wconf 86' lang='lat' dir='ltr'>Quamobrem</span> <span class='ocrx_word' id='word_1_231' title='bbox 1076 3335 1374 3417; x_wconf 87' lang='lat' dir='ltr'>quoniam</span> <span class='ocrx_word' id='word_1_232' title='bbox 1420 3353 1535 3399; x_wconf 93' lang='lat' dir='ltr'>nos</span> <span class='ocrx_word' id='word_1_233' title='bbox 1576 3334 1892 3399; x_wconf 82' lang='lat' dir='ltr'>credimus</span> <span class='ocrx_word' id='word_1_234' title='bbox 1930 3333 2160 3408; x_wconf 88' lang='lat' dir='ltr'>omnia,</span> <span class='ocrx_word' id='word_1_235' title='bbox 2201 3352 2359 3415; x_wconf 87' lang='lat' dir='ltr'>quae</span> <span class='ocrx_word' id='word_1_236' title='bbox 2399 3334 2655 3415; x_wconf 86' lang='lat' dir='ltr'>scripsit</span> 
     </span>
     <span class='ocr_line' id='line_1_28' title="bbox 352 3438 2656 3525; baseline -0.001 -20"><span class='ocrx_word' id='word_1_237' title='bbox 352 3442 636 3525; x_wconf 73' lang='lat' dir='ltr'>Moyses,</span> <span class='ocrx_word' id='word_1_238' title='bbox 688 3440 767 3504; x_wconf 86' lang='lat' dir='ltr'>ad</span> <span class='ocrx_word' id='word_1_239' title='bbox 806 3439 1041 3505; x_wconf 88' lang='lat' dir='ltr'>Christi</span> <span class='ocrx_word' id='word_1_240' title='bbox 1082 3440 1672 3506; x_wconf 88' lang='lat' dir='ltr'>conmendationem</span> <span class='ocrx_word' id='word_1_241' title='bbox 1709 3441 2038 3523; x_wconf 82' lang='lat' dir='ltr'>pertinere,</span> <span class='ocrx_word' id='word_1_242' title='bbox 2080 3438 2247 3520; x_wconf 92' lang='lat' dir='ltr'>quod</span> <span class='ocrx_word' id='word_1_243' title='bbox 2296 3439 2422 3504; x_wconf 93' lang='lat' dir='ltr'>isto</span> <span class='ocrx_word' id='word_1_244' title='bbox 2472 3458 2656 3521; x_wconf 86' lang='lat' dir='ltr'>opere</span> 
     </span>
     <span class='ocr_line' id='line_1_29' title="bbox 352 3545 2656 3630; baseline -0 -20"><span class='ocrx_word' id='word_1_245' title='bbox 352 3548 503 3629; x_wconf 88' lang='lat' dir='ltr'>quia</span> <span class='ocrx_word' id='word_1_246' title='bbox 524 3546 955 3611; x_wconf 88' lang='lat' dir='ltr'>demonstrare</span> <span class='ocrx_word' id='word_1_247' title='bbox 979 3567 1102 3611; x_wconf 91' lang='lat' dir='ltr'>non</span> <span class='ocrx_word' id='word_1_248' title='bbox 1123 3566 1489 3630; x_wconf 77' lang='lat' dir='ltr'>possumus,</span> <span class='ocrx_word' id='word_1_249' title='bbox 1528 3546 1800 3629; x_wconf 89' lang='lat' dir='ltr'>polliciti</span> <span class='ocrx_word' id='word_1_250' title='bbox 1820 3564 2042 3611; x_wconf 89' lang='lat' dir='ltr'>sumus</span> <span class='ocrx_word' id='word_1_251' title='bbox 2069 3545 2135 3609; x_wconf 91' lang='lat' dir='ltr'>in</span> <span class='ocrx_word' id='word_1_252' title='bbox 2164 3546 2264 3609; x_wconf 90' lang='lat' dir='ltr'>his</span> <span class='ocrx_word' id='word_1_253' title='bbox 2293 3545 2415 3609; x_wconf 84' lang='lat' dir='ltr'>hoc</span> <span class='ocrx_word' id='word_1_254' title='bbox 2447 3550 2656 3609; x_wconf 85' lang='lat' dir='ltr'>osten-</span> 
     </span>
    </p>
   </div>
   <div class='ocr_carea' id='block_1_3' title="bbox 538 3764 1192 3833">
    <p class='ocr_par' dir='ltr' id='par_1_3' title="bbox 538 3764 1192 3833">
     <span class='ocr_line' id='line_1_30' title="bbox 538 3764 1192 3833; baseline -0.002 -16"><span class='ocrx_word' id='word_1_255' title='bbox 538 3764 598 3817; x_wconf 87' lang='lat'>13</span> <span class='ocrx_word' id='word_1_256' title='bbox 638 3764 838 3817; x_wconf 80' lang='lat' dir='ltr'>Matth.</span> <span class='ocrx_word' id='word_1_257' title='bbox 882 3764 964 3828; x_wconf 89' lang='lat'>15,</span> <span class='ocrx_word' id='word_1_258' title='bbox 1004 3765 1038 3817; x_wconf 87' lang='lat'><strong>3</strong></span> <span class='ocrx_word' id='word_1_259' title='bbox 1077 3780 1192 3833; x_wconf 89' lang='lat' dir='ltr'>sqq.</span> 
     </span>
    </p>
   </div>
   <div class='ocr_carea' id='block_1_4' title="bbox 347 3925 2656 4177">
    <p class='ocr_par' dir='ltr' id='par_1_4' title="bbox 347 3925 2656 4177">
     <span class='ocr_line' id='line_1_31' title="bbox 426 3925 2653 3997; baseline -0.002 -14"><span class='ocrx_word' id='word_1_260' title='bbox 426 3936 451 3983; x_wconf 88' lang='lat'>1</span> <span class='ocrx_word' id='word_1_261' title='bbox 493 3932 718 3985; x_wconf 80' lang='lat' dir='ltr'>uoleuat</span> <span class='ocrx_word' id='word_1_262' title='bbox 751 3931 841 3983; x_wconf 86' lang='lat' dir='ltr'>M·</span> <span class='ocrx_word' id='word_1_263' title='bbox 1015 3932 1050 3985; x_wconf 85' lang='lat'>3</span> <span class='ocrx_word' id='word_1_264' title='bbox 1088 3935 1269 3985; x_wconf 82' lang='lat' dir='ltr'>autem</span> <span class='ocrx_word' id='word_1_265' title='bbox 1310 3934 1379 3996; x_wconf 79' lang='lat' dir='ltr'>(s.</span> <span class='ocrx_word' id='word_1_266' title='bbox 1420 3932 1483 3997; x_wconf 87' lang='lat' dir='ltr'>l.)</span> <span class='ocrx_word' id='word_1_267' title='bbox 1515 3931 1561 3985; x_wconf 75' lang='lat' dir='ltr'><strong><em>S</em></strong></span> <span class='ocrx_word' id='word_1_268' title='bbox 1747 3932 1781 3983; x_wconf 79' lang='grc' dir='ltr'><em>ὃ</em></span> <span class='ocrx_word' id='word_1_269' title='bbox 1820 3933 1877 3984; x_wconf 85' lang='lat' dir='ltr'>et</span> <span class='ocrx_word' id='word_1_270' title='bbox 1912 3946 1954 3983; x_wconf 76' lang='grc' dir='ltr'>ε.</span> <span class='ocrx_word' id='word_1_271' title='bbox 1995 3930 2030 3983; x_wconf 83' lang='grc' dir='ltr'>Ζ.</span> <span class='ocrx_word' id='word_1_272' title='bbox 2061 3928 2106 3983; x_wconf 79' lang='lat' dir='ltr'><strong><em>S</em></strong></span> <span class='ocrx_word' id='word_1_273' title='bbox 2277 3927 2344 3982; x_wconf 90' lang='grc'>10</span> <span class='ocrx_word' id='word_1_274' title='bbox 2399 3927 2543 3996; x_wconf 87' lang='lat' dir='ltr'>ipsos</span> <span class='ocrx_word' id='word_1_275' title='bbox 2600 3925 2653 3978; x_wconf 89' lang='lat' dir='ltr'><strong><em>L</em></strong></span> 
     </span>
     <span class='ocr_line' id='line_1_32' title="bbox 349 4014 2652 4091; baseline -0.003 -17"><span class='ocrx_word' id='word_1_276' title='bbox 349 4022 413 4074; x_wconf 91' lang='lat'>11</span> <span class='ocrx_word' id='word_1_277' title='bbox 466 4020 961 4091; x_wconf 78' lang='lat' dir='ltr'>calumpniantibus</span> <span class='ocrx_word' id='word_1_278' title='bbox 1014 4019 1062 4074; x_wconf 81' lang='lat'><em>0</em></span> <span class='ocrx_word' id='word_1_279' title='bbox 1310 4018 1566 4089; x_wconf 86' lang='lat' dir='ltr'>discipuli</span> <span class='ocrx_word' id='word_1_280' title='bbox 1631 4020 1746 4073; x_wconf 87' lang='lat' dir='ltr'>eius</span> <span class='ocrx_word' id='word_1_281' title='bbox 1811 4036 1912 4074; x_wconf 88' lang='lat' dir='ltr'>om.</span> <span class='ocrx_word' id='word_1_282' title='bbox 1964 4016 2221 4073; x_wconf 82' lang='lat' dir='ltr'><strong><em>LCSMb</em></strong></span> <span class='ocrx_word' id='word_1_283' title='bbox 2443 4014 2508 4068; x_wconf 86' lang='lat'>12</span> <span class='ocrx_word' id='word_1_284' title='bbox 2565 4030 2652 4067; x_wconf 87' lang='lat' dir='ltr'>ex-</span> 
     </span>
     <span class='ocr_line' id='line_1_33' title="bbox 347 4100 2656 4177; baseline -0.004 -14"><span class='ocrx_word' id='word_1_285' title='bbox 347 4109 567 4164; x_wconf 86' lang='lat' dir='ltr'>cederet</span> <span class='ocrx_word' id='word_1_286' title='bbox 601 4108 711 4163; x_wconf 78' lang='lat' dir='ltr'>Lo</span> <span class='ocrx_word' id='word_1_287' title='bbox 836 4110 901 4163; x_wconf 89' lang='lat'>13</span> <span class='ocrx_word' id='word_1_288' title='bbox 948 4106 1349 4177; x_wconf 71' lang='lat' dir='ltr'>trasgredimini</span> <span class='ocrx_word' id='word_1_289' title='bbox 1392 4107 1423 4159; x_wconf 91' lang='lat' dir='ltr'><strong><em>b</em></strong></span> <span class='ocrx_word' id='word_1_290' title='bbox 1562 4108 1633 4160; x_wconf 88' lang='lat'>14</span> <span class='ocrx_word' id='word_1_291' title='bbox 1663 4106 1974 4160; x_wconf 81' lang='lat' dir='ltr'>mandatum</span> <span class='ocrx_word' id='word_1_292' title='bbox 2005 4104 2096 4157; x_wconf 86' lang='lat' dir='ltr'>dei</span> <span class='ocrx_word' id='word_1_293' title='bbox 2117 4102 2164 4158; x_wconf 76' lang='lat' dir='ltr'><em>S</em></span> <span class='ocrx_word' id='word_1_294' title='bbox 2287 4104 2354 4157; x_wconf 88' lang='lat'>15</span> <span class='ocrx_word' id='word_1_295' title='bbox 2392 4116 2578 4156; x_wconf 84' lang='lat' dir='ltr'>mosen</span> <span class='ocrx_word' id='word_1_296' title='bbox 2603 4100 2656 4154; x_wconf 75' lang='lat' dir='ltr'><em>G</em></span> 
     </span>
    </p>
   </div>
   <div class='ocr_carea' id='block_1_5' title="bbox 344 4190 2712 4461">
    <p class='ocr_par' dir='ltr' id='par_1_5' title="bbox 344 4190 2712 4461">
     <span class='ocr_line' id='line_1_34' title="bbox 344 4190 2650 4292; baseline -0.003 -15"><span class='ocrx_word' id='word_1_297' title='bbox 344 4190 533 4278; x_wconf 49' lang='lat' dir='ltr'>mosen</span> <span class='ocrx_word' id='word_1_298' title='bbox 580 4223 627 4279; x_wconf 78' lang='lat' dir='ltr'><strong><em>S</em></strong></span> <span class='ocrx_word' id='word_1_299' title='bbox 733 4224 800 4277; x_wconf 88' lang='lat'>16</span> <span class='ocrx_word' id='word_1_300' title='bbox 850 4224 913 4278; x_wconf 68' lang='lat' dir='ltr'>ds</span> <span class='ocrx_word' id='word_1_301' title='bbox 960 4223 1103 4277; x_wconf 87' lang='lat' dir='ltr'>enim</span> <span class='ocrx_word' id='word_1_302' title='bbox 1141 4222 1279 4277; x_wconf 80' lang='lat' dir='ltr'>dixit</span> <span class='ocrx_word' id='word_1_303' title='bbox 1316 4224 1407 4288; x_wconf 77' lang='lat' dir='ltr'>(in</span> <span class='ocrx_word' id='word_1_304' title='bbox 1442 4226 1640 4292; x_wconf 75' lang='lat' dir='ltr'>marq.)</span> <span class='ocrx_word' id='word_1_305' title='bbox 1682 4222 1728 4275; x_wconf 80' lang='lat' dir='ltr'><strong><em>S</em></strong></span> <span class='ocrx_word' id='word_1_306' title='bbox 1834 4222 1900 4274; x_wconf 87' lang='lat'>17</span> <span class='ocrx_word' id='word_1_307' title='bbox 1941 4220 2054 4289; x_wconf 84' lang='lat' dir='ltr'>aut]</span> <span class='ocrx_word' id='word_1_308' title='bbox 2094 4219 2185 4273; x_wconf 88' lang='lat' dir='ltr'>uel</span> <span class='ocrx_word' id='word_1_309' title='bbox 2221 4216 2320 4272; x_wconf 77' lang='lat' dir='ltr'>SG</span> <span class='ocrx_word' id='word_1_310' title='bbox 2433 4216 2498 4270; x_wconf 87' lang='lat'>18</span> <span class='ocrx_word' id='word_1_311' title='bbox 2535 4233 2650 4270; x_wconf 90' lang='lat' dir='ltr'>mo-</span> 
     </span>
     <span class='ocr_line' id='line_1_35' title="bbox 348 4303 2712 4383; baseline -0.005 -16"><span class='ocrx_word' id='word_1_312' title='bbox 348 4315 524 4367; x_wconf 82' lang='lat' dir='ltr'>riatur</span> <span class='ocrx_word' id='word_1_313' title='bbox 560 4313 647 4367; x_wconf 88' lang='lat' dir='ltr'>Pb</span> <span class='ocrx_word' id='word_1_314' title='bbox 815 4313 1031 4383; x_wconf 87' lang='lat' dir='ltr'>quicum</span> <span class='ocrx_word' id='word_1_315' title='bbox 1070 4312 1146 4365; x_wconf 80' lang='lat' dir='ltr'>L1</span> <span class='ocrx_word' id='word_1_316' title='bbox 1293 4312 1359 4366; x_wconf 89' lang='lat'>19</span> <span class='ocrx_word' id='word_1_317' title='bbox 1399 4311 1486 4364; x_wconf 87' lang='lat' dir='ltr'>uel</span> <span class='ocrx_word' id='word_1_318' title='bbox 1524 4310 1688 4364; x_wconf 85' lang='lat' dir='ltr'>matri</span> <span class='ocrx_word' id='word_1_319' title='bbox 1724 4326 1827 4365; x_wconf 89' lang='lat' dir='ltr'>om.</span> <span class='ocrx_word' id='word_1_320' title='bbox 1873 4308 1918 4362; x_wconf 83' lang='lat' dir='ltr'><strong><em>C</em></strong></span> <span class='ocrx_word' id='word_1_321' title='bbox 2061 4308 2126 4362; x_wconf 84' lang='lat'>21</span> <span class='ocrx_word' id='word_1_322' title='bbox 2167 4306 2307 4361; x_wconf 82' lang='lat' dir='ltr'>trad.</span> <span class='ocrx_word' id='word_1_323' title='bbox 2345 4307 2580 4359; x_wconf 86' lang='lat' dir='ltr'>uestram</span> <span class='ocrx_word' id='word_1_324' title='bbox 2619 4303 2651 4356; x_wconf 89' lang='lat' dir='ltr'><strong><em>b</em></strong></span> <span class='ocrx_word' id='word_1_325' title='bbox 2708 4378 2712 4383; x_wconf 27' lang='grc'><strong>,</strong></span> 
     </span>
     <span class='ocr_line' id='line_1_36' title="bbox 345 4393 2376 4461; baseline -0.004 -6"><span class='ocrx_word' id='word_1_326' title='bbox 345 4404 416 4455; x_wconf 91' lang='grc'>22</span> <span class='ocrx_word' id='word_1_327' title='bbox 456 4401 643 4455; x_wconf 88' lang='lat' dir='ltr'>iudeos</span> <span class='ocrx_word' id='word_1_328' title='bbox 689 4400 736 4455; x_wconf 79' lang='grc' dir='ltr'><em>Ο</em></span> <span class='ocrx_word' id='word_1_329' title='bbox 840 4402 909 4455; x_wconf 89' lang='grc'>26</span> <span class='ocrx_word' id='word_1_330' title='bbox 948 4402 1127 4454; x_wconf 86' lang='lat' dir='ltr'>omnia</span> <span class='ocrx_word' id='word_1_331' title='bbox 1165 4398 1429 4454; x_wconf 84' lang='lat' dir='ltr'>credimus</span> <span class='ocrx_word' id='word_1_332' title='bbox 1469 4398 1515 4453; x_wconf 80' lang='lat' dir='ltr'><strong><em>S</em></strong></span> <span class='ocrx_word' id='word_1_333' title='bbox 1620 4399 1688 4451; x_wconf 84' lang='lat'>27</span> <span class='ocrx_word' id='word_1_334' title='bbox 1727 4398 1834 4451; x_wconf 84' lang='lat' dir='ltr'>isto</span> <span class='ocrx_word' id='word_1_335' title='bbox 1876 4398 1915 4460; x_wconf 91' lang='lat' dir='ltr'>(i</span> <span class='ocrx_word' id='word_1_336' title='bbox 1954 4413 2020 4450; x_wconf 79' lang='lat' dir='ltr'>ex</span> <span class='ocrx_word' id='word_1_337' title='bbox 2057 4414 2086 4449; x_wconf 97' lang='lat' dir='ltr'>o</span> <span class='ocrx_word' id='word_1_338' title='bbox 2126 4412 2195 4448; x_wconf 86' lang='lat' dir='ltr'>m.</span> <span class='ocrx_word' id='word_1_339' title='bbox 2236 4395 2284 4461; x_wconf 91' lang='lat'>1)</span> <span class='ocrx_word' id='word_1_340' title='bbox 2323 4393 2376 4446; x_wconf 90' lang='lat' dir='ltr'><strong><em>L</em></strong></span> 
     </span>
    </p>
   </div>
  </div>
 </body>
</html>
