3159 4984
481 444 608 506 222
1183 440 1235 491 S.
1293 438 1564 492 Aureli
1620 438 2061 507 Augustini

479 635 670 700 unius
719 638 784 699 et
829 634 1114 700 eiusdem
1162 634 1554 699 substantiae
1612 636 1801 716 atque
1856 636 2117 702 naturae
2176 631 2307 697 sint
2360 634 2427 696 et
2476 632 2659 713 pater
2702 632 2768 694 et

478 760 675 827 regna
735 741 872 807 eius
939 746 1004 806 et
1065 744 1248 807 terra.
1316 740 1486 825 quod
1551 740 1607 805 si
1670 740 1763 805 ita
1826 743 1945 817 est,
1981 740 2111 807 iam
2164 758 2289 805 non
2349 737 2531 821 quasi
2577 737 2767 801 aliam

479 851 788 923 naturam,
839 849 1008 932 quod
1055 848 1238 932 quasi
1284 867 1513 931 eorpus
1561 848 1647 913 sit
1696 848 1815 926 dei,
1864 868 2105 914 cuneus
2158 847 2270 916 ine
2328 847 2537 932 gentis
2592 849 2766 911 tene·

480 957 732 1019 brarum
779 955 1055 1021 diffindit
1102 959 1168 1020 et
1209 958 1500 1039 penetrat
1543 992 1630 1001 -
1679 954 1848 1037 quod
1895 954 2152 1038 quidem
2196 954 2408 1039 ipsum
2458 956 2631 1018 esset
2672 952 2765 1017 in-

483 1062 715 1127 effabili
753 1062 1150 1129 deformitate
1185 1060 1629 1146 turpissimum
1668 1100 1753 1109 —
1792 1062 1905 1128 sed
1940 1062 2145 1146 ipsam
2184 1061 2437 1127 omnino
2475 1064 2763 1129 naturam
2827 1074 2857 1113 ὁ

482 1169 584 1235 dei
630 1188 869 1235 cuneus
916 1170 1027 1235 ille
1072 1173 1276 1235 terrae
1301 1170 1720 1235 tenebrarum
1777 1168 2053 1235 diffindit
2108 1171 2173 1233 et
2226 1170 2533 1251 penetrat.
2590 1185 2765 1251 rogo,

481 1276 756 1361 cogitate
783 1277 928 1355 ista,
962 1277 1252 1343 homines
1281 1278 1457 1352 estis,
1485 1296 1663 1363 rogo,
1696 1278 1973 1362 cogitate
2006 1275 2137 1341 ista
2172 1278 2238 1339 et
2271 1274 2477 1360 fugite
2512 1273 2768 1339 talium·

482 1402 604 1465 que
647 1383 1166 1467 phantasmatum
1213 1384 1546 1469 sacrilegia
1590 1382 1932 1461 dilaniatis,
1992 1382 2046 1448 si
2092 1381 2228 1447 fieri
2274 1383 2507 1465 potest,
2554 1382 2769 1464 pecto-

425 1544 428 1549 .
481 1488 658 1555 ribus
705 1490 782 1556 de
828 1491 953 1557 fide
991 1495 1208 1557 uestra
1243 1490 1556 1557 eradicate
1592 1493 1783 1574 atque
1818 1490 2175 1574 propellite.
2224 1506 2301 1552 an
2340 1488 2571 1554 dietnri
2607 1485 2767 1553 estis

482 1616 606 1662 non
669 1598 860 1663 unius
925 1598 1340 1681 eiusdemque
1402 1601 1667 1665 naturae
1730 1598 1843 1663 illa
1904 1597 2027 1661 ttia
2090 1614 2262 1674 esse,
2328 1593 2440 1659 sed
2504 1591 2767 1657 alterius
2808 1604 2863 1645 ιο

481 1706 744 1785 patrem.
793 1704 1056 1771 alterius
1099 1724 1313 1789 regna.
1362 1704 1623 1770 alterius
1667 1708 1920 1779 terram,
1957 1707 2035 1769 ut
2078 1720 2229 1769 suas
2273 1704 2531 1766 naturas
2578 1702 2769 1782 atque

485 1809 876 1875 substantias
922 1810 1196 1875 habeant
1241 1812 1495 1895 singula
1539 1810 1827 1877 diuersas
1886 1814 1951 1875 et
2005 1808 2413 1875 excellentiae
2467 1805 2768 1892 gradibus

483 1915 802 1982 ordinatas
825 1919 855 1981 ’ἓ
940 1915 1109 1999 quod
1189 1917 1245 1982 si
1325 1936 1550 1981 uerum
1626 1920 1746 1991 est,
1821 1935 1947 1981 non
2022 1914 2201 1993 duas,
2275 1912 2389 1979 sed
2471 1914 2773 1994 quattuor

481 2025 738 2089 naturas
781 2022 1196 2089 Maniehaeus
1248 2024 1609 2108 praedicare
1666 2023 1991 2089 debuerat.
2054 2021 2109 2089 si
2164 2024 2379 2087 autem
2426 2038 2619 2085 unam
2663 2036 2771 2083 na-

479 2132 688 2193 turam
753 2129 948 2196 habet
1008 2134 1188 2215 pater
1241 2136 1308 2197 et
1360 2150 1570 2216 regna,
1628 2136 1795 2197 terra
1848 2149 2000 2196 uero
2056 2130 2195 2196 sola
2252 2128 2591 2203 diuersam,
2637 2128 2767 2191 tres
2810 2134 2862 2177 1⁶

480 2237 738 2300 naturae
784 2234 1036 2301 fuerant
1077 2237 1552 2320 praedicandae.
1629 2241 1742 2301 aut
1766 2236 1863 2369 ¹si
1924 2239 2258 2321 propterea
2330 2233 2487 2299 duas
2562 2231 2769 2297 dicere

478 2342 728 2420 maluit,
777 2343 928 2425 quia
972 2346 1142 2408 terra
1183 2344 1585 2409 tenebrarum
1631 2364 1757 2411 non
1802 2344 2079 2428 pertinet
2123 2342 2204 2407 ad
2248 2342 2459 2419 deum,
2516 2356 2768 2422 quaero,

482 2450 800 2534 quomodo
851 2452 932 2517 ad
977 2452 1170 2519 deum
1215 2452 1380 2519 lueis
1425 2456 1593 2518 terra
1634 2451 1969 2535 pertineat.
2036 2450 2093 2517 si
2146 2450 2315 2515 enim
2371 2451 2438 2513 et
2480 2450 2771 2513 naturam

481 2558 675 2624 habet
719 2558 1038 2627 diuersam
1084 2564 1151 2627 et
1193 2582 1318 2629 non
1366 2578 1506 2628 eam
1553 2560 1780 2645 genuit
1834 2578 2039 2641 neque
2094 2557 2269 2633 feeit,
2327 2576 2451 2623 non
2498 2554 2577 2619 ad
2624 2572 2771 2619 eum

479 2664 755 2748 pertinet
799 2668 866 2730 et
909 2665 974 2731 in
1022 2666 1228 2732 alieno
1273 2686 1470 2752 regna
1516 2666 1654 2731 eius
1698 2666 1911 2733 locata
1954 2667 2124 2729 sunt.
2182 2666 2295 2728 aut
2340 2661 2396 2727 si
2439 2663 2769 2745 propterea
2802 2670 2859 2709 ²⁰

478 2772 775 2855 pertinet,
823 2772 972 2855 quia
1016 2772 1231 2839 uicina
1275 2777 1394 2850 est,
1439 2772 1758 2856 pertineat
1802 2773 1870 2837 et
1911 2772 2083 2836 terra
2124 2768 2546 2844 tenebrarum,
2604 2784 2767 2849 quae

481 2881 716 2943 terram
762 2878 928 2945 lueis
974 2900 1099 2947 non
1144 2879 1334 2946 modo
1389 2879 1722 2945 uicinitate
1778 2876 2109 2962 contingit,
2166 2874 2279 2941 sed
2334 2873 2529 2940 etiam
2580 2890 2767 2955 pene-

481 2986 753 3051 tratione
789 2985 1121 3053 dissuleat„
1170 2986 1227 3052 si
1264 2990 1479 3052 autem
1516 2984 1742 3071 genuit
1778 3002 1941 3063 eam,
1970 3002 2095 3050 non
2133 3002 2275 3048 eam
2310 2980 2483 3048 eredi
2518 2982 2770 3063 oportet

483 3091 802 3159 diuersam
848 3094 1079 3161 habere
1115 3097 1425 3159 naturam.
1473 3092 1645 3177 quod
1682 3092 1850 3157 enim
1886 3092 2112 3177 genuit
2144 3089 2325 3170 deus,
2362 3089 2485 3154 hoe
2520 3089 2771 3172 oportet

483 3200 655 3265 credi
700 3219 864 3279 esse,
912 3200 1082 3284 quod
1128 3201 1287 3267 deus
1333 3203 1452 3279 est,
1491 3200 1664 3267 sieut
1698 3198 1778 3265 de
1815 3198 2147 3284 unigenito
2182 3197 2317 3263 filio
2352 3197 2417 3262 in
2455 3194 2770 3263 catholiea
2800 3198 2857 3241 ²⁶

482 3306 780 3374 ereditur.
844 3308 1061 3391 itaque
1107 3308 1188 3377 ad
1230 3308 1412 3374 illam
1453 3306 1823 3393 fugiendam
1882 3309 1950 3373 et
2002 3304 2442 3373 detestandam
2493 3302 2769 3387 turpitu-

483 3413 694 3480 dinem
737 3433 858 3481 uos
903 3414 1252 3481 necessitas
1297 3415 1578 3493 reuocat,
1626 3416 1701 3478 ut
1756 3431 1882 3479 non
1936 3413 2171 3477 terram
2229 3408 2411 3493 quasi
2466 3408 2655 3473 aliam
2702 3410 2770 3473 et

554 3694 581 3745 1
604 3690 951 3763 eiusdemque
960 3692 1028 3747 H
1033 3692 1181 3748 VOS
1263 3694 1297 3747 2
1313 3709 1422 3747 non
1442 3690 1839 3746 iamHTC'SV
1912 3690 1948 3745 3
1968 3690 2136 3762 quod]
2156 3706 2295 3761 qnae
2314 3688 2451 3745 TRb
2562 3687 2762 3759 gentis]

477 3786 654 3837 terrae
672 3780 725 3835 V
773 3783 809 3836 4
828 3780 1182 3837 diffunditffl
1238 3783 1272 3836 6
1290 3782 1385 3853 ille
1405 3782 1438 3836 b
1527 3784 1702 3835 terrae
1721 3796 1823 3835 om.
1844 3780 1896 3835 T
1981 3779 2238 3851 capitula
2254 3778 2307 3833 Τ
2359 3778 2390 3831 7
2411 3772 2771 3848 cogitanteH

1397 3872 1410 3904 1

482 3914 549 3971 12
604 3914 846 3985 singulas
901 3913 1006 3969 SV
1189 3914 1433 3981 diuersas
1469 3916 1627 3987 (corr.
1672 3930 1743 3969 m.
1790 3913 1849 3984 2)
1884 3912 2078 3978 ΗΕΒ
2222 3916 2279 3966 et
2314 3928 2417 3967 om.
2452 3905 2762 3965 HVTGSb

483 4004 550 4058 14
585 4004 892 4075 praedicare
929 4004 1243 4059 manicheus
1278 4002 1532 4059 tabuerat
1566 4001 1622 4056 V
1728 4003 1791 4057 16
1820 4004 1900 4075 (et
1925 4001 2016 4072 20)
2044 4004 2266 4073 propter
2292 4016 2359 4055 ea
2384 3998 2455 4054 H
2558 3998 2624 4053 17
2652 4012 2763 4051 non

479 4107 582 4147 om.
621 4093 653 4148 b
798 4109 995 4164 quaero
1024 4110 1067 4147 s.
1099 4092 1135 4148 1.
1165 4110 1204 4149 a
1228 4110 1298 4147 m.
1325 4091 1360 4145 2
1397 4092 1448 4147 T
1553 4092 1623 4147 18
1657 4092 1932 4163 pertineat
1965 4095 2111 4146 terra
2148 4091 2181 4145 b
2282 4090 2348 4144 19
2387 4092 2444 4143 et
2476 4103 2588 4143 non
2624 4086 2765 4155 eam]

481 4186 540 4235 et
591 4180 639 4235 si
694 4198 810 4236 eam
859 4180 912 4235 V
1052 4182 1124 4237 20
1173 4198 1344 4253 regno
1381 4180 1449 4237 H
1588 4180 1659 4235 22
1711 4179 2086 4252 penetratione
2140 4182 2297 4251 (con.
2336 4194 2403 4233 a
2436 4174 2666 4249 penetr.)
2702 4172 2771 4229 H

479 4270 842 4341 penitratione
887 4270 938 4325 T
1076 4270 1146 4325 24
1191 4270 1338 4341 qnod
1391 4270 1552 4341 enim]
1610 4268 1755 4341 qnod
1808 4269 1856 4324 si
1902 4285 2021 4323 eam
2064 4266 2220 4338 QVI,
2406 4268 2681 4337 oporteret
2717 4270 2767 4335 (τ

477 4372 521 4413 s.
563 4356 598 4413 1.
637 4376 705 4411 m.
745 4362 786 4413 2
820 4356 974 4429 add.)
1010 4359 1075 4413 H
1111 4363 1384 4431 oporteret
1425 4358 1580 4417 01⁷1,
1686 4359 1756 4413 27
1792 4357 1912 4429 uos]
1948 4374 2049 4412 nos
2086 4356 2163 4413 Sb
2309 4358 2385 4427 et]
2422 4359 2587 4425 atque
2624 4354 2657 4408 b
