3159 4984
549 471 676 534 670
1241 469 1293 518 S.
1351 465 1621 519 Aureli
1682 465 2117 529 Augustini

547 681 768 726 uerum
819 666 884 725 et
928 662 1166 725 bonum
1215 663 1486 726 mortem
1530 677 1839 742 pecorum
1894 657 2243 723 alienorum
2302 657 2643 740 perniciem
2703 675 2861 738 qua-

546 769 982 850 liumcumque
1031 768 1452 832 animantium
1490 771 1554 831 et
1594 785 1787 850 graue
1827 766 2130 830 damnum
2167 765 2499 830 hominum
2540 764 2862 830 desiderio

547 874 927 956 daemonum
959 874 1373 940 concessisse.
1415 873 1558 956 quis
1598 875 1813 937 autem
1850 870 2373 937 dementissimus
2413 871 2657 947 dixerit,
2688 869 2868 952 quod

549 1002 656 1046 eos
688 982 764 1046 ab
797 981 1165 1047 hominibus
1196 1001 1319 1047 non
1349 981 1671 1064 potuisset
1700 979 2049 1057 excludere,
2092 979 2342 1044 etiamsi
2380 999 2597 1044 eorum
2636 977 2869 1042 noxiae

547 1088 870 1152 uoluntati
918 1108 1036 1153 nec
1083 1091 1419 1172 porcorum
1469 1088 1729 1152 exitium
1781 1089 2099 1170 praestare
2144 1085 2512 1151 uoluisset?
2570 1104 2755 1168 porro
2809 1084 2870 1148 si
2944 1110 2975 1148 5

549 1196 888 1278 spirituum
921 1195 1362 1260 damnatorum
1403 1202 1469 1259 et
1505 1195 1636 1278 igni
1678 1197 1931 1258 aeterno
1969 1194 2097 1258 iam
2139 1192 2599 1256 destinatorum
2637 1209 2869 1273 quam-

547 1303 649 1366 uis
699 1319 893 1365 saeua
941 1305 1006 1365 31
1051 1302 1272 1383 iniqua
1317 1300 1635 1384 cupiditas
1684 1319 1721 1364 a
1767 1303 2043 1365 creatore
2084 1302 2273 1380 atque
2322 1297 2678 1364 ordinatore
2727 1317 2867 1360 om·

548 1412 723 1474 nium
762 1412 1130 1473 naturarum
1171 1409 1423 1473 occulto
1466 1408 1744 1490 quidem,
1788 1407 1901 1471 sed
1938 1407 2176 1489 ubique
2213 1407 2388 1470 iusto
2425 1404 2869 1471 moderamine

547 1516 609 1579 in
665 1516 751 1592 id,
811 1535 934 1598 quo
995 1535 1063 1580 se
1120 1515 1559 1590 111011113110131.1
1619 1515 1898 1578 relaxata
1954 1518 2072 1590 est,
2133 1513 2283 1596 quid
2340 1512 2689 1577 absurdum
2738 1517 2870 1576 est.

549 1623 600 1687 si
639 1623 938 1707 Aegyptii
986 1623 1063 1686 ab
1101 1623 1431 1698 Hebraeis,
1481 1621 1772 1685 homines
1817 1620 2035 1700 inique
2084 1619 2481 1685 dominantes
2528 1620 2605 1683 ab
2654 1619 2873 1684 homi·
2916 1641 2973 1679 ιο

550 1730 734 1795 nibus
791 1729 1032 1806 liberis,
1093 1748 1364 1810 quorum
1423 1727 1615 1792 etiam
1678 1726 1990 1791 mercedis
2045 1745 2157 1809 pro
2218 1745 2436 1791 eorum
2489 1728 2623 1788 tam
2681 1725 2873 1788 duris

548 1841 613 1902 et
655 1837 915 1900 iniustis
961 1835 1292 1901 laboribus
1340 1835 1593 1899 fuerant
1640 1834 1979 1908 debitores,
2036 1833 2227 1898 rebus
2283 1832 2570 1898 terrenis
2620 1831 2871 1913 quibus

549 1945 739 2008 etiam
795 1943 924 2007 ritu
985 1942 1293 2026 sacrilego
1349 1941 1414 2004 111
1473 1941 1769 2005 iniuriam
1837 1940 2139 2005 creatoris
2202 1939 2563 2014 utebantur,
2618 1935 2873 2021 priuari

547 2052 966 2115 meruerunt?
1034 2047 1205 2129 quod
1249 2049 1463 2111 tamen
1511 2046 1567 2110 si
1613 2047 1875 2127 Moyses
1922 2065 2041 2111 sua
2087 2049 2313 2128 sponte
2366 2043 2689 2120 iussisset,
2748 2045 2875 2106 aut

547 2141 992 2220 hoc'Hebraei
1041 2173 1157 2218 sua
1205 2155 1430 2237 sponte
1477 2151 1802 2229 fecissent,
1849 2152 2134 2235 profecto
2182 2154 2589 2234 peccassent3
2640 2167 2871 2230 quam-
2916 2175 2968 2214 15

549 2281 737 2344 quam
805 2261 904 2324 illi
971 2279 1094 2326 non
1163 2258 1419 2342 quidem
1485 2258 1608 2323 1100
1662 2257 1971 2330 faciendo,
2032 2257 2201 2339 quod
2254 2258 2365 2322 uel
2417 2257 2698 2320 iusserat
2750 2255 2873 2318 uel

543 2367 923 2452 permiserat
971 2367 1151 2445 deus,
1211 2367 1326 2431 sed
1381 2370 1595 2431 tamen
1651 2363 1807 2429 talia
1859 2365 2128 2430 fortasse
2186 2362 2497 2447 cupiendo
2552 2380 2871 2445 peccaue-

544 2477 715 2538 runt.
785 2473 954 2556 quod
1023 2477 1240 2538 autem
1306 2473 1426 2539 hoc
1489 2472 1697 2538 facere
1763 2471 1979 2535 diuina
2036 2470 2505 2553 dispensatione
2559 2469 2871 2552 permissi

547 2584 719 2658 sunt,
770 2580 948 2646 illius
997 2580 1234 2645 iudicio
1280 2581 1454 2645 iusto
1502 2580 1798 2660 bonoque
1845 2577 2139 2660 permissi
2187 2580 2357 2653 sunt,
2406 2575 2515 2658 qui
2560 2575 2749 2641 nouit
2801 2579 2875 2640 31

544 2689 768 2770 poenis
820 2689 927 2752 uel
975 2688 1308 2752 cohercere
1352 2686 1661 2768 inprobos
1717 2685 1826 2748 uel
1882 2683 2127 2749 erudire
2183 2683 2507 2748 subiectos
2564 2685 2629 2746 et
2684 2701 2873 2765 prae·
2904 2713 2963 2750 su

546 2799 730 2877 cepta
776 2794 1092 2860 ualidiora
1138 2794 1283 2858 dare
1323 2792 1683 2859 sanioribus
1722 2795 1790 2856 et
1824 2790 2133 2873 quosdam
2170 2787 2584 2854 medicinales
2622 2789 2873 2873 gradus

547 2901 999 2966 infirmioribus
1049 2901 1354 2966 ordinare.
1413 2901 1672 2984 Moyses
1719 2917 1871 2963 uero
1918 2916 2035 2962 nec
2082 2895 2447 2980 cupiditatis
2494 2896 2873 2979 arguendus

551 3012 651 3072 est
696 3008 760 3071 in
806 3007 938 3072 illis
987 3009 1177 3072 rebus
1227 3006 1599 3071 desideratis
1657 3024 1775 3070 nec
1834 3003 2271 3070 contumaciae
2326 3001 2389 3064 in
2449 3001 2687 3066 diuinis
2744 3003 2875 3066 im-

547 3113 742 3195 periis
792 3113 1302 3195 quibuscumque
1349 3111 1753 3194 contemptis.

640 3220 744 3282 73.
813 3217 1138 3296 Quaedam
1204 3221 1372 3284 enim
1436 3219 1609 3282 facta
1672 3218 1773 3281 lex
1834 3217 1949 3280 illa
2014 3218 2287 3292 aeterna,
2346 3233 2507 3296 quae
2573 3214 2871 3280 ordinem
2912 3244 2969 3282 2⁶

548 3325 904 3389 naturalem
945 3325 1306 3392 conseruari
1339 3325 1540 3401 iubet,
1578 3321 1935 3407 perturbari
1970 3325 2171 3395 uetat,
2208 3325 2296 3385 ita
2332 3321 2542 3386 medio
2582 3321 2873 3404 quodam

547 3432 688 3497 loco
737 3432 957 3514 posuit
1003 3432 1392 3509 hominibus,
1448 3432 1525 3493 ut
1566 3429 1633 3494 in
1682 3430 1775 3494 eis
1823 3428 2207 3512 usurpandis
2252 3428 2479 3492 merito
2525 3428 2875 3510 reprehen-

550 3539 736 3603 datur
783 3538 1066 3618 audacia‚
1105 3539 1168 3604 in
1219 3537 1601 3623 exequendis
1650 3539 1862 3600 autern
1912 3534 2313 3600 oboedientia
2356 3535 2491 3598 iure
2536 3533 2875 3599 laudetur.

624 3766 648 3818 1
692 3769 748 3818 et
785 3763 986 3819 bonum
1016 3781 1118 3819 om.
1146 3765 1210 3819 L·
1377 3766 1550 3817 morte
1578 3761 1689 3816 LO
1712 3780 1830 3816 mor
1866 3779 1997 3833 ‘repe
2018 3763 2086 3832 ΙΙ]
2107 3777 2291 3815 corum
2320 3763 2478 3830 (corr.
2510 3776 2576 3814 ex
2602 3765 2875 3830 peccato·

545 3855 682 3920 rum)
721 3854 792 3907 M
937 3859 1067 3908 ante
1103 3852 1301 3922 pernic.
1342 3852 1475 3907 add.
1513 3868 1610 3906 3311
1650 3850 1698 3907 S
1819 3851 2125 3922 perneciem
2153 3847 2255 3904 SG
2397 3852 2431 3902 2
2470 3848 2782 3904 daesiderio
2824 3849 2883 3904 0

547 3943 579 3995 5
617 3941 816 3996 exitum
855 3942 905 3996 0
1039 3943 1282 4011 prestare
1313 3939 1420 3995 LO
1505 3941 1540 3995 6
1579 3946 1705 4012 ἑῇῑι
1733 3940 1809 3995 L¹
1920 3941 1953 3993 7
1990 3956 2123 3994 seua
2150 3937 2199 3993 S
2282 3937 2336 3992 ’8
2375 3937 2585 3992 00011110
2624 3939 2677 4009 (0
2722 3953 2795 3992 ει·
2838 3957 2877 3993 a

548 4047 682 4084 corr.
721 4048 790 4084 m.
827 4031 888 4098 2)
926 4029 980 4083 L
1114 4029 1209 4083 sed
1249 4029 1304 4099 (d
1338 4045 1383 4084 8.
1425 4030 1458 4084 l.
1497 4047 1566 4084 m.
1607 4033 1648 4085 2
1686 4028 1839 4098 add.)
1884 4027 1933 4082 0
2069 4026 2263 4098 utique
2306 4025 2356 4081 0
2493 4027 2637 4080 iuste
2674 4025 2883 4080 LG'M

545 4119 689 4190 iuste
729 4119 776 4174 S
842 4120 875 4172 9
915 4118 1041 4188 quo]
1083 4118 1227 4189 quod
1265 4121 1403 4190 (erp.
1439 4135 1510 4176 m.
1549 4123 1611 4187 2)
1640 4119 1695 4174 L
1732 4117 1877 4190 quod
1904 4116 2166 4172 PSGMb
2310 4133 2369 4170 se
2406 4132 2509 4170 om.
2538 4113 2875 4170 LPSGJe'b

549 4209 618 4262 10
673 4208 918 4277 aegyptii
974 4207 1014 4276 (i
1067 4209 1165 4274 fin.
1223 4207 1356 4261 add.
1409 4223 1478 4260 m.
1537 4211 1594 4268 2)
1651 4207 1705 4261 L
1884 4204 2099 4260 hebreis
2153 4203 2263 4258 Lo
2452 4205 2520 4258 14
2573 4219 2757 4258 moses
2828 4205 2884 4258 G

552 4297 619 4350 15
644 4296 828 4352 hebrei
856 4295 964 4350 LC
1055 4297 1118 4349 17
1159 4300 1519 4365 peccauerunt
1556 4299 1699 4366 (sup.
1738 4312 1775 4349 u
1814 4313 1842 4350 3
1882 4293 2013 4348 add.
2050 4311 2119 4347 m.
2156 4295 2284 4359 rec.)
2327 4293 2377 4348 0
2468 4293 2541 4347 20
2575 4293 2775 4362 paenis
2816 4294 2881 4347 L

550 4384 831 4450 cohercere
871 4382 916 4437 S
1021 4384 1089 4436 22
1125 4400 1302 4438 moses
1347 4383 1393 4436 0
1499 4384 1567 4436 23
1608 4384 1971 4438 contumatiae
2002 4382 2049 4437 S
2150 4383 2219 4436 27
2254 4381 2624 4452 rephendatur
2650 4380 2879 4437 LGSG
