3159 4984
972 425 1059 479 VI.
1099 424 1390 482 Contra
1435 428 1803 481 Faustum
1859 425 1989 480 lib.
2046 426 2110 481 V.
2519 426 2647 489 283

358 622 661 688 uxoribus
719 626 786 688 et
839 622 990 687 filiis
1049 625 1114 686 et
1168 622 1428 687 familiis
1485 625 1551 687 et
1608 622 1903 688 domibus
1950 626 2017 687 et
2061 622 2229 706 agris
2278 621 2463 687 uobis
2520 639 2647 685 ser-

355 730 564 807 uiunt,
631 730 686 795 si
751 730 1042 813 quisquis
1107 730 1234 795 ista
1318 730 1530 795 omnia
1610 750 1734 796 non
1792 729 2123 803 dimiserit,
2178 749 2304 795 non
2379 728 2649 811 accipiet

357 837 807 921 euangelium?
847 837 962 903 sed
992 836 1142 919 quia
1170 837 1261 902 eis
1291 858 1416 903 non
1444 838 1992 911 resurrectionem,
2034 838 2146 901 sed
2181 836 2645 903 reuolutionem

357 944 436 1007 ad
481 944 672 1008 istam
720 945 1177 1010 mortalitatem
1223 945 1625 1028 promittitis,
1664 948 1739 1008 ut
1775 962 1996 1009 rursus
2033 947 2377 1008 nascantur
2412 946 2477 1009 et
2510 942 2645 1007 uita

275 1066 316 1106 ὁ
357 1050 706 1116 electorum
754 1056 1116 1116 uestrorum
1162 1051 1407 1127 uiuant,
1444 1054 1578 1116 tam
1626 1070 1789 1117 uana
1837 1056 1901 1115 et
1944 1052 2160 1134 inepta
2206 1053 2271 1115 et
2314 1050 2642 1133 sacrilega.

353 1176 547 1239 quam
603 1177 722 1223 uos
779 1156 1026 1235 uiuitis,
1086 1158 1336 1241 quando
1392 1158 1582 1223 ualde
1638 1158 2021 1233 laudamini:
2088 1162 2199 1222 aut
2254 1158 2309 1221 si
2364 1156 2644 1221 melioris

349 1264 566 1329 meriti
623 1270 792 1343 sunt,
859 1266 925 1329 in
989 1267 1274 1332 melones
1341 1270 1406 1330 et
1461 1284 1833 1331 cucumeres
1888 1266 1993 1329 uel
2050 1265 2115 1329 in
2170 1264 2418 1346 aliquos
2484 1264 2643 1329 alios

352 1372 529 1438 cibos
620 1373 901 1448 ueniant,
986 1392 1148 1455 quos
1228 1392 1348 1439 uos
1436 1372 1877 1437 manducaturi
1969 1373 2145 1448 estis,
2247 1373 2322 1435 ut
2412 1370 2643 1435 uestris

349 1478 706 1543 ructatibus
791 1480 919 1545 cito
1000 1484 1386 1565 purgentur:
1479 1480 1707 1545 merito
1791 1498 1901 1545 eos
1974 1498 2011 1543 a
2081 1478 2397 1542 mandatis
2455 1497 2641 1541 euan-

247 1598 315 1637 *10
351 1585 577 1669 gelicis
653 1586 982 1661 alienatis:
1062 1588 1174 1651 sed
1241 1590 1308 1651 et
1369 1606 1488 1651 uos
1549 1587 1728 1670 ipsos
1803 1586 1957 1650 talia
2030 1586 2377 1650 sentientes
2452 1587 2641 1666 atquc

350 1692 694 1758 suadentes
741 1694 1010 1758 maxime
1055 1694 1202 1758 inde
1251 1712 1539 1777 separare
1590 1694 1855 1759 debetis.
1903 1694 1960 1758 si
1997 1693 2165 1757 enim
2202 1693 2355 1756 haec
2393 1691 2641 1755 uanitas

351 1798 432 1863 ad
479 1799 666 1865 fidem
717 1801 1154 1885 euangelicam
1201 1802 1564 1884 pertineret,
1612 1820 1735 1865 non
1786 1800 2007 1865 debuit
2052 1800 2260 1864 dicere
2308 1799 2642 1864 dominus:

345 1908 644 1972 esuriui
700 1911 773 1973 et
832 1907 1166 1993 dedistis
1223 1908 1410 1972 mihi
1465 1908 1945 1982 manducare,
2005 1906 2154 1971 sed:
2222 1906 2520 1971 esuristis
2578 1910 2643 1971 et

345 2015 781 2081 manducastis
827 2034 950 2087 me,
1009 2018 1156 2078 aut:
1218 2015 1456 2079 esuriui
1514 2018 1580 2079 et
1632 2013 2015 2078 manducaui
2052 2032 2192 2078 uos.
2222 2032 2423 2095 neque
2474 2012 2639 2077 enim

261 2130 314 2171 ²⁵
351 2142 422 2187 ex
467 2122 580 2188 illo
627 2122 756 2186 iam
795 2121 1281 2186 ministrationis
1319 2121 1546 2187 merito
1587 2121 1937 2186 secundum
1974 2122 2192 2185 uestra
2229 2120 2643 2184 deliramenta

350 2228 688 2311 quisquam
734 2228 1080 2311 recipietur
1133 2228 1198 2292 in
1253 2247 1521 2311 regnum
1579 2228 1701 2302 dei,
1760 2228 1911 2311 quia
1963 2227 2345 2292 manducare
2400 2226 2639 2292 sanctis

348 2335 544 2413 dedit,
593 2335 709 2400 sed
755 2336 904 2418 quia
949 2336 1058 2400 uel
1103 2322 1534 2411 manducauit,
1594 2355 1753 2417 quos
1812 2334 2158 2401 anhelaret.
2215 2334 2321 2398 uel
2374 2334 2638 2399 mandu-

346 2446 528 2508 catus
577 2446 696 2510 est.
747 2461 784 2505 a
831 2442 1063 2525 quibus
1113 2442 1513 2507 anhelaretur
1556 2442 1621 2507 in
1670 2444 1937 2509 caelum.
2003 2462 2119 2507 nec
2173 2442 2269 2505 illi
2317 2442 2633 2507 dicerent:

345 2549 675 2618 domine.
736 2549 1032 2632 quando
1089 2552 1163 2613 te
1221 2549 1553 2614 uidimus
1612 2550 2103 2625 esurientem,
2162 2552 2236 2612 et
2292 2548 2635 2615 dedimus

235 2662 312 2701 ‘²⁰
342 2656 487 2722 tibi
535 2656 1031 2737 manducare?
1091 2657 1203 2721 sed
1251 2656 1566 2721 dicerent:
1618 2656 1868 2739 quando
1914 2660 1979 2720 te
2027 2655 2308 2719 uidimus
2358 2656 2635 2720 esurien-

340 2766 494 2839 tem,
546 2766 608 2828 et
654 2764 1060 2829 manducasti
1107 2768 1275 2829 nos?
1333 2765 1565 2846 quibus
1619 2765 1731 2829 ille
1788 2783 1911 2829 non
1967 2762 2413 2846 responderet:
2472 2781 2633 2827 cum

339 2871 471 2936 uni
519 2891 606 2935 ex
653 2870 990 2937 minimis
1039 2872 1227 2937 meis
1276 2871 1627 2949 dedistis,
1667 2872 1851 2937 mihi
1899 2871 2247 2943 dedistis,
2289 2869 2437 2934 sed:
2488 2888 2633 2935 cum

340 2996 510 3043 unus
559 2998 631 3043 ex
676 2978 961 3042 minimis
1009 2978 1171 3043 meis
1221 2998 1338 3044 uos
1384 2978 1819 3047 manducauit.
1879 2997 1996 3061 ego
2054 2995 2172 3041 uos
2228 2975 2632 3041 manducaui.

433 3085 536 3147 11.
585 3084 762 3149 Haec
807 3088 1104 3167 portenta
1149 3086 1498 3151 sentientes
1547 3089 1613 3151 et
1650 3087 1948 3152 docentes
1990 3087 2056 3149 et
2090 3083 2441 3149 secundum
2478 3084 2633 3148 haec

229 3196 304 3237 ‘2⁶
339 3190 638 3256 uiuentes
688 3191 940 3257 audetis
997 3206 1116 3257 uos
1175 3196 1239 3256 et
1295 3192 1502 3259 dicere
1560 3192 1933 3276 euangelica
1986 3195 2324 3274 praecepta
2378 3210 2632 3256 seruare

340 3301 406 3362 et
453 3298 805 3363 catholicae
861 3298 1166 3364 ecclesiae
1209 3300 1526 3385 derogare,
1565 3300 1629 3363 in
1670 3319 1794 3381 qua
1832 3302 1983 3363 sunt
2018 3301 2149 3362 tam
2186 3298 2377 3363 multi
2412 3299 2632 3382 pusilli

339 3424 486 3469 cum
533 3406 805 3489 magnis,
856 3425 1016 3488 quos
1063 3409 1372 3489 utrosque
1420 3407 1715 3472 dominus
1773 3405 2094 3471 benedicit
2146 3423 2258 3487 pro
2315 3405 2451 3469 suis
2497 3424 2631 3489 gra—

339 3512 528 3576 dibus
585 3514 961 3597 euangelica
1015 3513 1316 3578 mandata
1371 3516 1705 3578 seruantes
1763 3516 1830 3577 et
1885 3512 2257 3596 euangelica
2318 3512 2633 3595 promissa

337 3622 684 3701 sperantes,
763 3620 877 3684 sed
949 3622 1241 3685 uestrum
1317 3620 1578 3685 oculum
1641 3619 1999 3684 maleuolus
2068 3637 2237 3683 error
2298 3620 2361 3682 in
2428 3618 2630 3684 solam

225 3734 302 3774 ,εο
337 3726 587 3808 paleam
635 3729 889 3790 nostrae
939 3726 1180 3810 segetis
1230 3727 1445 3803 ducit:
1503 3745 1650 3790 nam
1699 3729 1764 3791 et
1808 3725 2095 3791 triticum
2140 3726 2232 3791 ibi
2279 3725 2404 3791 cito
2452 3723 2629 3789 uide-

514 3934 580 3989 13
615 3933 812 3989 Matth.
853 3936 936 3993 25,
978 3935 1046 3988 35
1158 3934 1222 3987 21
1264 3935 1462 3990 Matth.
1503 3936 1589 4002 25,
1628 3936 1700 3989 40

403 4076 432 4129 1
463 4074 622 4129 uobis
650 4076 732 4147 (in
755 4084 948 4145 ωιτν-9.)
980 4074 1027 4131 S
1133 4077 1166 4130 2
1205 4076 1474 4147 quisquis]
1512 4077 1634 4147 quis
1668 4076 1798 4131 Gsb
1909 4078 1939 4129 7
1972 4076 2120 4130 cibos
2158 4076 2294 4130 alios
2330 4075 2377 4129 Ο
2480 4076 2514 4129 8
2542 4076 2623 4146 ut]

332 4168 390 4217 et
425 4162 526 4218 SG‘
638 4167 704 4219 14
741 4165 884 4220 enim
926 4168 976 4231 (e
1013 4182 1057 4219 8.
1089 4166 1124 4222 l.
1158 4183 1196 4219 a
1222 4184 1294 4220 m.
1323 4170 1382 4235 2)
1413 4166 1468 4221 L
1576 4168 1645 4221 16
1682 4166 1973 4237 recipietur
2002 4170 2053 4235 (e
2084 4171 2214 4220 ante
2248 4169 2274 4220 t
2312 4183 2349 4219 a
2382 4182 2449 4219 m.
2490 4166 2549 4234 2)
2585 4165 2632 4219 C

331 4252 534 4307 sanctis
591 4254 632 4322 (i
685 4268 730 4307 8.
788 4255 824 4308 l.
882 4272 920 4308 a
971 4270 1040 4309 m.
1098 4258 1157 4322 2)
1198 4253 1252 4308 L
1417 4255 1482 4309 17
1521 4256 1765 4310 anelaret
1799 4255 1853 4310 L
2026 4255 2093 4309 18
2131 4255 2439 4308 anelaretur
2474 4253 2625 4308 LSG

332 4340 678 4396 anhelaretur
706 4342 764 4413 (h
791 4358 834 4395 8.
867 4342 902 4396 l.
933 4358 972 4395 a
997 4358 1065 4396 m.
1095 4342 1145 4409 1)
1173 4342 1248 4395 M
1415 4342 1485 4397 24
1515 4344 1672 4397 alter.
1712 4348 1767 4397 et
1796 4360 1897 4397 om.
1934 4342 1982 4396 0
2246 4341 2493 4396 uideritis
2524 4340 2621 4395 SG
