3159 4984
659 477 785 538 748
1363 479 1415 526 δ.
1473 473 1745 526 Aureli
1803 472 2250 542 Augustini
2365 471 2370 474 ’

664 667 1167 743 seductoriiS,
1219 667 1596 732 doctrinis
1647 665 2242 744 daemoniorum,
2298 668 2372 731 in
2421 667 2812 750 hypocrisi
2859 669 2954 732 lo-

664 779 988 855 quentes
1036 773 1532 849 mendacium,
1593 773 2088 838 cauteriatam
2148 774 2516 838 habentes
2575 776 2952 839 conscien-

659 881 845 944 tiam
904 900 1137 959 suam,
1195 881 1696 964 prohibentes
1753 880 2052 960 nubere,
2111 881 2591 946 abstinentes
2649 900 2687 944 a
2741 882 2954 955 cibis,

660 1007 848 1068 quos
919 988 1102 1052 deus
1172 988 1467 1052 creauit
1530 987 1618 1050 ad
1685 987 2257 1070 percipiendum
2324 1006 2484 1052 cum
2545 988 2956 1072 gratiarum

662 1094 963 1159 actione
1021 1094 1415 1160 fidelibus.
1485 1114 1834 1177 numquam
1889 1095 2076 1176 plane
2133 1094 2254 1160 tibi
2311 1113 2427 1178 ego
2484 1095 2642 1158 haec
2690 1095 2769 1158 ab
2817 1113 2958 1176 apo·
3011 1117 3035 1156 ⁵

661 1201 827 1266 stolo
869 1201 1041 1266 dicta
1080 1221 1221 1266 esse
1262 1201 1712 1280 consenserim,
1743 1201 1869 1267 nisi
1907 1205 2093 1266 antea
2131 1202 2488 1267 confitearis
2526 1201 2664 1284 ipse
2691 1202 2956 1284 Moysen

658 1309 722 1370 et
784 1308 1129 1391 prophetas
1199 1307 1519 1402 doctrinas
1587 1309 1899 1374 adtulisse
1958 1309 2434 1374 daemoniorum
2493 1313 2560 1373 et
2614 1309 2958 1374 seductorii

658 1413 921 1495 spiritus
970 1432 1043 1477 ac
1088 1414 1359 1498 maligni
1405 1415 1606 1479 fuisse
1657 1413 2054 1497 interpretes
2095 1415 2204 1497 qui
2251 1433 2289 1478 a
2333 1415 2592 1498 porcina
2631 1419 2697 1478 et
2734 1415 2959 1479 ceteris

658 1521 975 1599 carnibuS,
1010 1540 1167 1604 quas
1204 1521 1545 1586 inmundas
1574 1525 1831 1599 uocant,
1864 1522 2140 1588 sollicite
2180 1522 2451 1587 doceant
2487 1521 2958 1586 abstinendum.

660 1626 736 1690 de
783 1626 885 1690 his
934 1646 1083 1710 ergo
1130 1627 1334 1710 primo
1385 1625 1860 1690 deliberandum
1907 1627 2096 1692 uobis
2146 1630 2246 1691 est
2291 1629 2356 1692 et
2400 1626 2508 1690 diu
2555 1627 2960 1708 multumque
2994 1649 3040 1685 ιο

659 1733 1091 1816 cogitandum,
1132 1734 1288 1797 haec
1338 1733 1488 1815 quid
1538 1732 1809 1797 debeant
1856 1733 2078 1816 accipi,
2127 1733 2190 1797 in
2241 1733 2438 1797 deone
2484 1733 2608 1815 ipsi
2655 1733 2837 1806 haec.
2887 1751 2960 1795 an

658 1839 722 1902 in
772 1825 1103 1904 daemonio
1152 1839 1356 1904 locuti
1403 1838 1763 1905 uideantur.
1812 1839 1930 1902 hac
1980 1839 2146 1903 enim
2193 1841 2383 1903 tenus
2431 1843 2544 1904 aut
2589 1840 2656 1902 et
2699 1839 2960 1921 Moyses

662 1949 725 2008 et
791 1947 1137 2029 prophetae
1196 1946 1531 2010 nobiscum
1590 1945 1872 2009 damnati
1928 1949 2114 2010 erunt
2168 1949 2281 2010 aut
2335 1949 2402 2010 et
2454 1965 2570 2010 nos
2627 1963 2772 2009 cum
2829 1945 2962 2009 illis

662 2052 967 2119 absoluti.
1036 2072 1239 2134 neque
1299 2052 1465 2116 enim
1521 2052 1695 2116 iusta
1749 2051 1909 2116 haec
1964 2071 2132 2116 nunc
2186 2054 2406 2116 uestra
2469 2050 2784 2116 sententia
2845 2055 2962 2128 est,

659 2160 733 2221 ut
769 2177 885 2223 nos
925 2159 1203 2240 quidem.
1237 2159 1344 2241 qui
1382 2159 1594 2223 solum
1632 2159 1695 2222 in
1733 2158 1918 2241 plebe
1958 2158 2348 2224 sacerdotale
2387 2157 2718 2223 hominum
2758 2177 2962 2242 genus
2997 2179 3040 2217 ιε»

658 2283 1032 2329 censeamus
1072 2285 1107 2328 a
1147 2265 1440 2330 carnibus
1482 2265 1798 2328 abstinere
1837 2265 2083 2341 debere,
2125 2264 2597 2330 daemoniorum
2638 2265 2962 2330 doctrinae

656 2371 992 2436 uideamur
1054 2372 1241 2437 uobis
1311 2374 1775 2447 assectatores3
1843 2375 2098 2438 uestros
2162 2391 2315 2437 uero
2368 2371 2710 2455 prophetas
2769 2376 2960 2454 atque

657 2478 870 2561 ipsum
919 2477 1076 2542 adeo
1124 2479 1416 2562 Moysen,
1465 2477 1575 2561 qui
1622 2479 1866 2560 primus
1924 2497 2046 2543 non
2107 2478 2504 2542 antistitibus
2563 2479 2796 2552 solum,
2849 2479 2960 2544 sed

657 2584 829 2650 omni
878 2585 1140 2648 confuse
1198 2583 1527 2649 hominum
1589 2585 1805 2668 generi
1863 2585 2055 2650 suilla
2108 2585 2504 2649 interdixerit
2559 2588 2623 2650 et
2677 2585 2960 2668 leporina

657 2694 721 2756 et
768 2691 1051 2756 hericina
1098 2711 1281 2756 carne
1332 2701 1395 2755 et
1442 2691 1638 2774 sepiis
1679 2711 1752 2757 ac
1787 2692 2188 2776 lolliginibus
2228 2692 2580 2773 ceterisque
2620 2692 2959 2776 gene-ribus
2985 2711 3036 2749 ευ

655 2799 933 2882 piscium
984 2798 1347 2863 carentibus
1397 2818 1682 2881 squama,
1730 2819 1854 2865 non
1900 2799 1964 2863 in
2014 2799 2244 2882 spiritu
2285 2798 2646 2864 seductorio
2683 2799 2803 2863 hoc
2843 2817 2958 2862 nec

657 2906 721 2970 in
773 2905 1060 2970 doctrina
1108 2905 1606 2982 daemoniorum,
1658 2905 1770 2970 sed
1816 2906 1880 2969 in
1931 2905 2048 2971 deo
2095 2905 2311 2989 potius
2359 2909 2424 2970 et
2471 2905 2532 2969 in
2573 2908 2792 2970 sancto
2833 2906 2957 2987 spi·

654 3012 785 3076 ritu
821 3012 1076 3078 locutos
1117 3031 1257 3077 esse
1297 3012 1709 3077 arbitremini.
1748 3012 1948 3096 igitur
1981 3015 2057 3076 ut
2091 3012 2213 3077 hoc
2248 3013 2367 3076 tibi
2402 3011 2656 3077 interim
2683 3011 2956 3076 Paulum

658 3119 891 3184 dixisse
943 3119 1308 3198 concedam,
1358 3119 1573 3184 uictus
1621 3122 1834 3183 tamen
1883 3119 1996 3183 abs
2043 3121 2108 3182 te
2154 3138 2278 3183 non
2327 3121 2471 3182 ante
2515 3118 2719 3194 fuero,
2767 3137 2954 3200 quam

654 3227 727 3288 tu
764 3225 1031 3308 Moysen
1074 3225 1478 3291 damnaueris
1517 3227 1581 3289 et
1617 3224 1981 3308 prophetas,
2020 3227 2094 3288 ut
2132 3223 2304 3307 quod
2337 3224 2582 3289 ratione
2621 3224 2955 3289 conuictus
2983 3243 3032 3282 2⁵

656 3333 722 3395 et
769 3331 1038 3396 ueritate
1086 3351 1434 3414 numquam
1481 3332 1754 3397 fortasse
1802 3331 2090 3407 fecisses,
2145 3331 2211 3395 id
2257 3349 2427 3396 nunc
2472 3330 2720 3395 uentris
2765 3347 2954 3394 causa

657 3437 860 3502 facere
909 3438 1209 3516 uidearis,
1257 3438 1700 3521 blasphemare
1747 3438 2037 3522 Moysen.

750 3546 808 3610 2.
860 3546 977 3609 Est
1022 3565 1174 3611 uero
1224 3549 1290 3609 et
1337 3544 1509 3609 aliud
1549 3545 1626 3609 de
1664 3544 1869 3609 tribus
1906 3543 2120 3628 pueris
2159 3543 2329 3626 apud
2365 3563 2484 3608 uos
2520 3544 2584 3606 in
2625 3541 2950 3616 Danihelo,

834 3735 900 3789 21
942 3735 1007 3790 cf.
1045 3736 1177 3790 Leu.
1222 3735 1303 3802 11,
1342 3736 1375 3790 6
1412 3752 1528 3805 sqq.
1640 3737 1707 3792 23
1749 3735 1815 3788 cf.
1854 3734 1993 3788 Dan.
2037 3737 2082 3800 1,
2125 3735 2192 3788 12

727 3861 753 3912 1
784 3859 1083 3916 seductoris
1112 3861 1185 3914 L¹
1330 3859 1700 3914 demoniorum
1733 3859 1781 3914 0
1935 3859 2192 3930 hipocrisi
2221 3860 2266 3913 δ’
2285 3858 2583 3934 hypocrisi,
2611 3859 2666 3928 (n
2696 3865 2790 3924 er.)
2817 3857 2950 3910 szz’

652 3948 961 4020 hypocrisin
996 3949 1043 4002 0
1149 3951 1215 4004 10
1254 3953 1339 4003 est
1375 3949 1531 4003 uobis
1558 3948 1659 4004 SG
1768 3949 1830 4002 11
1875 3952 1932 4003 et
1966 3947 2073 4019 ipsi
2107 3947 2155 4002 G
2260 3947 2329 4001 12
2359 3946 2606 4000 demonio
2644 3945 2692 4000 0
2828 3945 2948 4012 hac]

656 4039 791 4092 haec
818 4037 1126 4098 L¹S.¹MGb
1274 4042 1431 4093 tenus
1460 4039 1604 4092 enim
1632 4038 1678 4091 C
1807 4038 1969 4091 'tenus
1989 4037 2062 4090 M
2065 4040 2081 4073 ¹
2114 4037 2196 4103 (in
2223 4053 2326 4106 my.
2353 4037 2624 4105 tenemus)
2647 4035 2717 4088 M
2853 4037 2948 4086 aut

656 4126 729 4198 et]
770 4132 951 4182 autem
988 4128 1077 4182 Pb
1186 4127 1255 4182 13
1292 4127 1573 4198 dampnati
1617 4127 1734 4181 GM
1839 4129 1908 4181 14
1947 4125 2185 4180 absoluit
2226 4124 2301 4178 (Ρ
2405 4125 2474 4178 15
2509 4122 2840 4178 sacerdotale
2873 4120 2946 4175 L¹

653 4231 825 4287 genus
870 4216 1147 4271 hominum
1201 4217 1249 4272 G
1424 4218 1491 4270 18
1539 4215 1837 4270 antistibus
1886 4214 2159 4270 L¹S¹MG
2341 4214 2410 4267 19
2459 4213 2666 4284 generi]
2703 4211 2876 4266 coetui
2913 4209 2950 4262 b

653 4305 723 4359 20
762 4306 963 4360 ericina
1000 4305 1045 4359 C
1151 4307 1219 4359 25
1257 4305 1598 4360 damnaberis
1636 4305 1706 4359 L*
1877 4307 2052 4360 ration
2092 4303 2145 4358 L
2291 4303 2500 4358 euictus
2541 4301 2588 4356 0
2692 4301 2763 4355 28
2799 4299 2946 4352 dani·

650 4393 776 4446 belo
815 4392 990 4448 SGL¹
