3159 4984
483 472 615 536 680
1209 471 1262 522 S.
1320 467 1596 521 Aureli
1650 468 2087 536 Augustini

483 683 638 730 num
685 663 885 742 1161111,
937 662 1042 727 cui
1087 662 1292 746 prosit
1347 665 1460 726 aut
1515 662 1687 727 obsit
1740 661 1803 726 in
1862 680 2015 744 pace
2070 679 2331 745 regnare
2388 661 2495 726 uel
2554 661 2795 726 seruire

482 771 591 835 uel
657 788 882 835 uacare
948 769 1057 833 uel
1119 769 1302 846 mori,
1366 769 1430 832 in
1487 769 1658 834 bello
1720 771 1935 832 autem
1992 768 2301 850 imperare
2358 768 2466 832 uel
2510 786 2796 852 pugnare

482 879 590 942 uel
626 877 882 942 uincere
921 877 1028 940 uel
1067 875 1324 942 occidi?
1365 894 1512 940 cum
1550 875 1674 940 hoc
1708 879 1921 939 tamen
1980 877 2233 938 constet
2282 879 2347 938 et
2393 875 2493 940 661
2531 875 2797 958 prodest

483 1003 608 1049 non
655 984 779 1049 nisi
827 1002 940 1066 per
988 982 1280 1046 diuinum
1344 981 1647 1066 prodesse
1713 980 2091 1046 beneficium
2159 986 2224 1046 et
2278 983 2380 1047 cui
2436 982 2623 1047 obest
2666 1000 2795 1047 non

481 1091 603 1155 nisi
651 1108 763 1174 per
809 1089 1098 1154 diuinum
1149 1090 1372 1155 obesse
1419 1088 1751 1154 iudicium.
2864 1111 2894 1148 s

577 1199 680 1261 79.
732 1195 899 1275 Quid
947 1215 1097 1280 ergo
1145 1196 1469 1261 insilimus
1515 1195 1578 1260 in
1628 1196 1995 1260 temerarias
2040 1196 2561 1278 reprehensiones
2600 1199 2797 1278 atque

481 1304 726 1368 utinam
773 1303 1104 1368 hominum
1158 1313 1223 1366 61
1268 1321 1392 1368 666
1440 1302 1544 1367 1161
1565 1306 1597 1366 P
1656 1301 1995 1367 semierint
2040 1301 2506 1386 dispensatores
2556 1305 2797 1368 ueteris

483 1409 851 1474 testamenti
897 1408 1195 1492 idemque
1242 1409 1792 1492 praenuntiatores
1831 1409 1983 1475 noui
2019 1409 2389 1474 testamenti
2424 1413 2797 1492 peccatores

485 1515 850 1594 occidend0‚
921 1515 1260 1582 seruierint
1324 1516 1797 1598 dispensatores
1864 1515 2015 1580 noui
2070 1516 2439 1580 testamenti
2494 1515 2799 1598 idemque

481 1623 870 1707 expositores
917 1623 1156 1689 ueteris
1223 1622 1597 1688 testamenti
1654 1641 1691 1685 a
1744 1621 2191 1705 peccatoribus
2244 1622 2608 1700 moriendo,
2668 1623 2795 1688 deo
2834 1645 2891 1682 ιο

479 1735 693 1796 tamen
740 1730 852 1795 uni
898 1731 1152 1812 utrique
1201 1713 1561 1794 seruierunt
1616 1748 1727 1812 per
1773 1728 2025 1793 diuersa
2073 1732 2138 1792 et
2183 1747 2461 1812 congrua
2502 1733 2801 1813 tempora

483 1837 735 1903 docenti
798 1836 966 1903 bona
1019 1836 1397 1919 temporalia
1452 1838 1516 1900 et
1573 1854 1611 1899 a
1666 1855 1737 1902 se
1792 1834 2066 1920 petenda
2120 1837 2185 1900 et
2228 1838 2485 1918 propter
2529 1856 2597 1902 se
2646 1855 2798 1902 con-

482 1943 842 2019 temnenda,
881 1943 1214 2008 molestias
1261 1944 1645 2026 temporales
1686 1946 1753 2007 et
1787 1962 1824 2006 a
1862 1962 1930 2008 se
1968 1961 2157 2025 posse
2194 1941 2467 2024 inperari
2504 1947 2570 2007 et
2604 1963 2797 2027 prop-

477 2055 582 2115 ter
627 2069 697 2116 se
744 2049 972 2115 debere
1020 2049 1297 2116 tolerari.
1349 2049 1500 2132 quid
1542 2068 1689 2134 ergo
1731 2050 1985 2114 crudele
2014 2050 2273 2132 Moyses
2313 2051 2425 2113 aut
2458 2050 2799 2115 mandauit

479 2160 589 2221 aut
625 2157 798 2235 fecit,
850 2175 996 2221 cum
1044 2157 1464 2221 commissum
1511 2157 1636 2221 sibi
1682 2156 1991 2239 populum
2040 2157 2257 2219 sancte
2307 2155 2517 2220 zelans
2566 2159 2633 2220 et
2676 2157 2797 2221 uni
2834 2177 2893 2215 15

478 2282 632 2328 uero
680 2263 799 2328 deo
849 2262 1182 2328 subditum
1230 2263 1492 2347 cupiens
1538 2265 1956 2345 posteaquam
2005 2261 2311 2345 cognouit
2356 2262 2432 2327 ad
2478 2263 2797 2328 fabrican-

479 2369 632 2434 dum
699 2371 766 2434 et
831 2369 1172 2434 colendum
1236 2369 1478 2434 idolum
1547 2368 1888 2434 defluxisse
1948 2371 2359 2452 mentemque
2421 2369 2796 2453 inpudicam

481 2475 890 2560 prostituisse
958 2475 1394 2553 11661666111116,
1459 2474 1522 2541 in
1590 2495 1829 2558 paucos
1886 2494 2107 2541 eorum
2162 2475 2495 2542 uindicans
2552 2477 2795 2561 gladio,

482 2601 641 2664 quos
709 2581 865 2647 deus
930 2581 1101 2665 ipse,
1169 2601 1357 2664 quem
1425 2581 1841 2659 offenderant,
1918 2582 2047 2648 alto
2112 2584 2179 2646 et
2242 2585 2484 2646 sec-reto
2548 2583 2794 2648 iudicio

475 2688 794 2754 feriendos
859 2686 1184 2753 uoluisset
1237 2686 1472 2764 inferri,
1535 2690 1602 2751 61
1652 2687 1716 2752 16
1772 2687 2095 2770 praesenti
2160 2688 2501 2752 salubriter
2560 2689 2797 2754 terruit
2828 2717 2888 2758 ω

479 2799 545 2859 61
591 2794 997 2878 disciplinam
1034 2795 1098 2858 in
1135 2797 1462 2878 posterum
1501 2795 1758 2860 sanxit?
1806 2813 1949 2859 nam
1990 2813 2136 2860 eum
2174 2795 2354 2860 nulla
2390 2793 2795 2870 crudelitate,

479 2901 594 2965 sed
649 2918 882 2986 magna
941 2900 1280 2966 dilectione
1335 2900 1566 2968 fecisse
1625 2901 1797 2984 quod
1851 2900 2023 2978 fecit,
2082 2901 2225 2984 quis
2280 2921 2405 2971 1166
2462 2901 2526 2965 16
2572 2902 2796 2966 6611116

482 3008 620 3073 6166
687 3013 995 3092 63666661
1061 3007 1296 3074 6166116
1361 3029 1472 3091 pro
1537 3012 1802 3092 peccato
1880 3027 2097 3074 eorum
2180 3011 2249 3072 et
2329 3007 2637 3073 dicentis:
2724 3009 2797 3073 si

483 3112 820 3180 dimittis
865 3114 1036 3178 illis
1083 3116 1512 3196 peccatum,
1563 3114 1897 3192 dimitte3
1957 3115 2071 3180 sin
2128 3118 2407 3192 autem,
2460 3114 2627 3180 dele
2674 3135 2795 3180 me

480 3219 567 3284 de
613 3220 811 3286 libro
857 3223 1033 3285 tuo?
1083 3239 1429 3304 conparans
1477 3240 1628 3306 6136
1676 3222 2119 3304 unusquisque
2154 3221 2257 3305 pie
2296 3221 2573 3305 prudens
2607 3222 2799 3286 illam
2826 3259 2889 3298 ,ὅ

653 3477 720 3531 23
759 3478 850 3532 Ex.
893 3477 962 3530 32

545 3673 577 3725 2
625 3637 816 3740 ἆξέζω
872 3674 1029 3742 (corr.
1090 3671 1203 3725 uid.
1241 3687 1310 3726 m.
1348 3676 1395 3734 1)
1433 3670 1487 3724 L
1630 3671 1775 3727 bello
1816 3675 1867 3742 (o
1904 3675 1968 3727 in
2000 3675 2137 3744 ra3.)
2178 3673 2231 3726 L
2378 3677 2561 3727 autem
2599 3673 2691 3726 uel
2743 3673 2801 3726 G

473 3761 506 3814 3
563 3759 784 3832 prodest
837 3760 944 3815 nisi
999 3759 1245 3814 diuinum
1301 3758 1562 3815 iudicium
1619 3760 1827 3827 (ceteris
1881 3761 2005 3827 om.)
2054 3759 2155 3816 SG
2336 3761 2369 3814 5
2424 3759 2685 3814 iuditium
2744 3760 2803 3814 0

473 3849 506 3902 6
533 3849 802 3905 insilimus
836 3851 884 3905 0
1003 3849 1386 3920 rephensiones
1416 3849 1468 3902 L
1605 3849 1636 3902 7
1668 3851 1748 3918 (et
1776 3850 1831 3916 9)
1863 3849 2167 3905 seruierunt
2199 3850 2247 3904 0
2342 3849 2377 3906 8
2404 3849 2681 3920 iidemque
2712 3850 2795 3906 M

472 3937 903 4008 pronuntiatores
947 3937 1042 3993 OS
1214 3938 1247 3991 9
1285 3937 1689 4008 dispensatores
1728 3955 1831 3994 om.
1870 3938 1971 3995 SG-
2154 3939 2219 3993 12
2259 3938 2695 4010 contempnenda
2742 3941 2801 3994 0

476 4027 540 4082 13
574 4027 856 4082 molestias
897 4028 992 4096 (sti
1025 4027 1144 4082 6.·1.
1186 4043 1223 4080 α
1257 4043 1327 4082 m.
1365 4027 1416 4096 1)
1454 4027 1510 4081 L
1652 4043 1875 4097 possete
1915 4031 1966 4094 (e
2001 4029 2099 4096 fin.
2140 4033 2189 4082 et
2225 4046 2253 4080 τ
2286 4043 2333 4082 ε.
2374 4028 2409 4083 l.
2452 4045 2489 4082 a
2525 4045 2597 4082 m.
2636 4031 2700 4098 2)
2728 4033 2791 4086 L

471 4113 748 4184 impetrari
777 4114 810 4170 b
920 4116 988 4170 16
1026 4131 1188 4174 uerno
1217 4113 1270 4168 L
1380 4116 1449 4170 18
1480 4115 1836 4170 daemonibus
1866 4117 1919 4186 (a
1940 4132 1984 4170 s.
2014 4133 2133 4185 cap.
2163 4115 2215 4186 6)
2244 4115 2291 4170 S
2314 4115 2673 4172 daemonibus
2708 4117 2795 4172 6¹

475 4201 793 4257 demonibus
829 4201 879 4257 0
979 4205 1050 4258 20
1086 4203 1295 4274 inferri]
1333 4221 1456 4258 mox
1483 4204 1634 4258 feriri
1664 4205 1696 4259 b
1841 4206 2145 4275 praesenti·
2174 4207 2221 4276 (6
2248 4209 2343 4272 er.)
2374 4205 2429 4259 L
2464 4207 2711 4276 presenti
2746 4207 2805 4262 C'

473 4293 541 4346 21
570 4293 626 4346 in
654 4307 698 4346 6.
729 4293 764 4346 Ζ.
797 4308 864 4344 m.
895 4295 936 4346 2
963 4292 1013 4345 L
1041 4292 1100 4347 in
1132 4297 1408 4363 posterum
1437 4309 1480 4347 6.
1511 4294 1546 4347 1.
1575 4293 1623 4348 S
1728 4294 1797 4348 22
1837 4292 2129 4348 dilectione
2158 4296 2208 4364 (e
2235 4312 2278 4350 6.
2310 4296 2347 4354 Ζ.
2376 4295 2509 4350 add.
2536 4311 2609 4348 m.
2638 4298 2703 4357 2)
2738 4295 2801 4350 L

471 4380 543 4434 25
583 4397 895 4450 comparans
931 4381 1009 4434 L2
1152 4381 1276 4452 piae
1314 4381 1391 4435 12²
