3159 4984
886 488 976 543 v1.
1034 487 1323 542 Contra
1377 488 1747 543 Faustum
1805 488 1934 541 lib.
1992 488 2223 543 XVIIII.
2578 493 2700 555 521

406 686 577 749 latus
636 685 724 749 sit
777 684 1213 760 Manichacus.
1273 688 1348 748 ut
1404 684 1654 748 scilicet
1706 684 1771 748 in
1828 702 2054 768 graeca
2105 684 2328 767 lingua
2382 687 2706 765 tamquam

407 808 639 855 manna
708 789 971 854 fundere
1046 789 1407 867 uideretur,
1486 789 1638 871 quia
1710 808 1934 874 graece
2007 788 2220 853 fundit
2274 800 2374 874 χεῖ
2437 788 2704 853 dicitur:

406 896 516 961 ubi
555 895 708 978 quid
745 896 1005 980 egeritis
1050 896 1289 971 nescio,
1336 896 1463 960 nisi
1499 899 1575 959 ut
1613 897 1971 979 expressius
2008 896 2197 961 uobis
2237 896 2708 961 somniaremini

408 1004 739 1068 insaniam.
789 1022 995 1085 neque
1045 1003 1212 1067 enim
1261 1002 1600 1067 addidistis
1638 1003 1704 1067 in
1741 1007 1921 1085 parte
1959 1004 2164 1087 priore
2203 1006 2477 1071 nominis
2514 1024 2706 1070 unam

344 1133 375 1169 5
407 1110 711 1185 litteram,
761 1112 837 1173 ut
880 1110 1333 1193 agnosceretur
1376 1128 1627 1182 manna,
1677 1111 1791 1174 sed
1846 1110 2182 1177 addidistis
2237 1112 2302 1177 in
2359 1113 2707 1195 posteriore

408 1218 565 1281 duas
614 1216 915 1301 syllabaS‚
964 1236 1089 1281 non
1136 1217 1530 1299 appellantes
1568 1217 2041 1297 Mannicheum‚
2083 1218 2195 1283 sed
2238 1219 2706 1296 Manichaeum‚

406 1327 481 1387 ut
546 1324 705 1388 nihil
770 1324 944 1388 aliud
1000 1324 1187 1390 uobis
1246 1327 1379 1388 tam
1434 1324 1695 1408 prolixis
1753 1328 1819 1388 et
1873 1325 2056 1389 uanis
2115 1326 2514 1391 sermonibus
2573 1325 2706 1391 suis

406 1430 531 1495 nisi
576 1431 891 1495 insaniam
936 1430 1201 1495 fundere
1250 1436 1523 1504 sonaret.
1573 1432 1949 1515 saepissime
1994 1432 2218 1496 iuratis
2267 1436 2331 1495 et
2377 1453 2489 1515 per
2532 1452 2705 1515 para-

408 1538 669 1615 cletum,
722 1558 846 1602 non
895 1556 1045 1603 sane
1093 1538 1299 1613 illum,
1352 1558 1541 1621 quem
1582 1538 1874 1603 Christus
1923 1526 2256 1623 discipulis
2302 1540 2596 1623 promisit
2643 1544 2708 1603 et

302 1659 364 1699 ιο
406 1641 605 1721 misit,
656 1643 770 1708 sed
814 1662 923 1726 per
974 1664 1121 1708 eum
1168 1644 1402 1726 ipsum.
1452 1647 1529 1707 ut
1572 1644 1769 1708 latine
1825 1664 2054 1709 nomen
2115 1646 2252 1709 eius
2311 1646 2704 1728 interpreter,

404 1748 915 1814 insanifusorem.
986 1768 1131 1814 cum
1201 1767 1348 1833 ergo
1414 1748 1620 1813 iurare
1677 1768 2024 1831 numquam
2083 1749 2412 1828 desinam,
2469 1752 2704 1815 uellem

406 1854 588 1932 scire,
638 1856 957 1937 quomodo
1003 1854 1395 1939 intellegatis
1444 1854 1607 1918 hanc
1664 1873 1916 1937 quoque
1971 1854 2134 1940 legis
2189 1859 2456 1939 partem,
2514 1876 2704 1938 quam

405 1960 607 2026 uultis
664 1960 1179 2046 antiquissimam
1234 1960 1546 2045 intellegi.
1607 1962 1778 2044 quod
1832 1962 2018 2027 uobis
2075 1962 2370 2028 dominus
2427 1963 2705 2046 adinple-

404 2069 590 2149 uerit‚
642 2073 706 2134 et
750 2070 955 2154 magis
1002 2073 1261 2153 propter
1304 2072 1651 2135 iurationes
1711 2070 2002 2153 apostoli.
2071 2089 2215 2133 nam
2270 2074 2488 2135 uestra
2545 2089 2705 2152 quae

310 2200 364 2239 15
406 2177 751 2242 auctoritas
802 2178 903 2242 est
948 2178 1055 2241 uel
1101 2178 1289 2243 uobis
1336 2178 1517 2262 ipsiS.
1566 2177 1802 2243 nedum
1849 2176 2028 2246 mihi.
2085 2180 2198 2241 aut
2250 2177 2546 2260 cuiquam
2594 2176 2705 2241 ho-

402 2283 610 2346 mini?
680 2284 843 2349 unde
898 2289 1055 2367 puto
1114 2285 1241 2349 iam
1300 2285 1556 2364 clarere,
1617 2304 1805 2368 quam
1863 2285 1950 2349 sit
2004 2285 2187 2349 aliter
2248 2284 2702 2367 recipiendum.

406 2390 577 2472 quod
653 2391 741 2453 ait
808 2390 1140 2456 Christus:
1218 2411 1359 2456 non
1434 2391 1610 2456 ueni
1683 2392 1926 2476 legem
1995 2393 2326 2469 soluere.
2395 2392 2527 2455 sed
2591 2376 2706 2455 ad-

402 2496 716 2580 inplere.
775 2518 898 2563 non
946 2497 1047 2562 his
1094 2498 1402 2563 uidelicet
1450 2497 1922 2575 additamenti&
1974 2517 2134 2580 quae
2182 2497 2290 2563 uel
2337 2498 2416 2561 ad
2463 2498 2703 2580 exposi-

400 2604 641 2669 tionem
705 2604 1026 2688 pertinent
1088 2604 1557 2687 propositarum
1625 2604 2024 2688 antiquarum
2084 2604 2539 2670 sententiarum
2599 2605 2707 2669 uel

298 2732 363 2771 20
406 2712 485 2775 ad
534 2710 1105 2775 conuersationem.
1156 2730 1279 2775 non
1329 2710 1407 2775 ad
1452 2710 1888 2793 inpletionem.

495 2820 599 2881 23.
670 2815 835 2896 Quia
891 2817 1059 2881 enim
1116 2836 1239 2881 non
1296 2817 1758 2901 intellegebant
1811 2818 2226 2884 homicidium
2283 2818 2406 2884 nisi
2461 2836 2702 2902 perem—
2764 2798 2772 2806 ⁶

400 2922 685 3006 ptionem
744 2923 1024 3007 corporis
1082 2922 1365 3001 humani,
1422 2943 1536 3006 per
1592 2942 1784 3005 quam
1839 2924 1976 2988 uita
2029 2925 2406 3007 priuaretur‚
2457 2924 2706 3006 aperuit

403 3029 697 3095 dominus
747 3049 998 3096 omnem
1046 3031 1339 3113 iniquum
1384 3034 1634 3097 motum
1676 3032 1756 3096 ad
1792 3032 2150 3097 nocendum
2189 3032 2366 3095 fratri
2399 3032 2465 3095 in
2503 3030 2703 3097 homi-

402 3136 553 3200 cidii
592 3156 821 3221 genere
858 3138 1089 3220 putari.
1140 3138 1307 3203 unde
1348 3143 1413 3203 et
1448 3138 1764 3204 lohannes
1804 3139 1990 3203 dicit:
2033 3140 2158 3222 qui
2198 3139 2358 3204 odit
2393 3139 2702 3203 fratrem

300 3264 357 3301 2⁵
402 3262 650 3321 suum,
718 3245 1101 3309 homicida
1165 3248 1299 3310 est.
1381 3249 1445 3310 et
1518 3246 1820 3328 quoniam
1883 3247 2197 3329 putabant
2257 3245 2701 3311 tantummodo

400 3350 791 3433 corporalem
848 3369 995 3415 cum
1050 3350 1288 3415 femina
1340 3352 1653 3416 inlicitam
1711 3352 2201 3417 conmixtionem
2258 3352 2476 3417 uocari
2533 3372 2701 3417 moe-

580 3596 649 3651 10
687 3597 751 3651 cf.
790 3596 908 3651 Ioh.
950 3596 1034 3658 14.
1084 3597 1144 3650 16
1184 3600 1238 3649 et
1276 3596 1379 3660 26;
1420 3598 1507 3662 16,
1548 3596 1614 3661 7;
1655 3598 1772 3652 Act.
1813 3598 1862 3659 2,
1903 3598 1936 3651 2
1975 3614 2092 3667 sqq.
2215 3598 2285 3651 24
2321 3596 2350 3651 1
2386 3596 2503 3653 Ioh.
2543 3598 2593 3658 3,
2637 3598 2706 3651 15

470 3756 500 3809 1
530 3772 690 3825 greca
708 3757 815 3811 LC
920 3758 951 3809 2
982 3756 1209 3811 fundare
1237 3760 1312 3813 L¹
1341 3758 1660 3813 funderetur
1693 3750 1742 3811 C
1837 3758 2114 3812 uideretur
2141 3774 2244 3813 om.
2281 3758 2328 3812 C
2469 3774 2624 3827 grece
2662 3757 2708 3811 G

394 3843 549 3898 fundi
613 3845 659 3899 G
890 3848 1008 3901 chei
1072 3846 1165 3901 zib.
1350 3848 1382 3901 3
1442 3847 1844 3902 *omniaremini
1900 3848 1947 3918 (s
2005 3850 2097 3917 er.)
2155 3847 2220 3933 L·
2266 3847 2608 3902 somniaretis
2661 3848 2710 3899 (-Υ

392 3935 429 3985 4
476 3933 642 4003 priori
688 3934 789 3988 SG
898 4002 902 4007 .
968 3938 1003 3989 ὃ
1048 3952 1245 3989 manna
1292 3938 1415 4001 (sec.
1471 3954 1505 3991 n
1561 3937 1627 3991 in
1667 3937 1806 4007 rae.)
1860 3936 1908 3991 (J
2084 3939 2118 3991 6
2171 3936 2552 3991 mannicheum
2601 3936 2710 3989 LO

392 4021 735 4077 manicheum
792 4022 915 4078 8¹6
1132 4023 1227 4077 sed
1284 4024 1665 4079 Manio-haeum
1723 4042 1826 4080 om.
1885 4025 1985 4081 SG
2219 4026 2256 4080 8
2313 4025 2595 4095 sepissime
2651 4024 2704 4079 L

396 4110 717 4181 paracl&um
745 4112 821 4166 L¹
857 4113 1180 4183 paraclitum
1218 4112 1267 4167 S
1458 4116 1491 4167 9
1531 4122 1664 4184 que·
1697 4114 1754 4168 L
1945 4116 2012 4169 10
2051 4119 2115 4169 ut
2149 4114 2320 4170 latine
2361 4115 2445 4185 (im
2477 4114 2615 4184 ras.)
2661 4114 2707 4168 0

392 4200 741 4270 interpraBoer
776 4200 830 4253 L
969 4201 1034 4255 12
1072 4202 1555 4272 quomodo—legis
1593 4202 1676 4273 (in
1711 4207 1846 4270 ras.)
1891 4204 1937 4257 G
2071 4204 2136 4256 15
2175 4202 2398 4257 neodurn
2438 4204 2488 4269 (c
2527 4205 2621 4271 er.)
2662 4202 2710 4257 S

396 4288 465 4342 16
484 4287 625 4344 clare
646 4288 747 4343 SG-
856 4290 924 4343 17
946 4289 1157 4344 soluere
1185 4290 1365 4360 legem
1390 4289 1503 4343 SM
1506 4290 1557 4344 G
1669 4291 1738 4345 18
1765 4291 1851 4345 his
1871 4292 1950 4345 L¹
1976 4294 2024 4347 is
2044 4292 2124 4345 L'-’
2231 4294 2300 4345 ‘22
2332 4292 2585 4362 apperuit
2603 4290 2702 4347 SG

388 4404 464 4457 24
499 4402 752 4473 deputari
796 4404 843 4458 0
947 4402 1017 4457 26
1056 4370 1317 4459 m⁰echiam
1359 4404 1406 4459 S
