3159 4984
864 448 961 502 VI.
1020 448 1311 503 Contra
1366 449 1742 501 Faustum
1799 447 1930 502 lib.
1986 448 2131 502 XXI.
2495 452 2623 515 585

322 644 647 709 cotidiana
694 662 843 707 esca
888 647 1109 709 nostra
1156 647 1274 720 est,
1334 644 1389 708 si
1446 644 1752 725 accipiter
1809 647 2042 717 sumat,
2103 644 2518 728 extinguitur,
2578 647 2644 708 et

322 768 462 825 nos,
532 750 588 814 si
653 750 1077 826 helleborum,
1146 769 1271 832 quo
1337 768 1567 832 pecora
1629 751 1931 833 pleraque
1997 754 2384 825 uescuntun
2453 752 2638 817 cuius

322 860 539 921 tamen
588 857 818 921 herbae
867 855 1258 919 adhibendae
1308 855 1565 939 quidam
1603 858 1833 922 modus
1874 858 2066 921 etiam
2103 858 2642 922 medicamentum

325 967 442 1028 est.
513 963 685 1045 quod
756 963 814 1027 si
879 963 1073 1027 sciret
1138 966 1250 1027 aut
1324 964 1754 1028 consideraret
1824 965 2146 1042 FaustuS,
2223 985 2344 1031 non
2421 965 2644 1046 utique

270 1094 295 1129 5
329 1089 647 1134 uenenum
699 1072 762 1133 et
809 1070 1165 1133 antidotum
1220 1090 1331 1153 pro
1392 1072 1678 1153 exemplo
1736 1071 2005 1135 duarum
2063 1074 2429 1135 naturarum
2489 1069 2640 1133 mali

328 1180 392 1240 et
440 1175 593 1239 boni
640 1180 924 1258 poneret,
972 1179 1299 1258 tamquam
1362 1178 1519 1242 deus
1576 1178 1664 1242 sit
1719 1177 2072 1243 antidotum
2137 1181 2204 1242 et
2256 1178 2406 1263 hyle
2451 1196 2641 1241 uene-

328 1302 521 1361 num,
590 1302 735 1346 cum
802 1282 1024 1346 eadem
1089 1302 1191 1346 res
1259 1283 1605 1366 eademque
1672 1288 1899 1348 natura
1962 1304 2132 1349 nunc
2198 1286 2640 1369 congruenter,

328 1408 496 1453 nunc
536 1390 1027 1473 incongruenter
1065 1394 1323 1473 sumpta
1363 1390 1501 1455 siue
1540 1391 1828 1455 adhibita
1866 1392 1973 1455 001
2011 1392 2214 1473 prosit
2247 1392 2356 1455 uel
2390 1393 2640 1455 noceat.

327 1500 543 1578 itaque
594 1495 946 1561 secundum
994 1514 1213 1561 eorum
1249 1495 1531 1561 fabulam
1569 1500 1787 1580 potest
1823 1497 1951 1562 dici
1990 1498 2148 1563 (1003
2187 1516 2405 1562 eorum
2441 1496 2642 1560 fuisse

244 1624 291 1663 ιο
330 1622 650 1667 uenenum
701 1604 878 1686 genti
925 1604 1350 1677 tenebrarum,
1402 1604 1586 1668 cuius
1636 1623 1898 1687 corpora
1941 1608 2073 1667 tam
2131 1604 2312 1667 firma
2364 1603 2456 1666 ita
2516 1621 2648 1665 cor-

329 1710 521 1792 rupit,
564 1712 639 1773 ut
681 1709 1118 1773 infirmissima
1162 1710 1489 1786 redderem
1531 1711 1644 1775 sed
1683 1710 1834 1793 quia
1871 1714 1936 1775 et
1971 1712 2079 1775 lux
2115 1712 2257 1793 ipsa
2295 1712 2496 1792 capta,
2539 1710 2646 1775 ob-

329 1834 574 1898 pressa,
626 1820 921 1899 corrupta
968 1819 1087 1893 est,
1134 1816 1412 1881 inuicem
1464 1817 1587 1882 sibi
1635 1836 1950 1882 uenenum
2000 1817 2276 1881 fuerunt.

427 1923 531 1987 14.
584 1922 711 1988 Cur
756 1941 881 1986 non
934 1942 1081 2007 ergo
1131 1922 1289 1987 haec
1338 1926 1449 1987 aut
1497 1923 1621 1988 (100
1669 1924 1834 1989 bona
1883 1924 2096 1989 dicitis
2143 1927 2256 1987 aut
2293 1922 2417 1988 duo
2455 1924 2645 2000 mala,

331 2029 438 2092 001
483 2027 694 2112 magis
746 2030 811 2092 et
859 2027 982 2093 duo
1028 2029 1198 2093 bona
1246 2031 1311 2093 et
1357 2028 1483 2093 duo
1529 2028 1721 2105 mala,
1780 2029 1908 2094 duo
1955 2030 2122 2093 bona
2167 2028 2332 2112 apud
2383 2048 2470 2107 se,
2521 2030 2645 2095 duo

242 2158 291 2197 15
332 2134 503 2197 mala
546 2134 613 2198 in
662 2135 1095 2203 alterutrum?
1160 2139 1406 2219 postea,
1456 2136 1512 2201 si
1559 2154 1720 2220 opus
1767 2136 1979 2214 fuerit,
2039 2155 2436 2219 quaeremus,
2496 2138 2644 2219 quid

334 2241 563 2305 horum
622 2240 710 2305 sit
761 2241 997 2307 melius
1060 2244 1171 2305 aut
1226 2244 1408 2325 peius
1462 2293 1475 2308 .
1524 2243 1780 2308 interim
1839 2244 1987 2325 quia
2052 2242 2176 2309 duo
2242 2243 2410 2310 bona
2473 2246 2650 2307 erant

338 2348 503 2431 apud
552 2367 642 2424 se,
683 2348 777 2413 ita
814 2349 1269 2415 consideratur.
1318 2351 1627 2433 regnabat
1665 2350 1822 2415 (1003
1861 2350 1925 2415 10
1963 2352 2132 2414 terra
2169 2369 2306 2427 sua,
2345 2352 2650 2435 regnabat

338 2457 404 2517 et
469 2454 617 2537 hyle
683 2455 744 2518 in
821 2474 975 2529 303;
1053 2455 1293 2519 sanitas
1360 2457 1764 2540 regnantium
1832 2459 1898 2520 et
1959 2456 2048 2520 ibi
2117 2460 2181 2520 et
2244 2457 2386 2535 hic;
2467 2457 2648 2541 copia

338 2559 663 2625 fructuum
714 2563 779 2625 et
824 2561 914 2625 ibi
964 2564 1029 2625 et
1075 2561 1217 2638 hic;
1267 2561 1627 2628 fecunditas
1677 2562 1874 2647 prolis
1922 2563 2300 2646 utrobique3
2360 2564 2646 2628 suauitas

243 2691 299 2729 20
340 2667 735 2750 propriarum
782 2668 1192 2750 uoluptatum
1232 2668 1398 2752 apud
1435 2672 1762 2751 utrosque.
1816 2670 1929 2735 sed
1964 2670 2079 2734 illa
2115 2688 2292 2754 gens,
2331 2669 2647 2752 inquiunt,

340 2778 599 2857 excepto
661 2794 754 2851 00,
813 2775 983 2857 quod
1039 2776 1289 2841 uicinae
1343 2777 1476 2841 luci
1533 2777 1704 2840 mala
1758 2780 1913 2855 erat,
1973 2779 2038 2841 et
2093 2776 2260 2860 apud
2317 2796 2385 2841 se
2440 2778 2646 2859 ipsam

338 2882 509 2944 mala
556 2883 709 2947 erat.
757 2881 1013 2946 interim
1061 2883 1227 2948 bona
1273 2884 1416 2948 eius
1461 2883 1670 2947 multa
1712 2883 1838 2947 iam
1889 2884 2052 2959 dixi;
2104 2884 2158 2949 si
2207 2887 2271 2948 et
2317 2902 2434 2947 uos
2480 2884 2651 2947 mala

342 2988 479 3052 eius
543 2988 881 3071 potueritis
950 2990 1305 3066 ostendere,
1376 2994 1561 3055 erunt
1627 2990 1750 3055 duo
1815 3010 2010 3075 regna
2073 2990 2260 3066 bona,
2321 2989 2431 3053 sed
2486 2990 2648 3054 illud

339 3094 596 3171 melius,
654 3095 768 3159 ubi
823 3096 1071 3159 nullum
1134 3099 1269 3160 erat
1321 3097 1561 3160 malum
1615 3145 1630 3159 .
1680 3115 1986 3178 quaenam
2048 3116 2195 3180 ergo
2245 3096 2436 3161 huius
2483 3096 2650 3161 mala

254 3220 311 3260 ιο
342 3200 557 3266 dicitis
602 3200 857 3267 fuisse?
921 3202 1266 3268 uastabant
1313 3223 1404 3281 se,
1460 3203 1689 3285 inquit,
1747 3204 2026 3267 inuicem
2081 3203 2436 3281 laedebant,
2486 3202 2649 3268 occi-

344 3308 595 3384 debant,
646 3309 1085 3375 absumebant.
1138 3310 1193 3375 si
1242 3310 1319 3375 ad
1366 3311 1488 3375 hoc
1537 3312 1744 3375 solum
1791 3310 1882 3373 ibi
1927 3314 2282 3387 uacaretur,
2331 3310 2648 3392 quomodo

341 3415 429 3478 ibi
479 3418 657 3479 tanta
703 3416 954 3499 agmina
1002 3416 1432 3499 gignerentur,
1483 3417 1892 3495 nutrirentur,
1949 3416 2449 3499 perficerentur?
2518 3419 2652 3481 erat

418 3626 447 3678 1
486 3624 787 3679 cottidiana
822 3624 925 3680 LS
1044 3625 1077 3679 2
1117 3625 1415 3679 elleuorum
1453 3624 1661 3679 S¹H0
1699 3624 1996 3679 elleborum
2033 3624 2190 3679 182OE
2337 3640 2562 3696 peccora
2600 3622 2646 3679 S

344 3714 599 3784 pleraque
637 3731 741 3768 om.
780 3714 813 3767 b
956 3715 1316 3770 uescebantur
1353 3715 1384 3768 b
1532 3714 1618 3768 cui
1656 3714 1688 3769 b
1801 3714 1834 3767 5
1873 3729 2071 3768 uenum
2111 3714 2200 3767 M¹
2311 3717 2342 3768 7
2383 3712 2516 3767 eade
2553 3730 2638 3766 res

348 3802 435 3871 (de
471 3818 557 3856 res
591 3804 656 3857 in
688 3804 827 3871 rac.)
868 3802 915 3856 Ο
1044 3805 1079 3857 8
1114 3805 1317 3873 pressit
1354 3803 1399 3856 0
1538 3806 1573 3857 9
1613 3802 1677 3857 (13
1714 3804 1761 3872 (s
1797 3803 1862 3857 in
1895 3803 2032 3872 rae.)
2077 3802 2126 3857 G
2255 3802 2325 3857 10
2365 3805 2528 3873 gente
2565 3801 2640 3855 L¹

352 3892 407 3942 11
451 3907 707 3961 oppressa
742 3890 817 3945 L,
912 3892 976 3945 12
1013 3908 1211 3946 uenum
1250 3892 1303 3944 L
1448 3892 1650 3945 fuerint
1689 3892 1720 3945 b
1835 3892 1902 3945 13
1939 3891 2038 3945 hec
2083 3890 2132 3945 G
2236 3891 2302 3945 14
2339 3891 2648 3944 uel—mala

346 3996 447 4033 om.
475 3978 718 4035 LPSGb
898 3998 1035 4051 aput
1071 3980 1126 4034 P
1306 3981 1407 4033 doo
1441 3982 1504 4047 (3.
1526 3998 1616 4049 pr.
1648 3999 1678 4033 o
1712 3998 1749 4034 a
1777 3998 1844 4034 m.
1880 3983 1904 4036 1
1940 3984 1991 4049 v)
2024 3982 2076 4035 L
2189 3981 2255 4035 15
2285 3978 2576 4033 altu*trum
2605 3978 2654 4033 S

345 4068 670 4123 intel-utrum
698 4069 753 4123 P
778 4070 923 4124 inter
950 4074 1237 4139 utrumque
1268 4070 1300 4123 b
1473 4070 1779 4139 quaerimus
1809 4070 1882 4123 L¹
1913 4065 2196 4140 queremus
2233 4068 2278 4119 G
2424 4069 2490 4121 17
2521 4084 2647 4121 con·

349 4155 689 4212 siderabatur
726 4159 758 4212 b
940 4160 1009 4213 19
1047 4158 1277 4211 fructum
1319 4158 1740 4213 L¹M¹P¹S¹GG
1920 4158 2224 4231 fecunditas
2267 4158 2316 4213 G
2499 4158 2649 4210 utru-

348 4270 513 4342 bique
542 4278 683 4342 (aup.
714 4291 749 4327 u
777 4291 814 4327 a
841 4292 910 4327 m.
942 4274 968 4327 1
1003 4277 1055 4343 o)
1086 4275 1131 4326 (J
1273 4274 1479 4329 sanitas
1499 4272 1547 4329 S
1651 4275 1720 4327 24
1750 4290 1980 4344 quenam
2007 4274 2055 4329 0
2159 4273 2228 4325 25
2256 4234 2472 4343 inquiudtt
2489 4274 2647 4339 (corr.

348 4378 417 4417 m.
458 4364 516 4429 2)
556 4360 611 4414 L
718 4363 787 4415 26
826 4361 1185 4417 adsumebant
1221 4362 1297 4415 L¹
