3159 4984
436 499 565 562 ’708
1154 492 1518 547 S.Aureli
1572 495 2009 564 Augustini

434 693 627 758 tionis
693 697 870 757 textu
936 692 1113 755 nulla
1176 691 1249 754 fit
1311 691 1550 756 mentio
1618 710 1820 773 usque
1887 691 1968 756 ad
2029 693 2420 774 baptismum
2479 693 2738 758 scilicet

434 799 793 881 frustraque
860 796 1243 861 calumniam
1306 815 1427 862 uos
1490 795 1782 880 ingeritis
1851 797 2164 880 scriptori,
2231 801 2558 881 tamquam
2625 798 2735 862 dei

434 906 545 970 ille
592 905 797 968 filium
847 905 910 968 in
958 907 1141 968 utero
1187 903 1475 968 mulieris
1529 903 1886 970 incluserit.
1952 908 2019 968 at
2063 923 2216 970 uero
2263 905 2370 970 hic
2418 905 2734 980 clamitat.

434 1016 509 1076 ut
552 1013 829 1089 uidetur,
881 1016 946 1075 et
990 1010 1400 1094 inscriptione
1448 1011 1590 1093 ipsa
1637 1029 1754 1074 sua
1801 1029 1868 1076 se
1915 1029 2176 1094 prorsus
2225 1012 2303 1076 ab
2359 1011 2482 1078 hoc
2539 1012 2735 1076 sacri·

432 1119 602 1204 legio
649 1117 938 1183 uindicat
984 1117 1192 1182 Dauid
1237 1116 1441 1181 filium
1486 1117 1826 1200 perhibens
1875 1136 1946 1182 ex
1991 1117 2105 1181 illa
2149 1118 2344 1201 stirpe
2393 1117 2734 1183 oriundum
2809 1143 2848 1178 5

436 1245 503 1290 se
562 1223 921 1308 scripsisse,
977 1243 1100 1288 non
1158 1223 1363 1287 filium
1422 1223 1541 1287 dei.
1606 1242 1752 1287 nam
1807 1223 2022 1288 Iesum
2081 1224 2337 1305 quidem
2395 1243 2561 1290 eum.
2620 1224 2734 1305 qui

436 1333 521 1397 sit
566 1331 739 1396 filius
789 1329 911 1407 dei,
960 1329 1016 1394 si
1062 1329 1389 1412 scriptoris
1436 1329 1630 1394 huius
1677 1333 1954 1394 mentem
2011 1330 2536 1414 propositumque
2585 1349 2737 1394 con-

435 1423 697 1516 sideres,
747 1457 872 1503 non
918 1440 1049 1502 tam
1097 1436 1207 1500 ille
1256 1437 1335 1501 de
1382 1435 1586 1500 Maria
1630 1435 1881 1520 uirgine
1927 1438 2074 1501 uult
2111 1456 2225 1502 nos
2265 1437 2548 1520 accipere
2587 1455 2736 1520 pro-

436 1549 723 1610 creatum
791 1563 978 1627 quam
1026 1525 1263 1607 factum
1318 1543 1656 1624 aliquando
1702 1561 1817 1627 per
1859 1543 2250 1625 baptismum
2290 1543 2455 1627 apud
2493 1543 2740 1607 fluenta

433 1651 739 1716 Iordanis,
805 1651 939 1715 illic
997 1649 1165 1713 enim
1222 1649 1381 1714 dicit
1433 1650 1828 1732 baptizatum
1886 1669 1923 1713 a
1977 1651 2254 1715 Iohanne
2313 1668 2480 1719 eum.
2539 1667 2736 1731 quem
2779 1677 2850 1714 ιο

434 1757 644 1821 Dauid
710 1758 772 1821 in
842 1757 1093 1822 exordio
1160 1756 1367 1821 filium
1433 1756 1818 1840 designauit,
1883 1757 2124 1820 factum
2191 1756 2530 1838 aliquando
2587 1775 2736 1820 esse

436 1862 641 1926 filium
692 1861 793 1927 dei
855 1867 1005 1946 post
1049 1882 1245 1927 annos
1294 1862 1624 1927 dumtaxat
1671 1863 2020 1928 secundum
2059 1863 2268 1927 Lucae
2306 1863 2497 1927 fidem
2532 1863 2736 1927 ferme

430 1969 717 2053 triginta,
768 1969 879 2033 ubi
926 1973 991 2034 et
1036 1989 1159 2035 uox
1204 1973 1358 2034 tunc
1417 1969 1636 2033 audita
1691 1973 1792 2034 est
1847 1969 2064 2034 dicens
2120 1969 2201 2033 ad
2255 1988 2440 2033 eum:
2506 1969 2736 2033 filius

434 2095 648 2140 meus
707 2094 783 2140 es
841 2078 951 2151 tu3
1019 2094 1155 2159 ego
1222 2075 1445 2140 hodie
1511 2075 1739 2160 genui
1796 2078 1888 2139 te.
1959 2075 2143 2140 uides
2201 2093 2350 2158 ergo
2407 2074 2502 2152 id,
2559 2075 2736 2157 quod

434 2185 579 2245 ante
646 2177 843 2246 annos
908 2182 1190 2265 triginta,
1257 2184 1332 2245 ut
1396 2182 1545 2246 huic
1602 2181 1879 2260 uidetur,
1939 2183 2015 2246 de
2071 2182 2276 2246 Maria
2329 2185 2552 2246 natum
2609 2187 2736 2248 est.
2779 2208 2844 2247 ιε

434 2306 557 2351 non
607 2305 749 2351 esse
798 2287 1009 2369 ipsum
1054 2287 1258 2350 filium
1307 2287 1430 2364 dei,
1482 2286 1598 2353 sed
1642 2288 1729 2364 id,
1779 2289 1950 2370 quod
2006 2289 2084 2352 de
2137 2288 2460 2370 baptismo
2507 2291 2738 2371 postea

429 2393 673 2458 factum
733 2397 833 2458 est
888 2393 967 2456 ad
1012 2393 1367 2468 Iordanem,
1425 2395 1491 2458 id
1548 2397 1651 2459 est
1703 2394 2028 2460 hominem
2102 2413 2344 2459 nouum
2399 2398 2732 2477 tamquam

430 2501 496 2564 in
554 2499 741 2564 nobis
800 2519 945 2564 eum
1004 2500 1321 2568 credimus
1380 2502 1457 2565 ad
1516 2501 1707 2567 deum
1766 2521 1836 2566 ex
1893 2502 2274 2586 gentilitatis
2334 2521 2534 2566 errore
2585 2519 2735 2566 con-

430 2608 639 2672 uersi:
710 2608 879 2690 quod
944 2609 1153 2690 ipsum
1222 2612 1435 2672 tamen
1504 2609 1719 2674 nescio
1787 2612 2002 2673 utrum
2059 2609 2216 2674 satis
2275 2627 2422 2674 cum
2479 2626 2552 2672 ea
2606 2607 2736 2670 fide

428 2713 641 2792 faciat,
692 2733 882 2796 quam
930 2733 1049 2779 uos
1098 2714 1479 2779 catholicam
1526 2715 1912 2792 nominatis;
1963 2715 2077 2781 sed
2121 2716 2374 2779 interim
2425 2715 2522 2779 sic
2565 2714 2736 2778 Mat·
2771 2743 2838 2780 so

434 2821 622 2886 thaeo
688 2821 964 2898 uidetur,
1024 2821 1083 2886 si
1139 2825 1290 2887 sunt
1343 2821 1549 2904 ipsius
1606 2821 1784 2886 haec.
1851 2840 2056 2903 neque
2115 2821 2280 2886 enim
2338 2839 2608 2903 usquam
2665 2821 2732 2884 in

430 2928 959 3011 parturitionibus
1006 2928 1245 2993 Mariae
1294 2928 1536 2992 dictum
1585 2929 1825 3013 legitur
1869 2929 2070 2993 illud:
2129 2927 2349 2992 filius
2394 2947 2604 2992 meus
2652 2947 2736 2992 es

428 3039 532 3110 tn,
598 3053 734 3118 ego
792 3034 1015 3099 hodie
1073 3035 1300 3119 genui
1356 3039 1451 3113 te,
1512 3038 1659 3099 aut:
1727 3036 1849 3100 hic
1906 3039 2023 3101 est
2079 3035 2304 3100 filius
2363 3053 2573 3099 meus
2631 3033 2738 3098 di·

431 3140 941 3218 lectissimu8‚
1006 3141 1080 3203 in
1149 3160 1291 3224 quo
1357 3143 1543 3206 bene
1604 3143 2026 3225 conplacui,
2086 3142 2197 3206 sed
2255 3143 2318 3206 in
2377 3141 2738 3224 expiatione

434 3247 571 3310 eius
621 3245 787 3328 apud
834 3247 1187 3312 Iordanem.
1256 3247 1427 3328 quod
1484 3248 1540 3312 si
1598 3251 1664 3312 et
1719 3251 1791 3311 tu
1849 3247 2067 3313 credas
2123 3248 2236 3323 ita,
2294 3252 2370 3310 ut
2423 3247 2738 3330 scriptum
2773 3277 2836 3316 τε»

434 3353 555 3430 est,
607 3351 729 3416 eris
776 3351 904 3415 iam
950 3351 1207 3434 quidem
1244 3353 1697 3418 Matthaeanus
1735 3391 1821 3400 —-
1861 3353 1954 3418 sic
1992 3353 2154 3418 enim
2195 3351 2354 3416 mihi
2391 3351 2735 3416 dicendum

430 3461 530 3522 est
594 3493 681 3504 -
750 3457 1108 3523 catholicus
1174 3478 1326 3523 uero
1390 3478 1811 3542 nequaquam.
1879 3479 2024 3525 nam
2091 3458 2471 3524 catholicam
2539 3459 2736 3523 fidem

609 3701 675 3752 12
716 3701 780 3755 cf.
821 3700 1018 3754 Matth.
1058 3703 1107 3765 3,
1148 3701 1215 3755 16
1252 3717 1333 3771 sq.
1450 3703 1514 3756 13
1556 3703 1682 3756 Luc.
1723 3703 1772 3766 3,
1813 3704 1881 3756 22
1921 3721 1998 3773 sq.

497 3877 531 3929 2
584 3874 867 3945 ingerinzis
924 3879 971 3944 (s
1018 3878 1112 3943 er.)
1160 3875 1230 3929 M
1453 3879 1485 3932 3
1533 3879 1612 3948 at]
1659 3878 1727 3932 ad
1773 3877 1826 3931 L
2057 3880 2092 3932 4
2140 3878 2394 3939 uideamur
2441 3884 2499 3949 (a
2543 3883 2640 3946 er.)
2689 3879 2748 3934 S

428 3963 461 4016 5
500 3962 754 4018 uendicat
790 3963 824 4016 b
1022 3967 1206 4034 styrpe
1243 3965 1295 4020 L
1454 3965 1498 4043 ί’1
1537 3964 1626 4019 dei
1661 3965 1806 4020 filius
1850 3965 1899 4020 G
2101 3967 2149 4021 si
2186 3967 2264 4022 sic
2303 3967 2335 4022 b
2507 3967 2542 4020 9
2579 3967 2734 4036 apud

428 4051 487 4118 (d
524 4069 660 4107 corr.
700 4067 765 4106 ex
800 4052 845 4121 t)
875 4051 923 4106 S
994 4051 1059 4106 10
1093 4051 1209 4106 illic
1239 4053 1395 4122 (corr.
1426 4069 1492 4107 ex
1517 4053 1672 4122 illuc)
1703 4055 1759 4108 P
1863 4053 2018 4125 dicit]
2047 4055 2231 4110 dicens
2273 4059 2390 4124 (ens
2425 4055 2490 4109 in
2515 4055 2654 4124 ras.)
2683 4055 2740 4109 S

430 4141 494 4193 12
533 4141 652 4194 luce
688 4139 745 4194 L
871 4141 938 4195 13
976 4141 1123 4194 XXX
1162 4140 1209 4195 S
1350 4143 1419 4195 23
1457 4143 1623 4212 genui
1661 4147 1715 4197 te
1747 4144 1899 4214 (add.
1927 4161 1998 4198 m.
2028 4147 2087 4211 2)
2119 4143 2167 4199 S
2189 4161 2292 4199 om.
2327 4144 2382 4199 (ἶ
2491 4145 2560 4197 26
2599 4144 2738 4214 iam]

424 4233 541 4283 tam
580 4229 653 4282 M
788 4229 1190 4300 Matthaeanus]
1230 4231 1536 4286 mathianus
1565 4233 1613 4286 O
1645 4233 1964 4287 matheanus
2002 4234 2054 4299 b,
2090 4250 2192 4288 om.
2221 4231 2459 4288 LSGM
2595 4233 2740 4288 mihi

425 4318 768 4372 matheianus
814 4317 1070 4372 dicendus
1118 4323 1204 4373 est
1248 4319 1296 4374 S
1336 4319 1469 4374 mihi
1516 4321 1836 4376 mathcanus
1886 4322 2145 4376 dicendus
2194 4327 2278 4377 est
2329 4321 2382 4376 G
2417 4321 2746 4376 mathianus

428 4405 761 4460 matthianus
804 4407 887 4473 M)
927 4406 1058 4460 mihi
1098 4407 1385 4462 dicendum
1424 4413 1507 4463 est
1544 4409 1724 4464 LPM
