3159 4984
991 468 1085 522 VI.
1144 468 1436 525 Contra
1491 470 1859 527 Faustum
1916 474 2047 527 lib.
2086 475 2151 529 V.
2556 482 2678 544 271

401 665 512 729 illo
560 664 796 747 populo
848 664 996 727 data
1041 669 1158 739 est,
1218 668 1617 730 contemnere
1675 686 1793 731 uos
1850 671 1914 731 et
1967 668 2253 735 fastidire
2308 670 2685 754 gloriamini.

401 770 581 853 quasi
629 788 754 833 non
801 770 893 833 ita
937 772 1164 835 terram
1211 772 1474 835 luminis
1523 772 1896 839 describatis
1945 794 2017 839 ex
2062 794 2189 840 una
2233 780 2410 859 parte
2450 796 2486 840 a
2522 781 2689 841 terra

399 878 608 961 gentis
670 876 1102 946 tenebrarum,
1179 880 1503 958 tamquam
1577 896 1777 943 cuneo
1844 883 2123 945 coartato
2189 880 2549 957 discissam,
2614 885 2689 946 ut

397 1002 601 1066 neque
629 984 694 1047 in
723 1002 932 1047 rerum
962 983 1230 1047 ueritate
1259 984 1621 1047 inueniatur
1648 987 1713 1048 et
1742 985 1803 1048 in
1837 985 2291 1069 cogitationum
2330 990 2686 1053 uestrarum

301 1110 336 1147 5
397 1090 676 1155 falsitate
725 1089 1052 1165 credatur3
1113 1093 1179 1154 et
1221 1090 1364 1155 ideo
1411 1110 1526 1155 nec
1582 1092 1783 1155 uitam
1840 1096 2119 1157 uestram
2176 1092 2322 1157 data
2376 1095 2688 1159 sustineat

400 1202 464 1261 et
509 1200 786 1262 mentem
833 1201 1113 1261 uestram
1163 1198 1517 1263 desiderata
1563 1202 1943 1282 corrumpat.

1250 1479 1466 1547 LIBER
1504 1492 1837 1559 Qumrus.
1954 1538 1965 1551 .

489 1605 546 1667 1.
613 1603 939 1673 FAUSTUS
989 1603 1179 1667 dixit:
1235 1602 1493 1685 Accipis
1542 1604 1997 1686 euangelium?
2046 1608 2118 1667 tu
2163 1623 2265 1668 me
2313 1604 2683 1689 interrogas.

395 1715 608 1775 utrum
656 1710 980 1793 accipiam,
1027 1709 1092 1773 in
1140 1729 1264 1792 quo
1312 1709 1378 1773 id
1423 1710 1635 1792 ipsum
1682 1710 1966 1793 accipere
2013 1710 2289 1794 adparet,
2327 1712 2477 1793 quia
2523 1732 2683 1795 quae

309 1839 362 1878 ιο
395 1817 572 1882 iubet
619 1818 908 1882 obseruo.
975 1836 1052 1879 an
1119 1835 1236 1899 ego
1285 1816 1362 1881 de
1409 1820 1472 1881 te
1522 1836 1819 1899 quaerere
1866 1817 2084 1893 debeo,
2130 1821 2344 1881 utrum
2391 1819 2683 1901 accipias.

395 1924 457 1987 in
524 1943 648 2006 quo
715 1924 892 1987 nulla
955 1922 1326 2004 accipientis
1393 1924 1797 2007 euangelium
1862 1924 2161 1989 uidentur
2212 1924 2495 1989 indicia?
2562 1944 2680 2009 ego

393 2034 636 2115 patrem
688 2029 896 2095 dimisi
949 2031 1013 2093 et
1055 2033 1346 2105 matrem,
1393 2050 1672 2105 uxorem,
1721 2032 1889 2095 filios
1929 2034 1993 2095 et
2029 2035 2255 2103 cetera,
2298 2051 2455 2115 quae
2496 2040 2681 2098 euan-

394 2137 632 2222 gelium
678 2136 880 2213 iubet,
931 2145 996 2201 et.
1039 2137 1410 2221 interrogas,
1459 2140 1675 2201 utrum
1714 2137 2017 2220 accipiam
2058 2138 2459 2221 euangelium
2481 2143 2511 2203 ⁴?
2559 2140 2681 2205 nisi

395 2245 598 2311 adhuc
644 2244 874 2319 nescis,
924 2244 1076 2326 quid
1125 2244 1210 2309 sit
1257 2245 1424 2327 quod
1473 2246 1879 2329 euangelium
1926 2248 2345 2328 nuncupatur.
2388 2249 2487 2309 est
2514 2246 2679 2309 enim

305 2369 359 2407 1⁵
393 2351 552 2415 nihil
597 2351 772 2415 aliud
818 2370 1004 2432 quam
1052 2350 1436 2433 praedicatio
1485 2354 1550 2414 et
1586 2350 1953 2414 mandatum
1996 2348 2251 2414 Christi.
2302 2370 2417 2433 ego
2458 2369 2679 2414 aurum

395 2462 850 2542 argentumque
915 2458 1104 2523 reieci
1172 2459 1236 2521 et
1289 2476 1394 2523 aes
1451 2458 1514 2522 in
1573 2457 1747 2523 zonis
1804 2457 2033 2521 habere
2092 2457 2309 2521 destiti
2364 2458 2678 2523 cotidiano

395 2569 730 2631 contentus
798 2566 936 2631 cibo
1003 2584 1118 2629 nec
1185 2565 1260 2630 de
1320 2564 1593 2630 crastino
1652 2584 1875 2630 curans
1932 2584 2046 2629 nec
2104 2564 2267 2628 unde
2325 2568 2545 2628 uenter
2590 2562 2679 2626 in-

390 2674 640 2755 pleatur
685 2676 798 2736 aut
843 2691 1069 2754 corpus
1119 2672 1438 2753 operiatur
1484 2672 1980 2736 sollicitudinem
2026 2690 2271 2754 gerens,
2321 2676 2386 2734 et
2431 2670 2679 2751 quaeris

392 2799 428 2843 a
473 2799 596 2856 me,
645 2782 861 2843 utrum
899 2778 1203 2862 accipiam
1245 2778 1701 2863 euangelium?
1749 2778 1930 2843 uides
1967 2778 2032 2842 in
2070 2798 2171 2841 me
2212 2776 2445 2841 Christi
2484 2776 2678 2840 beati-

308 2900 364 2938 20
390 2888 642 2953 tudines
698 2887 865 2955 illas.
925 2904 1084 2968 quae
1142 2887 1547 2971 euangelium
1602 2886 1863 2967 faciunt,
1924 2888 1987 2948 et
2037 2885 2409 2967 interrogas,
2464 2886 2679 2947 utrum

389 2995 553 3060 illud
589 2994 946 3077 accipiam?
987 2994 1168 3059 uides
1206 3012 1566 3077 pauperem,
1607 2993 1787 3057 uides
1814 2992 2057 3066 mitem,
2098 2992 2279 3056 uides
2323 2990 2677 3073 pacificum,

389 3120 546 3185 puro
596 3102 801 3177 corde,
848 3102 1198 3185 lugentem,
1249 3101 1653 3174 esurientem,
1702 3099 2043 3165 sitientem.
2099 3097 2569 3181 persecutiones
2616 3100 2681 3160 et

391 3207 536 3273 odia
581 3208 1004 3275 sustinentem
1039 3209 1295 3290 propter
1331 3206 1666 3283 iustitiam,
1706 3208 1771 3269 et
1808 3204 2083 3279 dubitas,
2122 3207 2336 3267 utrum
2376 3202 2678 3285 accipiam

393 3315 845 3399 euangelium?
913 3334 1036 3379 non
1095 3332 1242 3398 ergo
1299 3313 1426 3377 iam
1483 3312 1715 3376 mirum
1773 3315 1872 3376 est
1924 3311 2267 3375 Iohannem
2321 3308 2677 3393 Baptistam

302 3434 358 3471 2⁵
390 3421 530 3486 uiso
574 3421 724 3485 Iesu
775 3424 839 3484 et
886 3421 1024 3485 eius
1062 3420 1218 3485 item
1256 3419 1488 3484 auditis
1529 3418 1826 3501 operibus
1866 3436 2161 3500 quaerere
2200 3416 2425 3490 adhuc,
2464 3418 2677 3479 utrum

389 3528 526 3611 ipse
583 3531 756 3594 esset
803 3526 1116 3601 Christus,
1177 3526 1278 3590 cui
1337 3526 1523 3609 digne
1581 3530 1647 3589 et
1699 3524 1922 3589 merito
1970 3524 2153 3587 Iesus
2210 3542 2324 3587 nec
2381 3522 2677 3605 dignatus

390 3634 644 3715 quidem
713 3638 812 3698 est
873 3631 1251 3710 renuntiare,
1327 3630 1496 3713 quod
1563 3634 1735 3695 esset
1800 3630 1955 3713 ipse,
2033 3629 2143 3693 sed
2210 3647 2397 3711 opera
2458 3646 2679 3691 rursus

568 3827 634 3879 12
691 3825 758 3879 cs.
815 3825 1011 3879 Matth.
1072 3824 1154 3887 19,
1215 3824 1282 3876 29
1468 3824 1532 3877 15
1591 3822 1655 3876 cf.
1712 3821 1909 3875 Matth.
1970 3821 2059 3880 10,
2110 3820 2141 3873 9
2188 3836 2287 3889 sq;
2336 3820 2386 3883 6,
2434 3818 2503 3872 25
2558 3835 2675 3887 sqq.

387 3914 458 3967 20
495 3914 560 3967 cf.
597 3913 796 3969 Matth.
836 3915 884 3979 5,
924 3914 956 3967 3
994 3930 1110 3983 sqq.

459 4041 483 4092 1
526 4041 903 4109 contempnere
941 4038 995 4091 L
1111 4039 1146 4090 4
1182 4005 1416 4091 ueritate
1438 4008 1619 4090 ferum
1664 4036 1715 4091 G

454 4128 486 4182 8
525 4144 645 4197 cap.
683 4128 733 4181 X
770 4126 1048 4182 LSMPG·
1138 4127 1170 4180 9
1211 4125 1366 4196 quae]
1408 4126 1501 4196 qui
1539 4125 1593 4178 L
1694 4126 1755 4179 11
1801 4140 1907 4194 qua
1944 4124 1996 4176 L
2101 4125 2164 4178 15
2202 4122 2360 4191 nihil]
2398 4121 2531 4175 mihi
2568 4120 2675 4174 PG

385 4216 682 4287 predicatio
721 4216 767 4270 C
907 4220 1190 4286 argentum
1240 4220 1297 4269 et
1349 4230 1537 4268 aurum
1577 4214 1609 4267 b
1794 4215 1858 4266 16
1898 4216 2321 4282 argentumquae
2360 4210 2413 4263 L
2556 4227 2674 4269 ²&aes

391 4305 446 4370 (h
484 4308 578 4371 er.)
616 4304 691 4357 M
829 4304 1126 4358 cottidiano
1166 4304 1283 4358 SM
1425 4304 1488 4355 17
1529 4302 1595 4356 <le
1634 4306 1702 4369 (a.
1743 4303 1778 4356 l.
1820 4318 1857 4355 a
1892 4318 1961 4355 m.
2001 4304 2067 4368 2)
2112 4300 2159 4355 0
2308 4300 2375 4353 18
2414 4299 2592 4370 queris
2636 4299 2683 4353 C

389 4396 458 4447 94
493 4394 598 4447 iarn
636 4410 679 4446 s.
719 4394 756 4447 1.
801 4393 852 4447 G
961 4394 1029 4445 27
1068 4394 1184 4463 ipse
1224 4396 1367 4446 esset
1405 4391 1573 4445 SMG
