3159 4984
980 461 1069 515 VI.
1126 460 1418 516 Contra
1472 463 1840 518 Faustum
1897 464 2025 519 lib.
2081 465 2194 518 XV.
2569 470 2702 533 419

406 655 561 719 haec
609 657 785 721 illam
832 677 959 722 non
1010 659 1199 741 capit,
1248 661 1314 721 et
1360 678 1505 723 cum
1561 659 1720 725 haec
1777 661 1990 743 aliqua
2045 660 2456 726 tribulatione
2511 662 2706 727 fuerit

404 764 791 845 perturbata,
858 765 1157 829 deficiens
1212 766 1403 831 homo
1466 767 1723 832 amittet
1777 768 1973 831 etiam
2029 769 2229 833 illam.
2295 769 2443 833 inde
2491 772 2592 833 est
2637 770 2704 833 et

403 870 603 935 illud:
662 890 875 937 nemo
931 875 1191 954 potest
1246 873 1542 939 duobus
1602 874 1927 940 dominis
1986 875 2306 955 seruire,
2374 875 2547 958 quod
2602 894 2702 940 ex-

404 979 623 1060 posuit
669 978 929 1043 dicens:
996 1000 1134 1045 non
1191 982 1525 1064 potestis
1574 982 1706 1047 deo
1759 983 2049 1048 seruire
2099 986 2173 1048 et
2217 1000 2698 1049 mammonae.

338 1104 363 1139 ⁵
402 1088 593 1150 uetus
642 1088 855 1149 autem
903 1090 1361 1153 testamentum
1407 1092 1577 1153 recte
1633 1090 2156 1174 intellegentibus
2212 1089 2545 1173 prophetia
2602 1091 2704 1153 est

404 1192 555 1256 noui
602 1193 993 1259 testamenti.
1060 1195 1279 1277 itaque
1330 1198 1395 1259 et
1437 1196 1502 1259 in
1549 1197 1662 1261 illo
1709 1197 1914 1279 primo
1961 1196 2199 1281 populo
2249 1195 2453 1261 sancti
2505 1195 2698 1279 patri-

404 1299 627 1362 archae
678 1301 743 1362 et
786 1301 1151 1384 prophetae.
1194 1303 1302 1385 qui
1339 1303 1820 1387 intellegebant,
1862 1303 2032 1386 quod
2069 1305 2347 1388 agebant
2381 1304 2490 1367 uel
2527 1302 2700 1384 quod

400 1424 511 1488 per
566 1425 675 1471 eos
732 1409 1061 1491 agebatur,
1116 1409 1179 1472 in
1238 1428 1406 1476 nouo
1464 1412 1851 1475 testamento
1906 1411 2227 1475 habebant
2277 1410 2472 1474 istam
2519 1428 2698 1492 spem

402 1513 630 1578 salutis
668 1518 997 1589 aeternae;
1048 1516 1127 1579 ad
1162 1516 1326 1580 illud
1364 1516 1531 1581 enim
1568 1518 1994 1600 pertinebant,
2032 1518 2205 1600 quod
2239 1498 2702 1599 intellegebant

312 1640 361 1675 ιο
402 1623 469 1683 et
506 1620 876 1705 diligebant,
918 1624 1067 1705 quia
1106 1624 1227 1687 etsi
1263 1624 1547 1689 nondum
1585 1626 2012 1701 reuelabatur,
2049 1625 2176 1689 iam
2213 1628 2427 1689 tamen
2465 1623 2694 1707 figura-

398 1728 623 1804 batur3
674 1729 753 1792 ad
800 1732 990 1793 uetus
1040 1733 1253 1794 autem
1300 1730 1400 1793 illi
1443 1731 1866 1813 pertinebant,
1908 1732 2018 1814 qui
2063 1750 2187 1797 non
2235 1730 2370 1795 illic
2419 1730 2696 1811 amplius

400 1854 586 1916 quam
636 1837 953 1918 promissa
997 1838 1374 1920 temporalia
1419 1837 1704 1921 cogitata
1750 1838 2304 1921 concupiscebant,
2351 1838 2414 1901 in
2465 1838 2698 1919 quibus

401 1944 655 2005 aeterna
701 1943 975 2027 figurata
1021 1946 1087 2006 et
1122 1943 1497 2027 prophetata
1532 1962 1656 2009 non
1694 1945 2174 2029 intellegebant.
2227 1945 2340 2009 sed
2377 1945 2534 2009 haec
2570 1944 2696 2007 iam

401 2050 558 2114 satis
608 2069 921 2133 superque
969 2051 1286 2133 prioribus
1332 2034 1856 2136 responsionibus
1905 2054 2140 2117 nostris
2191 2052 2380 2116 dicta.

309 2171 359 2209 1⁵
490 2160 551 2220 3.
618 2158 737 2221 Illa
791 2177 942 2222 uero
1003 2162 1101 2222 est
1155 2158 1465 2223 mirabilis
1520 2159 1912 2243 inpudentia,
1974 2179 2120 2224 cum
2175 2160 2694 2224 Manichaeorum

400 2264 709 2347 sacrilega
756 2268 820 2329 et
864 2265 1170 2329 inmunda
1226 2267 1499 2331 societas
1559 2268 1752 2331 etiam
1810 2269 2053 2331 castam
2110 2285 2408 2351 sponsam
2459 2265 2696 2330 Christi

399 2388 465 2433 se
530 2370 763 2436 iactare
830 2392 953 2437 non
1021 2371 1307 2436 dubitat:
1375 2374 1440 2437 in
1506 2393 1631 2456 quo
1699 2374 2006 2439 aduersus
2072 2376 2326 2438 sanctae
2386 2373 2695 2437 ecclesiae

398 2496 545 2541 uere
613 2482 789 2542 casta
851 2480 1137 2543 membra
1202 2480 1353 2562 quid
1408 2480 1680 2563 proficit,
1737 2481 1863 2545 nisi
1920 2484 1995 2544 ut
2040 2480 2258 2544 ueniat
2302 2481 2366 2543 in
2414 2483 2692 2543 mentem

397 2584 707 2649 aduersus
772 2586 935 2649 tales
1002 2587 1355 2669 apostolica
1408 2588 1521 2651 illa
1576 2587 1966 2652 admonitio:
2037 2588 2296 2670 aptaui
2360 2605 2495 2651 uos
2562 2587 2694 2649 uni

316 2706 369 2743 20
399 2692 563 2755 uiro
612 2692 992 2775 uirginem
1044 2696 1328 2757 castam
1379 2694 1732 2757 exhibere
1775 2694 2098 2759 Christo.
2148 2694 2378 2757 timeo
2421 2695 2690 2760 autem.

398 2816 482 2860 ne
549 2798 756 2861 sicut
821 2818 1131 2881 serpens
1198 2800 1427 2864 Euam
1494 2800 1788 2865 fefellit
1854 2801 2144 2865 astutia
2211 2819 2372 2877 sua,
2442 2799 2552 2863 sic
2620 2802 2696 2862 et

396 2906 703 2987 uestrae
749 2909 1041 2969 mentes
1093 2902 1678 2988 corrumpantur
1725 2926 1762 2971 a
1809 2908 2192 2983 castitate,
2235 2925 2422 2988 quae
2462 2906 2691 2969 estin

398 3009 746 3104 Christo?
815 3011 967 3093 quid
1016 3012 1182 3075 enim
1232 3016 1432 3096 agunt
1478 3013 1588 3077 isti
1637 3013 2147 3097 euangelizantes
2202 3012 2386 3077 nobis
2446 3015 2696 3095 praeter

396 3118 563 3199 quod
629 3118 1013 3199 accepimus,
1079 3118 1202 3182 nisi
1267 3122 1343 3181 ut
1400 3138 1515 3183 nos
1574 3138 1613 3181 a
1669 3120 1965 3184 castitate
2025 3121 2450 3202 corrumpant,
2501 3138 2690 3200 quam

304 3240 355 3277 2⁵
398 3222 649 3288 Christo
691 3243 1043 3301 seruamus,
1076 3225 1324 3306 quando
1362 3226 1573 3308 legem
1616 3225 1716 3289 dei
1756 3226 2018 3309 culpant
2054 3226 2305 3291 nomine
2344 3226 2692 3289 uetustatis

394 3334 459 3393 et
507 3350 777 3395 errorem
826 3350 1015 3395 suum
1061 3332 1327 3396 laudant
1372 3333 1626 3397 nomine
1673 3333 2000 3407 nouitatis,
2041 3332 2225 3414 quasi
2263 3332 2468 3397 omnis
2507 3335 2689 3395 uetu-

394 3440 527 3501 stas
574 3438 873 3521 fugienda
922 3439 1007 3503 sit
1053 3441 1166 3502 aut
1210 3440 1416 3503 omnis
1463 3440 1718 3505 nouitas
1777 3439 2154 3523 adpetenda,
2215 3458 2360 3503 cum
2409 3442 2474 3503 et
2519 3452 2690 3501 man-

571 3630 602 3682 3
640 3630 835 3683 Matth.
875 3631 925 3693 6,
966 3632 1033 3683 24
1147 3631 1213 3684 19
1240 3632 1297 3684 n
1336 3630 1457 3687 cor.
1498 3632 1583 3695 11,
1623 3631 1656 3683 2
1695 3648 1772 3701 sq.

462 3756 495 3807 2
532 3754 821 3825 perta-bata
856 3754 902 3808 0
1044 3755 1317 3808 ammittet
1343 3755 1421 3808 L²
1529 3757 1564 3808 4
1592 3762 1872 3809 mamonae
1908 3754 1956 3808 Ο
2061 3756 2094 3807 5
2130 3753 2582 3823 intellegentibus
2613 3754 2686 3805 L¹

390 3844 424 3897 6
460 3846 757 3913 patriarcae
796 3843 967 3897 L¹M¹
1076 3845 1107 3897 7
1148 3844 1220 3914 (9,
1262 3844 1348 3913 13)
1387 3842 1787 3913 intellegebant
1821 3843 1896 3896 L²
1935 3843 2263 3898 intellebant
2300 3840 2348 3897 S
2451 3842 2484 3895 8
2521 3841 2686 3895 habe-

386 3933 543 4004 bant]
579 3934 786 3988 habent
828 3933 995 3989 0²SG
1031 3932 1295 3987 habentes
1335 3933 1365 3985 b
1509 3932 1878 3987 habentistam
1917 3932 1970 3986 L
2005 3931 2384 3986 habentestam
2424 3932 2580 4001 (corr.
2622 3920 2712 3983 eas

386 4019 593 4077 habent
628 4022 812 4093 istam)
832 4023 902 4075 M
1010 4024 1043 4075 9
1080 4022 1390 4091 pertinebat
1410 4022 1441 4075 b
1552 4022 1626 4089 10,
1657 4022 1936 4091 figubatur
1967 4023 2012 4075 G
2121 4022 2184 4074 11
2214 4037 2400 4074 uenus
2434 4024 2488 4085 (n
2519 4024 2610 4085 er.)
2634 4018 2688 4072 L

390 4114 459 4165 12
496 4112 823 4182 temporaria
873 4116 929 4165 et
976 4112 1257 4181 cognitata
1293 4108 1341 4165 S
1381 4112 1648 4181 temporis,
1699 4111 1944 4181 cogitata
1986 4110 2060 4165 6¹
2177 4111 2242 4163 14
2290 4108 2436 4163 dicta
2473 4114 2602 4163 sunt
2644 4108 2694 4161 0

393 4203 458 4255 15
494 4200 821 4255 miserabilis
850 4200 898 4255 S
1006 4201 1069 4255 17
1101 4199 1373 4253 aeeclesiae
1409 4199 1457 4254 G
1564 4200 1631 4253 18
1660 4200 1882 4254 menbra
1917 4199 1964 4253 Ο
2071 4200 2138 4254 19
2175 4198 2491 4252 ammonitio
2521 4197 2694 4251 LSM

387 4290 451 4343 21
486 4306 641 4344 cuam
674 4292 736 4359 (s.
770 4291 804 4344 Ζ.
834 4306 902 4343 m.
938 4291 989 4357 1)
1010 4288 1066 4342 L
1174 4289 1243 4343 23
1272 4289 1430 4343 nobis
1458 4302 1522 4361 (s.
1555 4289 1590 4345 Ζ.
1617 4306 1688 4342 m.
1719 4289 1774 4357 2)
1804 4288 1849 4342 0
1954 4288 2022 4341 24
2052 4286 2343 4357 accipimus
2361 4286 2689 4341 P¹SMLG²

386 4380 641 4433 castitate
702 4380 769 4446 (ti
818 4394 861 4432 s.
913 4380 948 4431 Ζ.
995 4396 1063 4433 m.
1118 4380 1166 4445 l)
1218 4378 1271 4431 L
1416 4378 1485 4432 26
1542 4374 1796 4447 errorem]
1853 4382 2000 4434 &rore
2055 4376 2120 4431 0¹
2266 4377 2333 4429 27
2397 4382 2454 4429 et
2501 4393 2600 4430 om.
2653 4376 2688 4427 b

2475 4483 2576 4535 27*
2611 4462 2616 4467 ’
