<?xml version="1.0" encoding="UTF-8"?>
<!DOCTYPE html PUBLIC "-//W3C//DTD XHTML 1.0 Transitional//EN"
    "http://www.w3.org/TR/xhtml1/DTD/xhtml1-transitional.dtd">
<html xmlns="http://www.w3.org/1999/xhtml" xml:lang="en" lang="en">
 <head>
  <title>
</title>
<meta http-equiv="Content-Type" content="text/html;charset=utf-8" />
  <meta name='ocr-system' content='tesseract 3.04.00' />
  <meta name='ocr-capabilities' content='ocr_page ocr_carea ocr_par ocr_line ocrx_word'/>
</head>
<body>
  <div class='ocr_page' id='page_1' title='image "./corpusscriptoru27wissgoog_0740.png"; bbox 0 0 3159 4984; ppageno 0'>
   <div class='ocr_carea' id='block_1_1' title="bbox 536 471 2128 540">
    <p class='ocr_par' dir='ltr' id='par_1_1' title="bbox 536 471 2128 540">
     <span class='ocr_line' id='line_1_1' title="bbox 536 471 2128 540; baseline -0.009 -3"><span class='ocrx_word' id='word_1_1' title='bbox 536 473 665 537; x_wconf 84' lang='lat'><strong>730</strong></span> <span class='ocrx_word' id='word_1_2' title='bbox 1244 471 1296 525; x_wconf 90' lang='lat' dir='ltr'><strong>S.</strong></span> <span class='ocrx_word' id='word_1_3' title='bbox 1354 471 1629 524; x_wconf 80' lang='lat' dir='ltr'>Aureli</span> <span class='ocrx_word' id='word_1_4' title='bbox 1681 471 2128 540; x_wconf 77' lang='lat' dir='ltr'>Augustini</span> 
     </span>
    </p>
   </div>
   <div class='ocr_carea' id='block_1_2' title="bbox 520 665 2931 3508">
    <p class='ocr_par' dir='ltr' id='par_1_2' title="bbox 520 665 2925 2543">
     <span class='ocr_line' id='line_1_2' title="bbox 534 665 2832 750; baseline 0 -22"><span class='ocrx_word' id='word_1_5' title='bbox 534 665 703 747; x_wconf 87' lang='lat' dir='ltr'><strong>quod</strong></span> <span class='ocrx_word' id='word_1_6' title='bbox 740 668 951 729; x_wconf 88' lang='lat' dir='ltr'><strong>tamen</strong></span> <span class='ocrx_word' id='word_1_7' title='bbox 988 665 1171 729; x_wconf 89' lang='lat' dir='ltr'><strong>Iesus</strong></span> <span class='ocrx_word' id='word_1_8' title='bbox 1208 668 1503 748; x_wconf 89' lang='lat' dir='ltr'><strong>potenter</strong></span> <span class='ocrx_word' id='word_1_9' title='bbox 1539 669 1836 749; x_wconf 89' lang='lat' dir='ltr'><strong>operatus</strong></span> <span class='ocrx_word' id='word_1_10' title='bbox 1873 666 2130 730; x_wconf 87' lang='lat' dir='ltr'><strong>uidetur</strong></span> <span class='ocrx_word' id='word_1_11' title='bbox 2166 683 2309 749; x_wconf 85' lang='lat' dir='ltr'><strong>erga</strong></span> <span class='ocrx_word' id='word_1_12' title='bbox 2351 665 2546 730; x_wconf 91' lang='lat' dir='ltr'><strong>huius</strong></span> <span class='ocrx_word' id='word_1_13' title='bbox 2583 665 2832 750; x_wconf 88' lang='lat' dir='ltr'><strong>generis</strong></span> 
     </span>
     <span class='ocr_line' id='line_1_3' title="bbox 534 771 2834 857; baseline -0.001 -20"><span class='ocrx_word' id='word_1_14' title='bbox 534 791 776 849; x_wconf 83' lang='lat' dir='ltr'><strong>caecoS‚</strong></span> <span class='ocrx_word' id='word_1_15' title='bbox 827 771 981 837; x_wconf 91' lang='lat' dir='ltr'><strong>adeo</strong></span> <span class='ocrx_word' id='word_1_16' title='bbox 1030 774 1106 834; x_wconf 90' lang='lat' dir='ltr'><strong>ut</strong></span> <span class='ocrx_word' id='word_1_17' title='bbox 1139 772 1359 836; x_wconf 87' lang='lat' dir='ltr'><strong>Iudaei</strong></span> <span class='ocrx_word' id='word_1_18' title='bbox 1404 773 1531 857; x_wconf 88' lang='lat' dir='ltr'><strong>ipsi</strong></span> <span class='ocrx_word' id='word_1_19' title='bbox 1578 773 1998 837; x_wconf 77' lang='lat' dir='ltr'><strong>exclamarent</strong></span> <span class='ocrx_word' id='word_1_20' title='bbox 2037 773 2113 836; x_wconf 90' lang='lat' dir='ltr'><strong>ab</strong></span> <span class='ocrx_word' id='word_1_21' title='bbox 2143 773 2334 837; x_wconf 89' lang='lat' dir='ltr'><strong>initio</strong></span> <span class='ocrx_word' id='word_1_22' title='bbox 2375 772 2614 836; x_wconf 89' lang='lat' dir='ltr'><strong>saeculi</strong></span> <span class='ocrx_word' id='word_1_23' title='bbox 2652 791 2834 836; x_wconf 90' lang='lat' dir='ltr'><strong>num—</strong></span> 
     </span>
     <span class='ocr_line' id='line_1_4' title="bbox 536 879 2834 973; baseline -0.001 -29"><span class='ocrx_word' id='word_1_24' title='bbox 536 899 721 962; x_wconf 84' lang='lat' dir='ltr'><strong>quam</strong></span> <span class='ocrx_word' id='word_1_25' title='bbox 788 879 989 944; x_wconf 85' lang='lat' dir='ltr'><strong>fuisse</strong></span> <span class='ocrx_word' id='word_1_26' title='bbox 1045 880 1283 973; x_wconf 85' lang='lat' dir='ltr'><strong>uisum,</strong></span> <span class='ocrx_word' id='word_1_27' title='bbox 1341 882 1415 943; x_wconf 91' lang='lat' dir='ltr'><strong>ut</strong></span> <span class='ocrx_word' id='word_1_28' title='bbox 1468 879 1700 963; x_wconf 86' lang='lat' dir='ltr'><strong>aliquis</strong></span> <span class='ocrx_word' id='word_1_29' title='bbox 1757 880 2113 962; x_wconf 86' lang='lat' dir='ltr'><strong>aperuisset</strong></span> <span class='ocrx_word' id='word_1_30' title='bbox 2170 879 2392 944; x_wconf 88' lang='lat' dir='ltr'><strong>oculos</strong></span> <span class='ocrx_word' id='word_1_31' title='bbox 2449 879 2624 943; x_wconf 88' lang='lat' dir='ltr'><strong>caeci</strong></span> <span class='ocrx_word' id='word_1_32' title='bbox 2679 879 2834 942; x_wconf 86' lang='lat' dir='ltr'><strong>nati.</strong></span> 
     </span>
     <span class='ocr_line' id='line_1_5' title="bbox 530 981 2837 1068; baseline 0 -18"><span class='ocrx_word' id='word_1_33' title='bbox 530 1005 791 1050; x_wconf 89' lang='lat' dir='ltr'><strong>manum</strong></span> <span class='ocrx_word' id='word_1_34' title='bbox 856 986 1097 1052; x_wconf 88' lang='lat' dir='ltr'><strong>aridam</strong></span> <span class='ocrx_word' id='word_1_35' title='bbox 1163 1004 1442 1066; x_wconf 84' lang='lat' dir='ltr'><strong>sanasse,</strong></span> <span class='ocrx_word' id='word_1_36' title='bbox 1504 1006 1728 1053; x_wconf 91' lang='lat' dir='ltr'><strong>uocem</strong></span> <span class='ocrx_word' id='word_1_37' title='bbox 1788 1005 1862 1051; x_wconf 87' lang='lat' dir='ltr'><strong>ac</strong></span> <span class='ocrx_word' id='word_1_38' title='bbox 1917 987 2185 1051; x_wconf 89' lang='lat' dir='ltr'><strong>uerbum</strong></span> <span class='ocrx_word' id='word_1_39' title='bbox 2237 981 2512 1068; x_wconf 87' lang='lat' dir='ltr'><strong>priuatis</strong></span> <span class='ocrx_word' id='word_1_40' title='bbox 2567 985 2667 1050; x_wconf 90' lang='lat' dir='ltr'><strong>his</strong></span> <span class='ocrx_word' id='word_1_41' title='bbox 2725 1005 2837 1068; x_wconf 85' lang='lat' dir='ltr'><strong>per</strong></span> 
     </span>
     <span class='ocr_line' id='line_1_6' title="bbox 531 1092 2917 1175; baseline 0.001 -19"><span class='ocrx_word' id='word_1_42' title='bbox 531 1096 819 1157; x_wconf 89' lang='lat' dir='ltr'><strong>naturam</strong></span> <span class='ocrx_word' id='word_1_43' title='bbox 866 1093 1226 1172; x_wconf 79' lang='lat' dir='ltr'>redonasse,</span> <span class='ocrx_word' id='word_1_44' title='bbox 1286 1095 1555 1159; x_wconf 78' lang='lat' dir='ltr'><strong>mortuis</strong></span> <span class='ocrx_word' id='word_1_45' title='bbox 1604 1097 1670 1159; x_wconf 88' lang='lat' dir='ltr'><strong>et</strong></span> <span class='ocrx_word' id='word_1_46' title='bbox 1712 1094 1776 1157; x_wconf 88' lang='lat' dir='ltr'><strong>in</strong></span> <span class='ocrx_word' id='word_1_47' title='bbox 1825 1095 2040 1158; x_wconf 90' lang='lat' dir='ltr'><strong>tabem</strong></span> <span class='ocrx_word' id='word_1_48' title='bbox 2085 1093 2214 1157; x_wconf 84' lang='lat' dir='ltr'><strong>iam</strong></span> <span class='ocrx_word' id='word_1_49' title='bbox 2259 1092 2564 1157; x_wconf 77' lang='lat' dir='ltr'><strong>resolutis</strong></span> <span class='ocrx_word' id='word_1_50' title='bbox 2611 1109 2832 1175; x_wconf 88' lang='lat' dir='ltr'><strong>corpo-</strong></span> <span class='ocrx_word' id='word_1_51' title='bbox 2895 1119 2917 1158; x_wconf 82' lang='lat'>5</span> 
     </span>
     <span class='ocr_line' id='line_1_7' title="bbox 528 1199 2834 1284; baseline -0.001 -20"><span class='ocrx_word' id='word_1_52' title='bbox 528 1201 704 1264; x_wconf 92' lang='lat' dir='ltr'><strong>ribus</strong></span> <span class='ocrx_word' id='word_1_53' title='bbox 764 1219 1069 1284; x_wconf 85' lang='lat' dir='ltr'><strong>compage</strong></span> <span class='ocrx_word' id='word_1_54' title='bbox 1123 1199 1373 1264; x_wconf 88' lang='lat' dir='ltr'><strong>reddita</strong></span> <span class='ocrx_word' id='word_1_55' title='bbox 1427 1201 1694 1265; x_wconf 88' lang='lat' dir='ltr'><strong>uitalem</strong></span> <span class='ocrx_word' id='word_1_56' title='bbox 1747 1200 2214 1284; x_wconf 83' lang='lat' dir='ltr'><strong>redintegrasse</strong></span> <span class='ocrx_word' id='word_1_57' title='bbox 2272 1199 2590 1282; x_wconf 74' lang='lat' dir='ltr'><strong>spiritum,</strong></span> <span class='ocrx_word' id='word_1_58' title='bbox 2641 1217 2834 1280; x_wconf 89' lang='lat' dir='ltr'><strong>quem</strong></span> 
     </span>
     <span class='ocr_line' id='line_1_8' title="bbox 530 1305 2836 1392; baseline -0.001 -22"><span class='ocrx_word' id='word_1_59' title='bbox 530 1326 654 1372; x_wconf 90' lang='lat' dir='ltr'><strong>non</strong></span> <span class='ocrx_word' id='word_1_60' title='bbox 722 1307 801 1371; x_wconf 88' lang='lat' dir='ltr'><strong>ad</strong></span> <span class='ocrx_word' id='word_1_61' title='bbox 870 1310 1195 1391; x_wconf 86' lang='lat' dir='ltr'><strong>stuporem</strong></span> <span class='ocrx_word' id='word_1_62' title='bbox 1263 1307 1539 1372; x_wconf 88' lang='lat' dir='ltr'><strong>adducat</strong></span> <span class='ocrx_word' id='word_1_63' title='bbox 1604 1311 1669 1373; x_wconf 91' lang='lat' dir='ltr'><strong>et</strong></span> <span class='ocrx_word' id='word_1_64' title='bbox 1733 1311 1922 1392; x_wconf 88' lang='lat' dir='ltr'><strong>cogat</strong></span> <span class='ocrx_word' id='word_1_65' title='bbox 1983 1306 2259 1390; x_wconf 89' lang='lat' dir='ltr'><strong>quodam</strong></span> <span class='ocrx_word' id='word_1_66' title='bbox 2323 1305 2514 1371; x_wconf 91' lang='lat' dir='ltr'><strong>modo</strong></span> <span class='ocrx_word' id='word_1_67' title='bbox 2569 1305 2836 1369; x_wconf 89' lang='lat' dir='ltr'><strong>minime</strong></span> 
     </span>
     <span class='ocr_line' id='line_1_9' title="bbox 530 1410 2840 1499; baseline -0.001 -21"><span class='ocrx_word' id='word_1_68' title='bbox 530 1414 783 1478; x_wconf 89' lang='lat' dir='ltr'><strong>credere</strong></span> <span class='ocrx_word' id='word_1_69' title='bbox 831 1415 1219 1499; x_wconf 84' lang='lat' dir='ltr'><strong>cogitantem</strong></span> <span class='ocrx_word' id='word_1_70' title='bbox 1258 1415 1410 1496; x_wconf 88' lang='lat' dir='ltr'><strong>quid</strong></span> <span class='ocrx_word' id='word_1_71' title='bbox 1446 1415 1639 1480; x_wconf 88' lang='lat' dir='ltr'><strong>liceat</strong></span> <span class='ocrx_word' id='word_1_72' title='bbox 1676 1414 1912 1497; x_wconf 86' lang='lat' dir='ltr'><strong>quidue</strong></span> <span class='ocrx_word' id='word_1_73' title='bbox 1949 1433 2074 1478; x_wconf 89' lang='lat' dir='ltr'><strong>non</strong></span> <span class='ocrx_word' id='word_1_74' title='bbox 2111 1413 2304 1478; x_wconf 89' lang='lat' dir='ltr'><strong>liceat</strong></span> <span class='ocrx_word' id='word_1_75' title='bbox 2339 1433 2452 1496; x_wconf 91' lang='lat' dir='ltr'><strong>per</strong></span> <span class='ocrx_word' id='word_1_76' title='bbox 2487 1415 2784 1477; x_wconf 85' lang='lat' dir='ltr'><strong>naturam</strong></span> <span class='ocrx_word' id='word_1_77' title='bbox 2805 1410 2840 1477; x_wconf 79' lang='lat'><strong>⁶?</strong></span> 
     </span>
     <span class='ocr_line' id='line_1_10' title="bbox 530 1519 2838 1602; baseline -0 -19"><span class='ocrx_word' id='word_1_78' title='bbox 530 1539 689 1602; x_wconf 89' lang='lat' dir='ltr'><strong>quae</strong></span> <span class='ocrx_word' id='word_1_79' title='bbox 737 1524 949 1586; x_wconf 88' lang='lat' dir='ltr'><strong>tamen</strong></span> <span class='ocrx_word' id='word_1_80' title='bbox 1001 1521 1213 1587; x_wconf 88' lang='lat' dir='ltr'><strong>omnia</strong></span> <span class='ocrx_word' id='word_1_81' title='bbox 1257 1541 1374 1587; x_wconf 89' lang='lat' dir='ltr'><strong>nos</strong></span> <span class='ocrx_word' id='word_1_82' title='bbox 1422 1522 1847 1588; x_wconf 89' lang='lat' dir='ltr'><strong>communiter</strong></span> <span class='ocrx_word' id='word_1_83' title='bbox 1891 1522 2061 1586; x_wconf 87' lang='lat' dir='ltr'><strong>facta</strong></span> <span class='ocrx_word' id='word_1_84' title='bbox 2107 1521 2184 1585; x_wconf 88' lang='lat' dir='ltr'><strong>ab</strong></span> <span class='ocrx_word' id='word_1_85' title='bbox 2233 1520 2458 1586; x_wconf 91' lang='lat' dir='ltr'><strong>eodem</strong></span> <span class='ocrx_word' id='word_1_86' title='bbox 2513 1519 2838 1584; x_wconf 87' lang='lat' dir='ltr'><strong>credimus</strong></span> 
     </span>
     <span class='ocr_line' id='line_1_11' title="bbox 532 1626 2924 1711; baseline 0 -21"><span class='ocrx_word' id='word_1_87' title='bbox 532 1626 881 1706; x_wconf 84' lang='lat' dir='ltr'><strong>christiani,</strong></span> <span class='ocrx_word' id='word_1_88' title='bbox 930 1647 1053 1693; x_wconf 91' lang='lat' dir='ltr'><strong>non</strong></span> <span class='ocrx_word' id='word_1_89' title='bbox 1102 1628 1605 1694; x_wconf 82' lang='lat' dir='ltr'><strong>consideratione</strong></span> <span class='ocrx_word' id='word_1_90' title='bbox 1651 1629 1778 1693; x_wconf 84' lang='lat' dir='ltr'><strong>iam</strong></span> <span class='ocrx_word' id='word_1_91' title='bbox 1825 1631 2109 1707; x_wconf 88' lang='lat' dir='ltr'><strong>naturae,</strong></span> <span class='ocrx_word' id='word_1_92' title='bbox 2152 1627 2264 1693; x_wconf 88' lang='lat' dir='ltr'><strong>sed</strong></span> <span class='ocrx_word' id='word_1_93' title='bbox 2310 1627 2652 1711; x_wconf 80' lang='lat' dir='ltr'><strong>potestatis</strong></span> <span class='ocrx_word' id='word_1_94' title='bbox 2699 1629 2840 1689; x_wconf 86' lang='lat' dir='ltr'><strong>tan-</strong></span> <span class='ocrx_word' id='word_1_95' title='bbox 2877 1653 2924 1691; x_wconf 73' lang='grc' dir='ltr'><strong>ιο</strong></span> 
     </span>
     <span class='ocr_line' id='line_1_12' title="bbox 528 1733 2836 1820; baseline 0 -24"><span class='ocrx_word' id='word_1_96' title='bbox 528 1737 667 1797; x_wconf 89' lang='lat' dir='ltr'><strong>tum</strong></span> <span class='ocrx_word' id='word_1_97' title='bbox 726 1736 794 1797; x_wconf 91' lang='lat' dir='ltr'><strong>et</strong></span> <span class='ocrx_word' id='word_1_98' title='bbox 846 1734 1106 1800; x_wconf 87' lang='lat' dir='ltr'><strong>uirtutis</strong></span> <span class='ocrx_word' id='word_1_99' title='bbox 1164 1735 1286 1800; x_wconf 87' lang='lat' dir='ltr'><strong>dei.</strong></span> <span class='ocrx_word' id='word_1_100' title='bbox 1350 1736 1589 1820; x_wconf 86' lang='lat' dir='ltr'><strong>legitur</strong></span> <span class='ocrx_word' id='word_1_101' title='bbox 1639 1735 1708 1800; x_wconf 90' lang='lat' dir='ltr'><strong>id</strong></span> <span class='ocrx_word' id='word_1_102' title='bbox 1763 1753 2038 1817; x_wconf 82' lang='lat' dir='ltr'><strong>quoque,</strong></span> <span class='ocrx_word' id='word_1_103' title='bbox 2105 1734 2278 1817; x_wconf 91' lang='lat' dir='ltr'><strong>quod</strong></span> <span class='ocrx_word' id='word_1_104' title='bbox 2343 1734 2420 1799; x_wconf 90' lang='lat' dir='ltr'><strong>de</strong></span> <span class='ocrx_word' id='word_1_105' title='bbox 2487 1733 2836 1817; x_wconf 89' lang='lat' dir='ltr'><strong>supercilio</strong></span> 
     </span>
     <span class='ocr_line' id='line_1_13' title="bbox 526 1832 2836 1925; baseline 0 -22"><span class='ocrx_word' id='word_1_106' title='bbox 526 1840 762 1904; x_wconf 90' lang='lat' dir='ltr'><strong>montis</strong></span> <span class='ocrx_word' id='word_1_107' title='bbox 810 1841 1083 1907; x_wconf 86' lang='lat' dir='ltr'><strong>iactatus</strong></span> <span class='ocrx_word' id='word_1_108' title='bbox 1136 1832 1473 1925; x_wconf 85' lang='lat' dir='ltr'><strong>aliquando</strong></span> <span class='ocrx_word' id='word_1_109' title='bbox 1522 1862 1559 1907; x_wconf 86' lang='lat' dir='ltr'><strong>a</strong></span> <span class='ocrx_word' id='word_1_110' title='bbox 1595 1842 1851 1908; x_wconf 89' lang='lat' dir='ltr'><strong>Iudaeis</strong></span> <span class='ocrx_word' id='word_1_111' title='bbox 1897 1841 2178 1908; x_wconf 78' lang='lat' dir='ltr'><strong>inlaesus</strong></span> <span class='ocrx_word' id='word_1_112' title='bbox 2227 1841 2474 1906; x_wconf 87' lang='lat' dir='ltr'><strong>abierit.</strong></span> <span class='ocrx_word' id='word_1_113' title='bbox 2523 1840 2633 1924; x_wconf 89' lang='lat' dir='ltr'><strong>qui</strong></span> <span class='ocrx_word' id='word_1_114' title='bbox 2680 1857 2836 1922; x_wconf 88' lang='lat' dir='ltr'><strong>ergo</strong></span> 
     </span>
     <span class='ocr_line' id='line_1_14' title="bbox 526 1945 2836 2034; baseline 0 -25"><span class='ocrx_word' id='word_1_115' title='bbox 526 1945 602 2010; x_wconf 91' lang='lat' dir='ltr'><strong>de</strong></span> <span class='ocrx_word' id='word_1_116' title='bbox 650 1946 913 2011; x_wconf 89' lang='lat' dir='ltr'><strong>sublimi</strong></span> <span class='ocrx_word' id='word_1_117' title='bbox 958 1952 1175 2013; x_wconf 84' lang='lat' dir='ltr'><strong>monte</strong></span> <span class='ocrx_word' id='word_1_118' title='bbox 1222 1950 1678 2034; x_wconf 88' lang='lat' dir='ltr'><strong>praecipitatus</strong></span> <span class='ocrx_word' id='word_1_119' title='bbox 1727 1954 2021 2016; x_wconf 89' lang='lat' dir='ltr'><strong>mortuus</strong></span> <span class='ocrx_word' id='word_1_120' title='bbox 2068 1968 2192 2014; x_wconf 90' lang='lat' dir='ltr'><strong>non</strong></span> <span class='ocrx_word' id='word_1_121' title='bbox 2242 1953 2361 2028; x_wconf 85' lang='lat' dir='ltr'><strong>est,</strong></span> <span class='ocrx_word' id='word_1_122' title='bbox 2411 1947 2562 2030; x_wconf 90' lang='lat' dir='ltr'><strong>quia</strong></span> <span class='ocrx_word' id='word_1_123' title='bbox 2605 1947 2836 2028; x_wconf 87' lang='lat' dir='ltr'><strong>utique</strong></span> 
     </span>
     <span class='ocr_line' id='line_1_15' title="bbox 522 2052 2846 2139; baseline 0 -23"><span class='ocrx_word' id='word_1_124' title='bbox 522 2052 750 2131; x_wconf 86' lang='lat' dir='ltr'><strong>noluit,</strong></span> <span class='ocrx_word' id='word_1_125' title='bbox 800 2072 913 2118; x_wconf 87' lang='lat' dir='ltr'><strong>cur</strong></span> <span class='ocrx_word' id='word_1_126' title='bbox 956 2073 1083 2118; x_wconf 91' lang='lat' dir='ltr'><strong>non</strong></span> <span class='ocrx_word' id='word_1_127' title='bbox 1129 2056 1410 2139; x_wconf 89' lang='lat' dir='ltr'><strong>potuerit</strong></span> <span class='ocrx_word' id='word_1_128' title='bbox 1456 2056 1649 2121; x_wconf 89' lang='lat' dir='ltr'><strong>etiam</strong></span> <span class='ocrx_word' id='word_1_129' title='bbox 1697 2057 1857 2122; x_wconf 89' lang='lat' dir='ltr'><strong>mori</strong></span> <span class='ocrx_word' id='word_1_130' title='bbox 1906 2076 2052 2122; x_wconf 91' lang='lat' dir='ltr'><strong>cum</strong></span> <span class='ocrx_word' id='word_1_131' title='bbox 2099 2055 2364 2120; x_wconf 81' lang='lat' dir='ltr'><strong>uoluit?</strong></span> <span class='ocrx_word' id='word_1_132' title='bbox 2412 2057 2478 2120; x_wconf 89' lang='lat' dir='ltr'><strong>et</strong></span> <span class='ocrx_word' id='word_1_133' title='bbox 2522 2055 2645 2118; x_wconf 89' lang='lat' dir='ltr'><strong>hoc</strong></span> <span class='ocrx_word' id='word_1_134' title='bbox 2694 2054 2846 2136; x_wconf 91' lang='lat' dir='ltr'><strong>qui-</strong></span> 
     </span>
     <span class='ocr_line' id='line_1_16' title="bbox 522 2157 2925 2246; baseline 0.003 -25"><span class='ocrx_word' id='word_1_135' title='bbox 522 2157 665 2222; x_wconf 87' lang='lat' dir='ltr'><strong>dem</strong></span> <span class='ocrx_word' id='word_1_136' title='bbox 713 2178 882 2223; x_wconf 88' lang='lat' dir='ltr'><strong>nunc</strong></span> <span class='ocrx_word' id='word_1_137' title='bbox 930 2177 967 2223; x_wconf 86' lang='lat' dir='ltr'><strong>a</strong></span> <span class='ocrx_word' id='word_1_138' title='bbox 1012 2161 1197 2225; x_wconf 90' lang='lat' dir='ltr'><strong>nobis</strong></span> <span class='ocrx_word' id='word_1_139' title='bbox 1244 2163 1336 2226; x_wconf 89' lang='lat' dir='ltr'><strong>ita</strong></span> <span class='ocrx_word' id='word_1_140' title='bbox 1378 2181 1758 2246; x_wconf 87' lang='lat' dir='ltr'><strong>responsum</strong></span> <span class='ocrx_word' id='word_1_141' title='bbox 1809 2164 1915 2242; x_wconf 85' lang='lat' dir='ltr'><strong>sit,</strong></span> <span class='ocrx_word' id='word_1_142' title='bbox 1958 2163 2108 2245; x_wconf 86' lang='lat' dir='ltr'><strong>quia</strong></span> <span class='ocrx_word' id='word_1_143' title='bbox 2151 2161 2339 2227; x_wconf 91' lang='lat' dir='ltr'><strong>uobis</strong></span> <span class='ocrx_word' id='word_1_144' title='bbox 2386 2161 2600 2245; x_wconf 85' lang='lat' dir='ltr'><strong>placet</strong></span> <span class='ocrx_word' id='word_1_145' title='bbox 2646 2179 2837 2244; x_wconf 90' lang='lat' dir='ltr'><strong>argu·</strong></span> <span class='ocrx_word' id='word_1_146' title='bbox 2877 2191 2925 2230; x_wconf 66' lang='grc' dir='ltr'><strong>ιε</strong></span> 
     </span>
     <span class='ocr_line' id='line_1_17' title="bbox 520 2247 2830 2353; baseline 0.002 -25"><span class='ocrx_word' id='word_1_147' title='bbox 520 2265 791 2329; x_wconf 87' lang='lat' dir='ltr'><strong>mentari</strong></span> <span class='ocrx_word' id='word_1_148' title='bbox 830 2269 895 2330; x_wconf 90' lang='lat' dir='ltr'><strong>et</strong></span> <span class='ocrx_word' id='word_1_149' title='bbox 930 2285 1106 2331; x_wconf 87' lang='lat' dir='ltr'><strong>arma</strong></span> <span class='ocrx_word' id='word_1_150' title='bbox 1140 2247 1474 2353; x_wconf 85' lang='lat' dir='ltr'><strong>temptatis</strong></span> <span class='ocrx_word' id='word_1_151' title='bbox 1513 2270 1720 2335; x_wconf 87' lang='lat' dir='ltr'><strong>aliena</strong></span> <span class='ocrx_word' id='word_1_152' title='bbox 1757 2269 2090 2334; x_wconf 83' lang='lat' dir='ltr'><strong>dialectice</strong></span> <span class='ocrx_word' id='word_1_153' title='bbox 2128 2268 2455 2352; x_wconf 80' lang='lat' dir='ltr'><strong>disputare</strong></span> <span class='ocrx_word' id='word_1_154' title='bbox 2491 2267 2830 2346; x_wconf 79' lang='lat' dir='ltr'><strong>uolentes;</strong></span> 
     </span>
     <span class='ocr_line' id='line_1_18' title="bbox 521 2371 2844 2453; baseline 0 -18"><span class='ocrx_word' id='word_1_155' title='bbox 521 2371 804 2453; x_wconf 84' lang='lat' dir='ltr'><strong>alioquin</strong></span> <span class='ocrx_word' id='word_1_156' title='bbox 883 2374 1069 2439; x_wconf 91' lang='lat' dir='ltr'><strong>nobis</strong></span> <span class='ocrx_word' id='word_1_157' title='bbox 1142 2395 1260 2440; x_wconf 89' lang='lat' dir='ltr'><strong>nec</strong></span> <span class='ocrx_word' id='word_1_158' title='bbox 1324 2377 1509 2442; x_wconf 91' lang='lat' dir='ltr'><strong>Iesus</strong></span> <span class='ocrx_word' id='word_1_159' title='bbox 1574 2379 1873 2442; x_wconf 88' lang='lat' dir='ltr'><strong>mortuus</strong></span> <span class='ocrx_word' id='word_1_160' title='bbox 1949 2379 2049 2441; x_wconf 89' lang='lat' dir='ltr'><strong>est</strong></span> <span class='ocrx_word' id='word_1_161' title='bbox 2118 2395 2237 2440; x_wconf 90' lang='lat' dir='ltr'><strong>nec</strong></span> <span class='ocrx_word' id='word_1_162' title='bbox 2310 2378 2411 2439; x_wconf 90' lang='lat' dir='ltr'><strong>est</strong></span> <span class='ocrx_word' id='word_1_163' title='bbox 2469 2373 2844 2439; x_wconf 86' lang='lat' dir='ltr'><strong>inmortalis</strong></span> 
     </span>
     <span class='ocr_line' id='line_1_19' title="bbox 547 2477 1628 2543; baseline 0.011 -2"><span class='ocrx_word' id='word_1_164' title='bbox 547 2477 786 2543; x_wconf 79' lang='lat' dir='ltr'><strong>HeliaS.</strong></span> <span class='ocrx_word' id='word_1_165' title='bbox 1621 2519 1628 2524; x_wconf 92' lang='lat'><em>·</em></span> 
     </span>
    </p>

    <p class='ocr_par' dir='ltr' id='par_1_3' title="bbox 546 2587 2931 3508">
     <span class='ocr_line' id='line_1_20' title="bbox 639 2587 2848 2673; baseline -0.001 -21"><span class='ocrx_word' id='word_1_166' title='bbox 639 2587 699 2650; x_wconf 88' lang='lat'><strong>3.</strong></span> <span class='ocrx_word' id='word_1_167' title='bbox 746 2587 1214 2659; x_wconf 84' lang='lat' dir='ltr'>AUGUSTINUS</span> <span class='ocrx_word' id='word_1_168' title='bbox 1260 2589 1622 2673; x_wconf 86' lang='lat' dir='ltr'><strong>respondit:</strong></span> <span class='ocrx_word' id='word_1_169' title='bbox 1674 2589 1991 2672; x_wconf 82' lang='lat' dir='ltr'><strong>Quicquid</strong></span> <span class='ocrx_word' id='word_1_170' title='bbox 2038 2590 2114 2655; x_wconf 91' lang='lat' dir='ltr'><strong>de</strong></span> <span class='ocrx_word' id='word_1_171' title='bbox 2159 2588 2378 2654; x_wconf 89' lang='lat' dir='ltr'><strong>Enoch</strong></span> <span class='ocrx_word' id='word_1_172' title='bbox 2427 2591 2493 2653; x_wconf 88' lang='lat' dir='ltr'><strong>et</strong></span> <span class='ocrx_word' id='word_1_173' title='bbox 2538 2587 2615 2651; x_wconf 90' lang='lat' dir='ltr'><strong>de</strong></span> <span class='ocrx_word' id='word_1_174' title='bbox 2653 2587 2848 2652; x_wconf 87' lang='lat' dir='ltr'><strong>Helia</strong></span> 
     </span>
     <span class='ocr_line' id='line_1_21' title="bbox 549 2693 2931 2781; baseline 0.003 -24"><span class='ocrx_word' id='word_1_175' title='bbox 549 2697 613 2757; x_wconf 90' lang='lat' dir='ltr'><strong>et</strong></span> <span class='ocrx_word' id='word_1_176' title='bbox 651 2693 726 2758; x_wconf 94' lang='lat' dir='ltr'><strong>de</strong></span> <span class='ocrx_word' id='word_1_177' title='bbox 764 2695 988 2779; x_wconf 81' lang='lat' dir='ltr'><strong>Moyse</strong></span> <span class='ocrx_word' id='word_1_178' title='bbox 1026 2696 1339 2778; x_wconf 87' lang='lat' dir='ltr'><strong>scriptura</strong></span> <span class='ocrx_word' id='word_1_179' title='bbox 1376 2701 1596 2762; x_wconf 85' lang='lat' dir='ltr'><strong>sancta</strong></span> <span class='ocrx_word' id='word_1_180' title='bbox 1640 2698 1830 2762; x_wconf 84' lang='lat' dir='ltr'><strong>certis</strong></span> <span class='ocrx_word' id='word_1_181' title='bbox 1879 2700 1944 2762; x_wconf 92' lang='lat' dir='ltr'><strong>et</strong></span> <span class='ocrx_word' id='word_1_182' title='bbox 1988 2697 2236 2781; x_wconf 86' lang='lat' dir='ltr'><strong>magnis</strong></span> <span class='ocrx_word' id='word_1_183' title='bbox 2274 2713 2427 2761; x_wconf 87' lang='lat' dir='ltr'><strong>suae</strong></span> <span class='ocrx_word' id='word_1_184' title='bbox 2463 2694 2613 2758; x_wconf 86' lang='lat' dir='ltr'><strong>fidei</strong></span> <span class='ocrx_word' id='word_1_185' title='bbox 2651 2694 2846 2758; x_wconf 90' lang='lat' dir='ltr'><strong>docu-</strong></span> <span class='ocrx_word' id='word_1_186' title='bbox 2881 2725 2931 2763; x_wconf 72' lang='lat' dir='ltr'><strong>su</strong></span> 
     </span>
     <span class='ocr_line' id='line_1_22' title="bbox 546 2799 2848 2878; baseline 0 -16"><span class='ocrx_word' id='word_1_187' title='bbox 546 2801 781 2866; x_wconf 89' lang='lat' dir='ltr'><strong>mentis</strong></span> <span class='ocrx_word' id='word_1_188' title='bbox 846 2801 910 2865; x_wconf 91' lang='lat' dir='ltr'><strong>in</strong></span> <span class='ocrx_word' id='word_1_189' title='bbox 978 2821 1230 2868; x_wconf 88' lang='lat' dir='ltr'><strong>summo</strong></span> <span class='ocrx_word' id='word_1_190' title='bbox 1298 2804 1574 2868; x_wconf 90' lang='lat' dir='ltr'><strong>culmine</strong></span> <span class='ocrx_word' id='word_1_191' title='bbox 1639 2803 2039 2868; x_wconf 87' lang='lat' dir='ltr'><strong>auctoritatis</strong></span> <span class='ocrx_word' id='word_1_192' title='bbox 2101 2803 2312 2867; x_wconf 87' lang='lat' dir='ltr'><strong>locata</strong></span> <span class='ocrx_word' id='word_1_193' title='bbox 2363 2803 2663 2878; x_wconf 80' lang='lat' dir='ltr'><strong>testatur,</strong></span> <span class='ocrx_word' id='word_1_194' title='bbox 2719 2799 2848 2864; x_wconf 85' lang='lat' dir='ltr'><strong>hoc</strong></span> 
     </span>
     <span class='ocr_line' id='line_1_23' title="bbox 549 2903 2850 2990; baseline -0.001 -20"><span class='ocrx_word' id='word_1_195' title='bbox 549 2906 885 2986; x_wconf 88' lang='lat' dir='ltr'><strong>credimus,</strong></span> <span class='ocrx_word' id='word_1_196' title='bbox 933 2929 1059 2974; x_wconf 87' lang='lat' dir='ltr'><strong>non</strong></span> <span class='ocrx_word' id='word_1_197' title='bbox 1104 2909 1276 2990; x_wconf 92' lang='lat' dir='ltr'><strong>quod</strong></span> <span class='ocrx_word' id='word_1_198' title='bbox 1321 2909 1599 2975; x_wconf 84' lang='lat' dir='ltr'><strong>Faustus</strong></span> <span class='ocrx_word' id='word_1_199' title='bbox 1646 2928 1762 2974; x_wconf 92' lang='lat' dir='ltr'><strong>nos</strong></span> <span class='ocrx_word' id='word_1_200' title='bbox 1809 2907 2061 2974; x_wconf 89' lang='lat' dir='ltr'><strong>credere</strong></span> <span class='ocrx_word' id='word_1_201' title='bbox 2109 2908 2488 2990; x_wconf 84' lang='lat' dir='ltr'><strong>suspicatur.</strong></span> <span class='ocrx_word' id='word_1_202' title='bbox 2556 2903 2710 2987; x_wconf 92' lang='lat' dir='ltr'><strong>quid</strong></span> <span class='ocrx_word' id='word_1_203' title='bbox 2761 2904 2850 2970; x_wconf 88' lang='lat' dir='ltr'><strong>sit</strong></span> 
     </span>
     <span class='ocr_line' id='line_1_24' title="bbox 548 3010 2843 3098; baseline -0.001 -21"><span class='ocrx_word' id='word_1_204' title='bbox 548 3017 763 3078; x_wconf 83' lang='lat' dir='ltr'><strong>autem</strong></span> <span class='ocrx_word' id='word_1_205' title='bbox 810 3014 1159 3081; x_wconf 88' lang='lat' dir='ltr'><strong>secundum</strong></span> <span class='ocrx_word' id='word_1_206' title='bbox 1205 3019 1518 3094; x_wconf 86' lang='lat' dir='ltr'><strong>naturam,</strong></span> <span class='ocrx_word' id='word_1_207' title='bbox 1568 3017 1722 3098; x_wconf 91' lang='lat' dir='ltr'><strong>quid</strong></span> <span class='ocrx_word' id='word_1_208' title='bbox 1769 3019 1986 3082; x_wconf 90' lang='lat' dir='ltr'><strong>contra</strong></span> <span class='ocrx_word' id='word_1_209' title='bbox 2029 3019 2338 3091; x_wconf 80' lang='lat' dir='ltr'><strong>naturam,</strong></span> <span class='ocrx_word' id='word_1_210' title='bbox 2376 3013 2692 3086; x_wconf 82' lang='lat' dir='ltr'><strong>homines,</strong></span> <span class='ocrx_word' id='word_1_211' title='bbox 2733 3010 2843 3094; x_wconf 91' lang='lat' dir='ltr'><strong>qui</strong></span> 
     </span>
     <span class='ocr_line' id='line_1_25' title="bbox 550 3120 2840 3206; baseline -0.001 -22"><span class='ocrx_word' id='word_1_212' title='bbox 550 3120 717 3185; x_wconf 90' lang='lat' dir='ltr'><strong>sicut</strong></span> <span class='ocrx_word' id='word_1_213' title='bbox 761 3139 880 3186; x_wconf 90' lang='lat' dir='ltr'><strong>uos</strong></span> <span class='ocrx_word' id='word_1_214' title='bbox 929 3126 1154 3198; x_wconf 86' lang='lat' dir='ltr'><strong>errant,</strong></span> <span class='ocrx_word' id='word_1_215' title='bbox 1194 3141 1382 3189; x_wconf 88' lang='lat' dir='ltr'><strong>nosse</strong></span> <span class='ocrx_word' id='word_1_216' title='bbox 1428 3143 1553 3189; x_wconf 90' lang='lat' dir='ltr'><strong>non</strong></span> <span class='ocrx_word' id='word_1_217' title='bbox 1592 3126 1880 3206; x_wconf 87' lang='lat' dir='ltr'><strong>possunt.</strong></span> <span class='ocrx_word' id='word_1_218' title='bbox 1930 3123 2057 3187; x_wconf 91' lang='lat' dir='ltr'><strong>dici</strong></span> <span class='ocrx_word' id='word_1_219' title='bbox 2094 3125 2308 3187; x_wconf 87' lang='lat' dir='ltr'><strong>autem</strong></span> <span class='ocrx_word' id='word_1_220' title='bbox 2344 3120 2624 3184; x_wconf 90' lang='lat' dir='ltr'><strong>humano</strong></span> <span class='ocrx_word' id='word_1_221' title='bbox 2662 3137 2840 3183; x_wconf 90' lang='lat' dir='ltr'><strong>more</strong></span> 
     </span>
     <span class='ocr_line' id='line_1_26' title="bbox 549 3224 2924 3311; baseline 0.003 -22"><span class='ocrx_word' id='word_1_222' title='bbox 549 3228 767 3290; x_wconf 89' lang='lat' dir='ltr'><strong>contra</strong></span> <span class='ocrx_word' id='word_1_223' title='bbox 802 3229 1093 3291; x_wconf 90' lang='lat' dir='ltr'><strong>naturam</strong></span> <span class='ocrx_word' id='word_1_224' title='bbox 1131 3247 1291 3304; x_wconf 78' lang='lat' dir='ltr'><strong>esse,</strong></span> <span class='ocrx_word' id='word_1_225' title='bbox 1332 3228 1501 3311; x_wconf 89' lang='lat' dir='ltr'><strong>quod</strong></span> <span class='ocrx_word' id='word_1_226' title='bbox 1538 3234 1640 3294; x_wconf 87' lang='lat' dir='ltr'><strong>est</strong></span> <span class='ocrx_word' id='word_1_227' title='bbox 1676 3233 1894 3296; x_wconf 86' lang='lat' dir='ltr'><strong>contra</strong></span> <span class='ocrx_word' id='word_1_228' title='bbox 1929 3233 2191 3294; x_wconf 88' lang='lat' dir='ltr'><strong>naturae</strong></span> <span class='ocrx_word' id='word_1_229' title='bbox 2227 3246 2419 3293; x_wconf 87' lang='lat' dir='ltr'><strong>usum</strong></span> <span class='ocrx_word' id='word_1_230' title='bbox 2457 3224 2841 3291; x_wconf 83' lang='lat' dir='ltr'><strong>mortalibus</strong></span> <span class='ocrx_word' id='word_1_231' title='bbox 2873 3257 2924 3295; x_wconf 72' lang='grc' dir='ltr'><strong>ιε,</strong></span> 
     </span>
     <span class='ocr_line' id='line_1_27' title="bbox 549 3321 2840 3419; baseline 0 -25"><span class='ocrx_word' id='word_1_232' title='bbox 549 3335 793 3408; x_wconf 85' lang='lat' dir='ltr'><strong>notum,</strong></span> <span class='ocrx_word' id='word_1_233' title='bbox 841 3351 958 3397; x_wconf 87' lang='lat' dir='ltr'><strong>nec</strong></span> <span class='ocrx_word' id='word_1_234' title='bbox 1003 3353 1118 3399; x_wconf 89' lang='lat' dir='ltr'><strong>nos</strong></span> <span class='ocrx_word' id='word_1_235' title='bbox 1146 3321 1467 3419; x_wconf 58' lang='lat' dir='ltr'><strong>&#39;negamus</strong></span> <span class='ocrx_word' id='word_1_236' title='bbox 1506 3385 1521 3400; x_wconf 89' lang='lat'><strong>.</strong></span> <span class='ocrx_word' id='word_1_237' title='bbox 1564 3337 1734 3402; x_wconf 87' lang='lat' dir='ltr'><strong>sicut</strong></span> <span class='ocrx_word' id='word_1_238' title='bbox 1766 3336 1930 3400; x_wconf 92' lang='lat' dir='ltr'><strong>illud</strong></span> <span class='ocrx_word' id='word_1_239' title='bbox 1969 3339 2088 3414; x_wconf 81' lang='lat' dir='ltr'><strong>est,</strong></span> <span class='ocrx_word' id='word_1_240' title='bbox 2128 3333 2298 3416; x_wconf 90' lang='lat' dir='ltr'><strong>quod</strong></span> <span class='ocrx_word' id='word_1_241' title='bbox 2337 3332 2669 3416; x_wconf 88' lang='lat' dir='ltr'><strong>apostolus</strong></span> <span class='ocrx_word' id='word_1_242' title='bbox 2708 3331 2840 3396; x_wconf 87' lang='lat' dir='ltr'><strong>ait:</strong></span> 
     </span>
     <span class='ocr_line' id='line_1_28' title="bbox 552 3437 2840 3508; baseline 0 -8"><span class='ocrx_word' id='word_1_243' title='bbox 552 3437 615 3500; x_wconf 91' lang='lat' dir='ltr'><strong>si</strong></span> <span class='ocrx_word' id='word_1_244' title='bbox 663 3440 743 3501; x_wconf 90' lang='lat' dir='ltr'><strong>tu</strong></span> <span class='ocrx_word' id='word_1_245' title='bbox 792 3457 871 3501; x_wconf 84' lang='lat' dir='ltr'><strong>ex</strong></span> <span class='ocrx_word' id='word_1_246' title='bbox 922 3440 1257 3504; x_wconf 88' lang='lat' dir='ltr'><strong>naturali</strong></span> <span class='ocrx_word' id='word_1_247' title='bbox 1302 3443 1597 3508; x_wconf 89' lang='lat' dir='ltr'><strong>incisus</strong></span> <span class='ocrx_word' id='word_1_248' title='bbox 1659 3445 1992 3508; x_wconf 87' lang='lat' dir='ltr'><strong>oleastro</strong></span> <span class='ocrx_word' id='word_1_249' title='bbox 2051 3442 2119 3506; x_wconf 89' lang='lat' dir='ltr'><strong>ei</strong></span> <span class='ocrx_word' id='word_1_250' title='bbox 2177 3443 2440 3506; x_wconf 88' lang='lat' dir='ltr'><strong>contra</strong></span> <span class='ocrx_word' id='word_1_251' title='bbox 2493 3441 2840 3502; x_wconf 85' lang='lat' dir='ltr'><strong>naturam</strong></span> 
     </span>
    </p>
   </div>
   <div class='ocr_carea' id='block_1_3' title="bbox 724 3683 1680 3752">
    <p class='ocr_par' dir='ltr' id='par_1_4' title="bbox 724 3683 1680 3752">
     <span class='ocr_line' id='line_1_29' title="bbox 724 3683 1680 3752; baseline 0.007 -17"><span class='ocrx_word' id='word_1_252' title='bbox 724 3683 759 3736; x_wconf 85' lang='lat'><strong>3</strong></span> <span class='ocrx_word' id='word_1_253' title='bbox 797 3683 863 3736; x_wconf 84' lang='lat' dir='ltr'><strong>cf.</strong></span> <span class='ocrx_word' id='word_1_254' title='bbox 893 3684 1006 3738; x_wconf 91' lang='lat' dir='ltr'><strong>Ioh.</strong></span> <span class='ocrx_word' id='word_1_255' title='bbox 1046 3686 1079 3738; x_wconf 89' lang='lat'><strong>9</strong></span> <span class='ocrx_word' id='word_1_256' title='bbox 1188 3687 1256 3740; x_wconf 87' lang='grc'><strong>27</strong></span> <span class='ocrx_word' id='word_1_257' title='bbox 1294 3687 1448 3740; x_wconf 85' lang='lat' dir='ltr'><strong>Rom.</strong></span> <span class='ocrx_word' id='word_1_258' title='bbox 1488 3690 1571 3752; x_wconf 84' lang='lat'><strong>11,</strong></span> <span class='ocrx_word' id='word_1_259' title='bbox 1611 3689 1680 3742; x_wconf 81' lang='lat'><strong>24</strong></span> 
     </span>
    </p>
   </div>
   <div class='ocr_carea' id='block_1_4' title="bbox 545 3852 2842 4470">
    <p class='ocr_par' dir='ltr' id='par_1_5' title="bbox 545 3852 2842 4470">
     <span class='ocr_line' id='line_1_30' title="bbox 626 3852 2840 3938; baseline -0 -24"><span class='ocrx_word' id='word_1_260' title='bbox 626 3861 649 3914; x_wconf 95' lang='lat'>1</span> <span class='ocrx_word' id='word_1_261' title='bbox 704 3877 833 3932; x_wconf 83' lang='lat' dir='ltr'><strong>erga</strong></span> <span class='ocrx_word' id='word_1_262' title='bbox 880 3863 961 3916; x_wconf 84' lang='lat' dir='ltr'><strong>ed.</strong></span> <span class='ocrx_word' id='word_1_263' title='bbox 1008 3863 1240 3918; x_wconf 78' lang='lat' dir='ltr'><strong>Mam-..-</strong></span> <span class='ocrx_word' id='word_1_264' title='bbox 1288 3881 1415 3936; x_wconf 87' lang='lat' dir='ltr'><strong>ergo</strong></span> <span class='ocrx_word' id='word_1_265' title='bbox 1473 3867 1565 3921; x_wconf 77' lang='lat' dir='ltr'><strong>lib.</strong></span> <span class='ocrx_word' id='word_1_266' title='bbox 1616 3867 1658 3938; x_wconf 37' lang='lat' dir='ltr'><strong>b,</strong></span> <span class='ocrx_word' id='word_1_267' title='bbox 1799 3867 1982 3936; x_wconf 86' lang='lat' dir='ltr'><strong>huius]</strong></span> <span class='ocrx_word' id='word_1_268' title='bbox 2028 3852 2120 3919; x_wconf 62' lang='lat' dir='ltr'><strong>iffi</strong></span> <span class='ocrx_word' id='word_1_269' title='bbox 2163 3863 2263 3919; x_wconf 77' lang='lat' dir='ltr'><strong>SG</strong></span> <span class='ocrx_word' id='word_1_270' title='bbox 2443 3862 2478 3915; x_wconf 84' lang='lat'>2</span> <span class='ocrx_word' id='word_1_271' title='bbox 2527 3877 2718 3916; x_wconf 76' lang='lat' dir='ltr'><strong>caecus</strong></span> <span class='ocrx_word' id='word_1_272' title='bbox 2765 3859 2840 3913; x_wconf 90' lang='lat' dir='ltr'><strong>P¹</strong></span> 
     </span>
     <span class='ocr_line' id='line_1_31' title="bbox 550 3949 2838 4026; baseline 0 -24"><span class='ocrx_word' id='word_1_273' title='bbox 550 3966 581 4002; x_wconf 85' lang='lat' dir='ltr'><strong>a</strong></span> <span class='ocrx_word' id='word_1_274' title='bbox 620 3949 719 4004; x_wconf 87' lang='lat' dir='ltr'><strong>deo</strong></span> <span class='ocrx_word' id='word_1_275' title='bbox 758 3951 790 4005; x_wconf 87' lang='lat' dir='ltr'><strong><em>b</em></strong></span> <span class='ocrx_word' id='word_1_276' title='bbox 934 3953 1083 4007; x_wconf 91' lang='lat' dir='ltr'><strong>iudei</strong></span> <span class='ocrx_word' id='word_1_277' title='bbox 1126 3953 1173 4008; x_wconf 85' lang='lat'><em>0</em></span> <span class='ocrx_word' id='word_1_278' title='bbox 1276 3957 1307 4008; x_wconf 88' lang='grc'><strong>6</strong></span> <span class='ocrx_word' id='word_1_279' title='bbox 1346 3971 1644 4026; x_wconf 84' lang='lat' dir='ltr'><strong>conpagem</strong></span> <span class='ocrx_word' id='word_1_280' title='bbox 1680 3956 1947 4012; x_wconf 78' lang='lat' dir='ltr'><strong>redditam</strong></span> <span class='ocrx_word' id='word_1_281' title='bbox 1987 3953 2322 4010; x_wconf 76' lang='lat' dir='ltr'><strong><em>S¹LPGMb</em></strong></span> <span class='ocrx_word' id='word_1_282' title='bbox 2441 3953 2476 4006; x_wconf 89' lang='grc'>8</span> <span class='ocrx_word' id='word_1_283' title='bbox 2515 3951 2750 4022; x_wconf 81' lang='lat' dir='ltr'><strong>quiduae</strong></span> <span class='ocrx_word' id='word_1_284' title='bbox 2787 3950 2838 4002; x_wconf 91' lang='lat' dir='ltr'><em>L</em></span> 
     </span>
     <span class='ocr_line' id='line_1_32' title="bbox 552 4037 2838 4115; baseline 0.001 -25"><span class='ocrx_word' id='word_1_285' title='bbox 552 4039 619 4091; x_wconf 89' lang='grc'><strong>12</strong></span> <span class='ocrx_word' id='word_1_286' title='bbox 652 4039 859 4094; x_wconf 87' lang='lat' dir='ltr'><strong>inlesus</strong></span> <span class='ocrx_word' id='word_1_287' title='bbox 902 4041 951 4096; x_wconf 81' lang='lat'><em>0</em></span> <span class='ocrx_word' id='word_1_288' title='bbox 1083 4043 1148 4097; x_wconf 86' lang='lat'><strong>13</strong></span> <span class='ocrx_word' id='word_1_289' title='bbox 1185 4043 1405 4099; x_wconf 74' lang='lat' dir='ltr'><strong>sublimi</strong></span> <span class='ocrx_word' id='word_1_290' title='bbox 1444 4045 1485 4112; x_wconf 93' lang='lat' dir='ltr'><strong>(i</strong></span> <span class='ocrx_word' id='word_1_291' title='bbox 1521 4047 1605 4113; x_wconf 74' lang='lat' dir='ltr'><strong>fin</strong></span> <span class='ocrx_word' id='word_1_292' title='bbox 1637 4045 1702 4100; x_wconf 76' lang='lat' dir='ltr'><strong>in</strong></span> <span class='ocrx_word' id='word_1_293' title='bbox 1735 4047 1872 4115; x_wconf 82' lang='lat' dir='ltr'><strong>ras.)</strong></span> <span class='ocrx_word' id='word_1_294' title='bbox 1908 4044 1984 4097; x_wconf 82' lang='lat' dir='ltr'><strong><em>M</em></strong></span> <span class='ocrx_word' id='word_1_295' title='bbox 2120 4049 2357 4110; x_wconf 74' lang='lat' dir='ltr'><strong>monllre</strong></span> <span class='ocrx_word' id='word_1_296' title='bbox 2395 4041 2470 4096; x_wconf 80' lang='lat' dir='ltr'><strong><em>M</em></strong></span> <span class='ocrx_word' id='word_1_297' title='bbox 2607 4037 2838 4110; x_wconf 85' lang='lat' dir='ltr'><strong>precipi-</strong></span> 
     </span>
     <span class='ocr_line' id='line_1_33' title="bbox 546 4129 2838 4205; baseline 0.003 -23"><span class='ocrx_word' id='word_1_298' title='bbox 546 4133 697 4183; x_wconf 80' lang='lat' dir='ltr'><strong>tatus</strong></span> <span class='ocrx_word' id='word_1_299' title='bbox 740 4129 787 4184; x_wconf 82' lang='grc' dir='ltr'><em>Ο</em></span> <span class='ocrx_word' id='word_1_300' title='bbox 892 4134 999 4186; x_wconf 81' lang='lat'><strong>·14·</strong></span> <span class='ocrx_word' id='word_1_301' title='bbox 1035 4149 1172 4202; x_wconf 89' lang='lat' dir='ltr'><strong>quur</strong></span> <span class='ocrx_word' id='word_1_302' title='bbox 1206 4131 1261 4186; x_wconf 88' lang='lat' dir='ltr'><strong><em>L</em></strong></span> <span class='ocrx_word' id='word_1_303' title='bbox 1404 4136 1567 4189; x_wconf 83' lang='lat' dir='ltr'><strong>etiam</strong></span> <span class='ocrx_word' id='word_1_304' title='bbox 1607 4137 1672 4205; x_wconf 88' lang='lat' dir='ltr'><strong>(ti</strong></span> <span class='ocrx_word' id='word_1_305' title='bbox 1707 4149 1750 4189; x_wconf 80' lang='lat' dir='ltr'><strong>s.</strong></span> <span class='ocrx_word' id='word_1_306' title='bbox 1791 4135 1850 4202; x_wconf 86' lang='lat' dir='ltr'><strong>l.)</strong></span> <span class='ocrx_word' id='word_1_307' title='bbox 1895 4135 1941 4188; x_wconf 88' lang='lat' dir='ltr'><em>C</em></span> <span class='ocrx_word' id='word_1_308' title='bbox 2094 4135 2162 4188; x_wconf 87' lang='lat'><strong>15</strong></span> <span class='ocrx_word' id='word_1_309' title='bbox 2199 4133 2326 4202; x_wconf 84' lang='lat' dir='ltr'><strong>quia</strong></span> <span class='ocrx_word' id='word_1_310' title='bbox 2363 4132 2405 4198; x_wconf 93' lang='lat' dir='ltr'><strong>(i</strong></span> <span class='ocrx_word' id='word_1_311' title='bbox 2439 4149 2484 4187; x_wconf 80' lang='grc' dir='ltr'><strong>ε.</strong></span> <span class='ocrx_word' id='word_1_312' title='bbox 2522 4132 2560 4185; x_wconf 81' lang='grc'><strong>1.</strong></span> <span class='ocrx_word' id='word_1_313' title='bbox 2600 4131 2731 4185; x_wconf 81' lang='lat' dir='ltr'><strong>add.</strong></span> <span class='ocrx_word' id='word_1_314' title='bbox 2769 4145 2838 4188; x_wconf 71' lang='lat' dir='ltr'><strong>m.</strong></span> 
     </span>
     <span class='ocr_line' id='line_1_34' title="bbox 545 4217 2837 4294; baseline 0 -21"><span class='ocrx_word' id='word_1_315' title='bbox 545 4221 672 4286; x_wconf 77' lang='lat' dir='ltr'><strong>rec.)</strong></span> <span class='ocrx_word' id='word_1_316' title='bbox 718 4221 836 4276; x_wconf 55' lang='grc' dir='ltr'><strong>(ΔΙ,Ι</strong></span> <span class='ocrx_word' id='word_1_317' title='bbox 948 4217 1016 4276; x_wconf 87' lang='grc'><strong>16</strong></span> <span class='ocrx_word' id='word_1_318' title='bbox 1054 4222 1337 4294; x_wconf 70' lang='lat' dir='ltr'><strong>dialectice</strong></span> <span class='ocrx_word' id='word_1_319' title='bbox 1374 4223 1530 4279; x_wconf 74' lang='lat' dir='ltr'><strong>LSG</strong></span> <span class='ocrx_word' id='word_1_320' title='bbox 1564 4224 1883 4278; x_wconf 60' lang='lat' dir='ltr'><strong>dialecticnxe</strong></span> <span class='ocrx_word' id='word_1_321' title='bbox 1922 4227 1975 4288; x_wconf 84' lang='lat' dir='ltr'><strong>(a</strong></span> <span class='ocrx_word' id='word_1_322' title='bbox 2011 4239 2054 4277; x_wconf 80' lang='lat' dir='ltr'><strong>s.</strong></span> <span class='ocrx_word' id='word_1_323' title='bbox 2095 4223 2129 4277; x_wconf 83' lang='lat' dir='ltr'><strong>l.</strong></span> <span class='ocrx_word' id='word_1_324' title='bbox 2152 4243 2165 4287; x_wconf 85' lang='lat'>3</span> <span class='ocrx_word' id='word_1_325' title='bbox 2187 4221 2238 4275; x_wconf 81' lang='lat' dir='ltr'><strong>&#39;a</strong></span> <span class='ocrx_word' id='word_1_326' title='bbox 2274 4225 2368 4289; x_wconf 83' lang='lat' dir='ltr'><strong>er.)</strong></span> <span class='ocrx_word' id='word_1_327' title='bbox 2409 4221 2478 4274; x_wconf 77' lang='lat' dir='ltr'><em>M</em></span> <span class='ocrx_word' id='word_1_328' title='bbox 2596 4221 2664 4275; x_wconf 86' lang='lat'><strong>17</strong></span> <span class='ocrx_word' id='word_1_329' title='bbox 2699 4236 2837 4274; x_wconf 87' lang='lat' dir='ltr'><strong>mor-</strong></span> 
     </span>
     <span class='ocr_line' id='line_1_35' title="bbox 546 4303 2842 4382; baseline 0 -21"><span class='ocrx_word' id='word_1_330' title='bbox 546 4317 675 4362; x_wconf 77' lang='lat' dir='ltr'><strong>tuus</strong></span> <span class='ocrx_word' id='word_1_331' title='bbox 714 4313 824 4378; x_wconf 79' lang='lat' dir='ltr'><strong>(pr.</strong></span> <span class='ocrx_word' id='word_1_332' title='bbox 864 4327 898 4364; x_wconf 91' lang='lat' dir='ltr'><strong>u</strong></span> <span class='ocrx_word' id='word_1_333' title='bbox 932 4327 977 4364; x_wconf 82' lang='lat' dir='ltr'><strong>s.</strong></span> <span class='ocrx_word' id='word_1_334' title='bbox 1016 4312 1073 4376; x_wconf 80' lang='lat' dir='ltr'><strong>l.)</strong></span> <span class='ocrx_word' id='word_1_335' title='bbox 1115 4311 1169 4364; x_wconf 89' lang='lat' dir='ltr'><em>L</em></span> <span class='ocrx_word' id='word_1_336' title='bbox 1312 4314 1379 4367; x_wconf 87' lang='grc'><strong>19</strong></span> <span class='ocrx_word' id='word_1_337' title='bbox 1423 4313 1559 4382; x_wconf 82' lang='lat' dir='ltr'><strong>Cap.</strong></span> <span class='ocrx_word' id='word_1_338' title='bbox 1595 4313 1674 4368; x_wconf 87' lang='lat' dir='ltr'><strong>LI</strong></span> <span class='ocrx_word' id='word_1_339' title='bbox 1707 4303 1982 4368; x_wconf 79' lang='lat' dir='ltr'><strong><em>LPSMG</em></strong></span> <span class='ocrx_word' id='word_1_340' title='bbox 2145 4313 2260 4382; x_wconf 65' lang='grc' dir='ltr'><strong>Αξτ</strong></span> <span class='ocrx_word' id='word_1_341' title='bbox 2295 4309 2351 4364; x_wconf 88' lang='lat' dir='ltr'><strong><em>L</em></strong></span> <span class='ocrx_word' id='word_1_342' title='bbox 2505 4326 2636 4363; x_wconf 85' lang='lat' dir='ltr'><strong>enoc</strong></span> <span class='ocrx_word' id='word_1_343' title='bbox 2673 4307 2842 4363; x_wconf 79' lang='lat' dir='ltr'><strong>LGM</strong></span> 
     </span>
     <span class='ocr_line' id='line_1_36' title="bbox 550 4391 2518 4470; baseline 0.001 -19"><span class='ocrx_word' id='word_1_344' title='bbox 550 4399 615 4452; x_wconf 87' lang='grc'><strong>21</strong></span> <span class='ocrx_word' id='word_1_345' title='bbox 656 4397 857 4465; x_wconf 82' lang='lat' dir='ltr'><strong>locata]</strong></span> <span class='ocrx_word' id='word_1_346' title='bbox 892 4391 1025 4453; x_wconf 62' lang='lat' dir='ltr'><strong>loca&#39;</strong></span> <span class='ocrx_word' id='word_1_347' title='bbox 1048 4399 1268 4464; x_wconf 87' lang='lat' dir='ltr'><strong>LS¹G¹,</strong></span> <span class='ocrx_word' id='word_1_348' title='bbox 1308 4405 1388 4463; x_wconf 81' lang='lat' dir='ltr'><strong>(ta</strong></span> <span class='ocrx_word' id='word_1_349' title='bbox 1425 4401 1556 4455; x_wconf 75' lang='lat' dir='ltr'><strong>aad.</strong></span> <span class='ocrx_word' id='word_1_350' title='bbox 1595 4418 1664 4455; x_wconf 86' lang='lat' dir='ltr'><strong>m.</strong></span> <span class='ocrx_word' id='word_1_351' title='bbox 1703 4404 1752 4468; x_wconf 91' lang='lat'><strong>1)</strong></span> <span class='ocrx_word' id='word_1_352' title='bbox 1781 4399 1857 4453; x_wconf 82' lang='lat' dir='ltr'><em>M</em></span> <span class='ocrx_word' id='word_1_353' title='bbox 1963 4401 2031 4466; x_wconf 76' lang='grc'><strong>22</strong></span> <span class='ocrx_word' id='word_1_354' title='bbox 2069 4401 2395 4470; x_wconf 84' lang='lat' dir='ltr'><strong>suscipiatur</strong></span> <span class='ocrx_word' id='word_1_355' title='bbox 2433 4399 2518 4453; x_wconf 69' lang='grc' dir='ltr'><strong>Μ·</strong></span> 
     </span>
    </p>
   </div>
  </div>
 </body>
</html>
