3159 4984
859 479 951 534 VI.
1009 479 1294 534 Contra
1351 479 1721 533 Faustum
1776 479 1907 533 lib.
1964 479 2137 533 XXII.
2526 483 2655 546 641

357 675 575 738 filius
633 678 880 737 autem
940 674 1274 738 hominis
1331 693 1472 738 non
1531 673 1779 748 habet,
1828 674 1955 737 ubi
2006 677 2233 756 caput
2288 693 2504 738 suum
2560 693 2661 738 re-

359 781 616 846 clinet.
684 780 946 846 uidebat
1003 781 1170 844 enim
1230 801 1376 845 eum
1426 780 1649 845 dolosa
1695 780 2099 846 simulatione
2145 781 2551 846 tenebrosum
2600 784 2665 846 et

358 891 626 952 uentosa
675 888 948 953 elatione
996 889 1304 952 iactatum
1353 907 1476 952 non
1525 888 1756 952 habere
1814 887 1975 964 fidei,
2015 888 2251 954 locum.
2300 887 2412 953 ubi
2457 907 2525 953 se
2572 888 2664 952 in-

361 995 702 1058 clinantem
760 994 1081 1058 doctorem
1138 993 1524 1057 humilitatis
1583 993 1915 1077 exciperet,
1975 994 2121 1076 quia
2166 994 2231 1058 in
2279 994 2663 1078 discipulatu

292 1115 318 1152 5
363 1101 598 1166 Christi
645 1120 767 1165 non
815 1100 992 1164 illius
1041 1100 1331 1183 gratiam,
1383 1099 1498 1164 sed
1545 1119 1727 1164 suam
1775 1101 2043 1184 gloriam
2099 1101 2475 1184 requirebat.
2542 1102 2664 1166 hoc

361 1227 570 1274 amore
637 1208 872 1292 gloriae
940 1209 1219 1291 corrupti
1285 1210 1480 1286 erant,
1550 1227 1711 1291 quos
1766 1207 2005 1272 Paulus
2072 1209 2400 1290 apostolus
2462 1211 2662 1287 notat,

359 1315 527 1396 quod
591 1334 704 1398 per
764 1314 1072 1378 inuidiam
1130 1317 1195 1378 et
1251 1315 1719 1380 contentionem
1774 1333 1899 1378 non
1957 1317 2129 1380 caste
2178 1313 2502 1380 Christum
2558 1315 2663 1380 ad-

362 1421 760 1494 nuntiarent:
840 1421 1072 1504 quibus
1146 1425 1360 1486 tamen
1436 1421 1948 1505 praedicantibus
2023 1422 2259 1506 gaudet
2336 1423 2663 1505 apostolus

361 1529 566 1593 sciens
635 1529 772 1594 fieri
835 1547 1045 1613 posse,
1113 1531 1205 1606 ut,
1277 1529 1428 1592 dum
1492 1529 1593 1593 illi
1658 1532 1984 1593 sectantur
2047 1529 2359 1593 humanae
2425 1529 2663 1614 gloriae

267 1649 320 1688 ¹⁰
364 1635 796 1718 cupiditatem,
864 1639 1077 1700 tamen
1141 1635 1244 1700 his
1309 1635 1543 1700 auditis
1610 1636 1829 1699 fideles
1894 1637 2337 1714 nascerentur,
2403 1655 2527 1700 non
2592 1655 2665 1700 ex

361 1760 578 1806 eorum
640 1741 858 1805 inuida
923 1740 1306 1823 cupiditate,
1376 1759 1501 1822 qua
1567 1759 1636 1806 se
1701 1741 2005 1805 uolebant
2068 1741 2174 1804 uel
2238 1741 2493 1822 aequari
2555 1743 2664 1806 1101

359 1847 656 1929 anteponi
703 1847 1089 1930 apostolicae
1138 1846 1396 1930 gloriae,
1440 1847 1554 1911 sed
1592 1866 1703 1930 per
1740 1847 2165 1930 euangelium,
2205 1847 2374 1928 quod
2413 1848 2664 1912 etiamsi

357 1974 482 2018 non
531 1956 725 2030 caste,
773 1955 983 2018 tamen
1035 1952 1511 2032 adnuntiabant,
1552 1957 1628 2017 ut
1674 1953 1751 2017 de
1794 1954 1964 2019 malo
2008 1953 2267 2018 illorum
2316 1953 2471 2019 deus
2520 1974 2662 2038 ope-

357 2063 602 2124 raretur
663 2061 940 2134 bonum;
1011 2059 1180 2124 sicut
1243 2060 1380 2124 fieri
1448 2063 1682 2144 potest,
1742 2062 1817 2124 ut
1868 2060 2059 2125 homo
2119 2061 2197 2124 ad
2254 2061 2661 2126 concubitum

267 2180 320 2219 1⁵
357 2186 480 2230 non
545 2165 938 2250 ingrediatur
999 2167 1334 2232 uoluntate
1399 2167 1761 2252 generandi,
1820 2167 1934 2232 sed
1987 2167 2347 2232 luxuriandi
2400 2167 2662 2232 libidine

357 2273 641 2355 rapiatur
688 2277 754 2338 et
797 2276 1011 2338 tamen
1058 2255 1358 2340 nascatur
1403 2277 1617 2342 homo,
1675 2275 1914 2340 bonum
1972 2275 2072 2340 dei
2120 2295 2278 2358 opus
2306 2263 2403 2340 'de
2450 2275 2665 2340 fecun-

360 2379 557 2444 ditate
597 2381 932 2460 seminum,
973 2402 1095 2447 non
1137 2381 1213 2446 de
1249 2382 1649 2466 turpitudine
1686 2383 2011 2448 uitiorum.
2062 2383 2231 2448 sicut
2267 2402 2415 2467 ergo
2452 2384 2656 2447 sancti

360 2487 633 2569 apostoli
679 2488 1074 2554 auditoribus
1125 2487 1583 2554 admirantibus
1633 2490 1981 2555 doctrinam
2031 2509 2211 2554 suam
2273 2490 2661 2555 condelecta-

355 2594 588 2658 bantur
632 2614 759 2659 non
807 2595 1114 2659 auiditate
1163 2597 1643 2679 consequendae
1700 2597 1931 2676 laudiS,
1990 2597 2105 2662 sed
2162 2597 2420 2660 caritate
2478 2599 2663 2661 semi·

262 2713 322 2752 2⁰
361 2700 600 2764 nandae
658 2701 988 2766 ueritatis:
1054 2703 1146 2766 ita
1201 2703 1406 2768 sancti
1458 2704 1853 2786 patriarchae
1911 2703 2288 2787 coniugibus
2356 2703 2661 2786 excipien-

358 2806 531 2871 tibus
566 2826 780 2871 semen
815 2827 1004 2872 suum
1041 2809 1478 2872 miscebantur
1513 2830 1635 2875 non
1677 2810 2191 2893 concupiscentia
2223 2809 2659 2894 percipiendae

358 2913 730 2996 uoluptatis,
782 2914 894 2978 sed
940 2915 1342 2997 prouidentia
1397 2915 1840 2998 propagandae
1898 2915 2364 2990 successionis;
2426 2935 2497 2980 ac
2552 2937 2663 2999 per

359 3018 478 3084 hoc
525 3039 641 3084 nec
686 3020 835 3085 illos
884 3021 1259 3086 ambitiosos
1304 3021 1657 3086 multitudo
1696 3023 2077 3106 populorum
2116 3041 2232 3086 nec
2268 3022 2417 3088 illos
2454 3023 2662 3087 libidi-

355 3145 548 3190 nosos
603 3125 952 3192 multitudo
1007 3126 1283 3191 faciebat
1335 3146 1623 3193 uxorum.
1690 3127 1805 3191 sed
1861 3127 2013 3210 quid
2069 3127 2145 3192 de
2203 3127 2358 3192 uiris
2413 3129 2657 3212 loquar,

259 3243 319 3284 2⁵
361 3233 591 3314 quibus
640 3233 1244 3298 excellentissimum
1291 3233 1732 3299 testimonium
1790 3234 2005 3298 diuina
2057 3254 2217 3300 uoce
2272 3235 2657 3318 perhibetur,

359 3358 502 3403 cum
549 3340 721 3422 ipsas
767 3339 1035 3405 feminas
1084 3340 1242 3405 satis
1291 3341 1542 3405 eluceat
1586 3341 1746 3405 nihil
1802 3340 1979 3405 aliud
2033 3341 2097 3405 in
2156 3343 2495 3406 concubitu
2528 3343 2657 3408 ,ad-

356 3445 596 3528 petisse
643 3465 832 3528 quam
879 3447 1100 3513 filios?
1168 3448 1398 3531 quippe
1457 3448 1567 3513 ubi
1626 3467 1694 3513 se
1749 3447 2011 3512 minime
2067 3467 2283 3531 parere
2338 3448 2655 3526 uiderunt,

357 3551 628 3618 famulas
677 3571 825 3617 suas
865 3553 1176 3618 dederunt
1211 3555 1347 3619 uiro
1389 3574 1527 3632 suo,
1567 3558 1643 3619 ut
1678 3555 1822 3619 illas
1860 3557 2095 3620 matres
2134 3555 2414 3620 facerent
2451 3575 2655 3636 carne,

354 3658 530 3741 ipsae
577 3659 800 3723 fierent
846 3660 1200 3725 uoluntate.

534 3868 567 3922 8
607 3866 672 3924 cf.
709 3865 852 3920 Phil.
893 3869 941 3932 1,
983 3869 1043 3921 15
1087 3885 1205 3938 sqq.

428 4037 461 4088 2
489 4035 702 4090 dolosa*
732 4038 780 4104 (s
811 4037 904 4106 er.)
935 4037 1008 4089 M
1111 4003 1453 4102 simsslatione
1483 4037 1642 4108 (corr.
1674 4053 1736 4090 ex
1765 4035 2103 4104 imolatione)
2125 4035 2199 4088 M
2282 4037 2315 4089 3
2343 4033 2559 4091 haber&
2578 4035 2647 4090 L¹

357 4123 388 4174 7
448 4122 864 4190 contemtionem
922 4127 1010 4194 (m.
1072 4126 1097 4175 1
1149 4140 1268 4192 erp.
1326 4141 1392 4178 ex
1445 4142 1500 4177 m
1545 4125 1656 4192 sec.
1714 4127 1770 4192 n)
1836 4123 1883 4178 C
2058 4123 2091 4176 8
2148 4121 2549 4192 predicantibus
2612 4127 2659 4178 (1'

353 4213 388 4265 9
437 4213 520 4265 1111
569 4217 616 4282 (8
665 4215 758 4279 er.)
805 4213 852 4267 C
992 4216 1274 4266 sectantur
1318 4214 1372 4282 (n
1418 4230 1462 4267 8.
1513 4213 1571 4282 l.)
1620 4215 1665 4268 C
1846 4215 1910 4267 11
1958 4212 2169 4283 inuidia
2209 4215 2357 4281 (exp.
2394 4229 2463 4266 m.
2502 4217 2563 4276 2)
2602 4213 2659 4266 L

355 4301 422 4354 12
443 4301 888 4372 euuangeliumC
951 4301 1017 4355 13
1039 4302 1442 4371 operatreturC
1501 4302 1974 4356 15luxorianrliL1
2043 4303 2109 4357 16
2128 4300 2655 4370 bonum]bonusSG

357 4390 422 4442 17
443 4406 570 4461 ergo
595 4392 828 4458 (iuras.)
857 4391 904 4444 C
991 4390 1060 4442 22
1097 4389 1464 4460 prouidentia*
1484 4394 1536 4457 (e
1559 4395 1650 4458 er.)
1676 4391 1721 4446 S
1818 4390 1889 4445 28
1917 4408 2041 4445 suas
2070 4408 2172 4447 om.
2200 4389 2247 4444 0
2388 4406 2581 4444 carnae
2600 4389 2651 4446 L

463 4513 593 4554 XXV.
621 4513 742 4564 Aug.
773 4519 884 4554 sect.
913 4513 952 4554 6.
2364 4495 2432 4550 41
