3159 4984
427 454 555 516 628
1111 449 1162 501 S.
1219 447 1513 500 Aureli
1571 447 2043 514 Augustini

517 645 620 707 34.
697 642 1008 708 Nonnulli
1083 642 1338 724 quidem
1415 661 1538 706 non
1615 642 1993 706 calumniosi
2068 643 2132 706 et
2195 641 2493 706 maledici
2556 640 2739 706 sicut

425 751 728 828 Faustus,
778 749 890 814 sed
938 751 1178 814 eisdem
1224 749 1406 814 libris
1453 750 1758 814 honorem
1806 749 2095 814 debitum
2144 749 2517 820 deferentes,
2566 767 2737 831 quos

425 859 550 924 iste
597 857 706 922 uel
751 876 877 922 non
922 856 1355 940 intellegendo
1411 855 1819 938 reprehendit
1871 857 1979 919 uel
2034 855 2547 938 reprehendendo
2602 874 2735 918 non

423 965 764 1049 intellegit,
814 983 957 1028 cum
1009 965 1128 1028 hoc
1174 963 1462 1027 Abrahae
1508 963 1751 1027 factum
1810 962 2299 1040 considerarent,
2356 963 2571 1027 uisum
2630 965 2741 1025 est

428 1069 542 1148 eis,
612 1069 781 1152 quod
849 1089 885 1132 a
943 1071 1240 1134 firmitate
1297 1070 1444 1134 fidei
1499 1069 1931 1134 subdefecerit
1984 1072 2175 1151 atque
2232 1069 2613 1132 titubauerit
2670 1073 2741 1132 et
2814 1081 2853 1120 5

429 1177 660 1241 timore
689 1178 918 1241 mortis
949 1176 1120 1242 sicut
1149 1177 1475 1241 dominum
1503 1177 1756 1254 Petrus,
1796 1176 1887 1240 ita
1922 1176 2045 1240 iste
2084 1176 2415 1259 negauerit
2450 1194 2739 1240 uxorem.

430 1282 603 1366 quod
637 1283 693 1348 si
738 1283 830 1346 ita.
867 1302 1128 1348 necesse
1169 1287 1342 1348 esset
1373 1283 1681 1366 intellegi,
1720 1286 2061 1372 peccatum
2107 1282 2383 1347 hominis
2430 1301 2741 1366 agnosce-

425 1409 595 1466 rem;
666 1409 782 1454 nec
845 1389 989 1454 ideo
1058 1393 1286 1454 cuncta
1351 1389 1488 1454 eius
1553 1390 1783 1454 merita
1847 1390 2057 1453 deleta
2120 1392 2311 1471 atque
2368 1389 2744 1454 oblitterata

430 1515 776 1572 censerem,
828 1495 998 1560 sicut
1043 1515 1158 1559 nec
1205 1495 1381 1560 illius
1431 1496 1725 1578 apostoli.
1806 1514 2190 1578 quamquam
2241 1496 2431 1577 culpa
2473 1514 2598 1559 non
2648 1497 2745 1559 sit

429 1602 714 1686 aequalis
781 1622 1010 1686 negare
1063 1621 1319 1668 uxorem
1369 1604 1434 1666 et
1469 1621 1701 1686 negare
1740 1603 2143 1668 saluatorem.
2193 1620 2361 1667 nunc
2396 1621 2547 1668 uero
2588 1622 2742 1666 curn
2782 1619 2847 1656 ιο

432 1711 721 1786 habeam,
763 1709 932 1790 quod
971 1710 1361 1792 intellegam,
1401 1729 1479 1774 ne
1517 1710 1638 1774 hoc
1675 1710 2064 1793 intellegam,
2104 1711 2280 1774 nulla
2317 1729 2509 1774 causa
2544 1729 2747 1793 cogor

429 1815 792 1881 temeritate
859 1815 988 1879 labi
1055 1816 1134 1878 ad
1197 1817 1819 1898 reprehendendum,
1898 1835 2085 1899 quem
2152 1837 2336 1882 nemo
2414 1816 2747 1882 conuincit

431 1923 660 1988 timore
707 1922 957 2004 lapsum
1006 1922 1204 1987 fuisse
1253 1923 1332 1986 ad
1375 1922 1838 1988 mentiendum.
1889 1943 2090 2006 neque
2138 1924 2305 1988 enim
2343 1927 2555 1988 utrum
2598 1924 2745 1988 eius

430 2049 584 2095 uxor
641 2031 814 2094 esset
867 2029 1321 2112 interrogatus,
1381 2049 1504 2094 non
1562 2049 1703 2096 esse
1756 2031 2105 2114 respondit,
2164 2031 2276 2095 sed
2335 2050 2477 2095 cum
2536 2031 2613 2095 ab
2662 2052 2744 2096 eo

433 2142 858 2218 quaereretur,
910 2135 1063 2217 quid
1111 2136 1164 2200 ei
1219 2147 1393 2200 esset
1437 2136 1551 2200 illa
1596 2138 1845 2215 mulier,
1890 2137 2200 2202 indicauit
2256 2158 2553 2207 sororem.
2613 2160 2747 2204 non
2787 2145 2851 2183 ¹⁵

435 2243 698 2326 negauit
753 2263 1048 2308 uxorem:
1107 2245 1316 2309 tacuit
1370 2245 1614 2328 aliquid
1668 2245 1824 2321 ueri,
1884 2264 2005 2309 non
2065 2245 2223 2309 dixit
2276 2247 2517 2328 aliquid
2566 2246 2743 2310 falsi.

523 2352 627 2413 35.
687 2349 784 2414 An
832 2369 1036 2432 usque
1085 2350 1241 2415 adeo
1302 2351 1673 2434 desipimus,
1729 2354 1806 2414 ut
1860 2351 1963 2416 hic
2008 2351 2321 2416 Faustum
2377 2371 2744 2436 sequamur,

435 2457 544 2538 qui
582 2457 672 2520 ait
709 2475 990 2522 sororem
1025 2458 1372 2522 mentitum
1410 2459 1593 2540 quasi
1629 2477 1830 2543 genus
1864 2459 2053 2524 Sarae
2092 2459 2384 2524 alicunde
2424 2459 2745 2531 didicerit,

439 2581 585 2628 cum
631 2562 696 2626 id
747 2566 966 2628 sancta
1013 2563 1328 2647 scriptura
1373 2585 1494 2630 non
1545 2567 1914 2648 aperuerit?
1959 2571 2115 2648 puto
2162 2567 2404 2632 iustum
2456 2587 2617 2644 esse,
2668 2574 2751 2632 ut

434 2671 498 2734 'in
568 2688 642 2733 ea
685 2689 774 2747 re,
835 2689 1024 2755 quam
1081 2675 1345 2738 nouerat
1398 2673 1737 2751 Abraham,
1797 2692 1911 2738 nos
1970 2677 2183 2738 autem
2231 2694 2354 2740 non
2419 2675 2747 2750 nouimuS,
2784 2680 2851 2719 ²⁰

439 2775 832 2860 patriarchae
880 2775 1096 2859 potius
1146 2777 1474 2844 credamus
1521 2780 1828 2861 loquenti,
1878 2781 2048 2861 quod
2102 2781 2247 2859 scit,
2306 2800 2495 2863 quarn
2539 2781 2750 2846 Mani-

437 2883 633 2947 chaeo
675 2883 1053 2962 criminanti,
1095 2883 1265 2965 quod
1302 2885 1526 2949 nescit.
1579 2905 1726 2950 cum
1760 2887 1960 2970 igitur
1989 2886 2307 2951 Abraham
2346 2907 2419 2952 eo
2458 2891 2749 2971 tempore

444 2989 697 3052 uiueret
738 2989 805 3052 in
853 2989 1042 3053 rebus
1090 2989 1406 3069 humaniS,
1457 3011 1581 3073 quo
1632 2991 1885 3075 quidem
1934 2994 2060 3058 iam
2100 2996 2325 3059 fratres
2364 3015 2435 3059 ex
2472 2997 2751 3076 utroque

446 3098 558 3158 aut
623 3113 694 3158 ex
759 3096 956 3160 altero
1024 3097 1131 3160 uel
1196 3098 1394 3161 altera
1454 3103 1715 3181 parente
1780 3104 1963 3165 natos
2030 3103 2199 3166 necti
2267 3102 2561 3185 coniugio
2620 3121 2751 3166 non

440 3201 698 3278 licebat,
733 3201 899 3266 filios
931 3206 1145 3266 autem
1174 3203 1436 3268 fratrum
1471 3206 1757 3288 aliosque
1784 3207 2227 3290 longinquiore
2258 3209 2457 3292 gradu
2494 3209 2753 3292 generis
2788 3212 2849 3252 ²⁵

505 3550 512 3556 ⁸
625 3468 657 3520 6
697 3469 761 3521 cf.
799 3469 994 3524 Matth.
1035 3472 1120 3534 26,
1161 3471 1229 3524 70
1268 3489 1386 3543 sqq.

518 3644 550 3696 3
589 3641 877 3711 rephendit
897 3643 1042 3697 LGS
1164 3647 1713 3716 repraehendendoL
1748 3649 2128 3718 rephendendo
2155 3651 2203 3704 0
2306 3653 2341 3704 4
2378 3651 2477 3722 hec
2513 3653 2757 3708 abrahae

451 3731 650 3786 factum
688 3731 814 3784 PM
820 3732 915 3786 ¹6¹
954 3733 1052 3804 hec
1092 3735 1324 3789 abrahae
1363 3735 1508 3790 facta
1545 3736 1670 3792 5⁷6²
1814 3739 1848 3790 5
1884 3736 2248 3794 subdefecerit
2285 3741 2372 3810 (m.
2414 3744 2454 3795 2
2490 3739 2588 3796 sub
2629 3760 2737 3812 erp

415 3831 506 3892 ¹et
542 3837 637 3890 sue
673 3831 961 3890 superscr.)
1002 3823 1066 3878 8¹
1249 3826 1575 3880 ‘tituuauerit
1611 3827 1701 3879 Μ’
1910 3830 1943 3880 6
1983 3845 2016 3892 a
2052 3829 2248 3883 timore
2288 3829 2336 3884 S
2546 3832 2625 3885 ita
2666 3834 2763 3898 (in

447 3912 586 3972 ras.)
634 3908 688 3961 L
947 3911 1051 3982 iste
1099 3911 1172 3964 L¹
1425 3917 1654 3984 negauit
1698 3916 1786 3970 Lb
1847 3919 2063 3988 negarit
2124 3919 2172 3973 G
2220 3921 2505 3990 negauerit
2560 3920 2757 3976 SMG

421 3997 484 4044 ‘8
518 3998 898 4068 cunclicuncta
928 4001 971 4052 S
1188 4001 1401 4056 delens.
1438 4005 1485 4074 (c
1524 4009 1617 4068 er.)
1658 4005 1743 4070 M,
1786 4009 1908 4076 (sec.
1948 4025 1975 4061 e
2014 4026 2055 4062 s.
2097 4009 2155 4075 l.)
2188 4012 2240 4064 L
2429 4009 2761 4064 oblitterata.

455 4088 618 4154 (post.
658 4107 685 4140 τ
721 4103 766 4145 ε.
805 4089 870 4156 Ζ.)
915 4090 962 4142 0
1095 4092 1158 4145 11
1201 4093 1389 4146 abeam
1436 4093 1483 4147 0
1620 4111 1718 4148 nec
1756 4095 1858 4150 SG
2022 4097 2089 4151 12
2126 4096 2567 4166 rephendendum
2606 4097 2759 4152 CSG-

453 4190 622 4242 quaem
669 4176 717 4229 G
867 4178 932 4231 13
972 4179 1112 4232 enim
1152 4182 1219 4245 (3.
1262 4181 1296 4235 l.
1335 4199 1400 4234 m.
1445 4185 1504 4248 1)
1546 4183 1591 4236 (J
1747 4185 1811 4238 15
1850 4189 1995 4240 esset
2032 4188 2081 4240 ei
2120 4185 2221 4241 SG
2380 4186 2445 4240 18
2482 4203 2664 4241 sarrae
2703 4187 2763 4240 L

448 4261 700 4325 'alicunde
739 4265 786 4319 S
819 4266 1038 4320 aliunde
1078 4267 1109 4320 b
1221 4270 1286 4323 19
1326 4271 1403 4339 id]
1440 4271 1542 4324 hoc
1583 4273 1615 4325 b
1727 4275 1791 4326 21
1832 4275 2133 4344 patriarcae
2172 4275 2225 4328 L
2332 4275 2616 4329 manicheo
2656 4275 2767 4329 LO

454 4349 522 4402 ‘22
561 4367 667 4404 non
705 4353 810 4406 scit
847 4353 892 4405 G
998 4357 1067 4408 24
1105 4357 1276 4411 altero
1317 4361 1405 4424 (in
1439 4364 1580 4427 ras.)
1627 4361 1675 4415 G
1812 4364 1838 4415 l
1874 4364 2048 4417 altera
2083 4381 2126 4418 s.
2168 4366 2202 4418 l.
2246 4365 2289 4417 C
