3159 4984
428 364 560 427 296
1120 358 1173 411 S.
1231 356 1503 411 Aureli
1560 355 2000 425 Augustini

423 576 547 621 non
622 555 1069 620 aduersemur:
1143 572 1262 619 uos
1335 553 1462 616 iam
1539 551 1762 628 dicite,
1839 572 2030 635 quare
2094 552 2431 617 inmundas
2498 572 2714 619 carnes

424 661 824 728 existimetis.

516 770 575 835 8.
645 768 713 835 Si
778 769 1131 833 secundum
1201 786 1470 832 errorem
1539 772 1829 831 uestrum
1893 769 2152 851 propter
2205 766 2718 833 commixtionem

426 876 637 961 gentis
684 875 1085 940 tenebrarum
1135 894 1261 939 non
1311 892 1549 951 carnea,
1600 874 1712 939 sed
1755 872 1894 956 ipse
1931 874 2088 938 deus
2125 877 2342 939 uester
2375 874 2722 940 inmundus

428 986 529 1048 est
575 983 638 1047 in
688 1002 762 1046 ea
808 984 1009 1065 parte,
1058 1000 1249 1064 quam
1297 981 1482 1046 uelut
1528 980 1920 1045 debellandis
1971 985 2036 1045 et
2081 980 2478 1065 captiuandis
2522 980 2720 1046 hosti·
2781 1000 2808 1039 5

426 1090 548 1154 bus
618 1088 1075 1155 absorbendam
1142 1091 1207 1152 et
1270 1087 1722 1169 inquinandam
1787 1086 1966 1151 misit
2031 1092 2096 1151 et
2149 1086 2430 1164 miscuit,
2497 1087 2719 1152 deinde

423 1198 681 1280 propter
717 1195 923 1278 ipsam
962 1194 1476 1261 commixtionem
1515 1194 1708 1258 etiam
1749 1194 2051 1276 quicquid
2090 1193 2263 1258 aliud
2299 1194 2720 1265 manducatis,

422 1302 801 1367 inmundum
876 1306 994 1367 est.
1064 1302 1175 1366 sed
1236 1301 1485 1365 dicitis:
1553 1302 1758 1366 multo
1837 1300 2111 1384 amplius
2175 1300 2516 1367 inmundae
2573 1306 2722 1365 sunt

427 1428 667 1477 carnes,
736 1412 801 1473 et
848 1427 1039 1491 quare
1088 1408 1365 1490 amplius
1432 1407 1774 1471 inmundae
1823 1413 1974 1471 sunt
2030 1426 2248 1472 carnes
2304 1408 2568 1491 longum
2622 1412 2723 1471 est

426 1534 645 1580 eorum
722 1514 797 1579 de
864 1515 982 1578 hac
1046 1533 1113 1578 re
1180 1514 1593 1578 deliramenta
1660 1532 2183 1591 commemorare,
2261 1514 2372 1579 sed
2444 1514 2724 1578 breuiter
2760 1534 2810 1571 10

426 1621 772 1704 adtingam,
822 1620 989 1703 quod
1038 1623 1139 1685 sat
1187 1623 1303 1687 est.
1352 1624 1426 1686 ut
1472 1620 1891 1703 inspiciantur
1945 1620 2426 1703 reprehensores
2481 1620 2718 1685 ueteris

424 1727 797 1791 testamenti
845 1730 1023 1791 tanta
1070 1727 1383 1791 stultitiae
1430 1730 1756 1791 uetustate
1805 1726 2097 1804 confecti,
2155 1730 2230 1791 ut
2285 1727 2488 1791 carnis
2535 1745 2716 1791 accu-

425 1836 670 1900 satores
719 1834 853 1899 sine
903 1833 1035 1897 ulla
1082 1834 1355 1916 spiritali
1402 1834 1671 1898 ueritate
1731 1834 1934 1898 solam
1993 1851 2244 1899 carnem
2301 1853 2517 1917 sapere
2573 1852 2717 1899 con-

425 1939 785 2005 uincantur.
852 1940 1143 2005 fortassis
1210 1941 1380 2005 enim
1443 1940 1634 2024 paulo
1702 1940 2002 2023 prolixior
2063 1941 2190 2005 ista
2241 1939 2568 2025 responsio
2625 1940 2718 2003 sic

422 2045 737 2113 aduersus
798 2066 906 2113 eos
963 2047 1267 2112 lectorem
1321 2046 1617 2124 instruet,
1675 2050 1749 2110 ut
1801 2046 1863 2110 in
1923 2047 2150 2112 ceteris
2204 2045 2719 2129 responsionibus
2757 2065 2807 2103 ιε»

422 2173 546 2218 non
604 2172 640 2217 a
696 2153 877 2219 nobis
934 2156 1067 2218 tam
1124 2155 1331 2218 multa
1384 2155 1581 2219 uerba
1636 2154 2054 2236 requirantur.
2123 2152 2344 2218 dicunt
2399 2153 2565 2217 enim
2609 2152 2722 2217 isti

422 2260 760 2341 uaniloqui
807 2264 872 2324 et
918 2261 1152 2325 mentis
1216 2260 1588 2325 seductores
1635 2261 1698 2324 in
1747 2261 1862 2325 illa
1904 2280 2141 2344 pugna,
2183 2260 2430 2343 quando
2475 2260 2721 2343 primus

422 2365 614 2431 homo
667 2386 885 2431 eorum
933 2368 1335 2431 tenebrarum
1372 2370 1630 2451 gentem
1669 2368 2000 2432 elementis
2037 2366 2374 2431 fallacibus
2411 2364 2717 2449 inretiuit,

425 2472 763 2554 utriusque
803 2491 988 2537 sexus
1028 2473 1421 2557 principibus
1460 2474 1742 2537 indidem
1781 2474 2003 2557 captiS‚
2038 2492 2185 2537 cum
2215 2492 2284 2537 ex
2316 2472 2407 2537 eis
2443 2472 2720 2538 mundus

425 2582 921 2653 construeretur,
988 2580 1326 2663 plerosque
1394 2600 1612 2646 eorum
1676 2582 1740 2644 in
1809 2580 2194 2645 caelestibus
2259 2578 2514 2643 fabricis
2580 2599 2722 2644 con·
2756 2595 2806 2633 το

424 2685 681 2771 ligat08‚
738 2686 801 2750 in
863 2687 1095 2769 quibus
1154 2692 1332 2752 erant
1388 2688 1581 2752 etiam
1637 2688 1911 2751 feminae
1968 2688 2216 2769 aliquae
2262 2690 2719 2770 praegnantes:

422 2810 584 2874 quae
643 2812 789 2857 cum
846 2794 1093 2858 caelum
1150 2795 1342 2858 rotari
1401 2794 1740 2878 coepisset,
1798 2793 2062 2858 eandem
2116 2792 2497 2877 uertiginem
2561 2793 2720 2857 ferre

424 2918 547 2964 non
606 2900 897 2965 ualentes
957 2903 1305 2983 conceptus
1362 2919 1515 2965 suos
1583 2900 1808 2964 abortu
1875 2899 2267 2973 excussisse;
2335 2898 2721 2981 eosdemque

424 3006 754 3071 abortiuos
820 3005 989 3070 setus
1058 3009 1122 3069 et
1176 3006 1499 3071 masculos
1559 3009 1625 3070 et
1677 3004 1947 3069 feminas
2006 3006 2082 3070 de
2139 3006 2313 3071 caelo
2370 3006 2434 3070 in
2489 3010 2722 3070 terram

424 3111 759 3188 cecidisse,
809 3113 1067 3178 uixisse.
1130 3112 1429 3189 creuisse,
1489 3111 1934 3189 concubuisse,
1992 3112 2310 3196 genuisse.
2377 3112 2526 3177 hinc
2581 3132 2721 3177 esse
2759 3126 2811 3163 *ὃ

425 3216 649 3282 dicunt
696 3219 1005 3303 originem
1055 3218 1337 3284 carnium
1386 3218 1691 3295 omnium,
1730 3236 1890 3301 quae
1937 3222 2278 3283 mouentur
2321 3218 2384 3283 in
2433 3224 2618 3289 terra,
2657 3218 2722 3282 in

428 3342 609 3406 aqua9
660 3324 723 3389 in
772 3345 933 3391 aere.
1003 3345 1153 3409 ergo
1203 3326 1258 3390 si
1306 3324 1381 3389 de
1432 3326 1609 3390 caelo
1659 3329 1758 3391 est
1806 3326 1984 3410 origo
2043 3326 2347 3403 carnium,
2405 3325 2723 3391 absurdis-

423 3430 662 3496 simum
730 3435 829 3497 est
891 3436 1147 3515 propter
1210 3432 1331 3497 hoc
1398 3450 1505 3495 eas
1552 3431 1985 3498 inmundiores
2049 3434 2293 3515 putare,
2349 3430 2721 3515 praesertim

423 3536 577 3619 quia
629 3538 693 3601 in
750 3539 890 3622 ipsa
946 3543 1267 3605 structura
1329 3536 1551 3603 mundi
1616 3538 1874 3604 eosdem
1939 3537 2256 3621 principes
2321 3538 2722 3602 tenebrarum

497 3746 530 3799 6
578 3746 991 3816 absorbendam]
1037 3747 1423 3802 abseruendam
1470 3750 1523 3802 L
1672 3750 1700 3799 7
1741 3764 1964 3818 propter
2001 3747 2110 3813 (ter
2146 3746 2276 3799 add.
2315 3762 2356 3799 s.
2398 3747 2432 3799 l.
2471 3762 2538 3799 m.
2579 3751 2638 3809 2)
2678 3744 2722 3799 S

421 3834 707 3904 quiesquid
750 3836 797 3890 0
962 3837 995 3889 9
1034 3836 1145 3890 sint
1200 3836 1241 3892 (i
1296 3854 1361 3891 ex
1397 3854 1431 3891 u
1471 3843 1630 3904 corr.)
1673 3838 1744 3890 M
1773 3836 1885 3889 sint
1921 3836 1954 3889 b
2123 3835 2182 3888 11
2217 3838 2303 3888 sat
2340 3840 2425 3888 est
2461 3834 2540 3904 ut]
2581 3836 2717 3887 satis

424 3924 509 3977 tui
546 3924 579 3977 b
704 3924 1054 3993 re1·›hensores
1093 3925 1203 3979 Lo
1308 3927 1372 3980 18
1410 3926 1660 3981 inretiuit
1695 3926 1770 3979 M
1775 3928 1786 3961 ¹
1899 3927 1964 3979 19
2002 3924 2218 3993 utrique
2257 3922 2356 3978 SG
2499 3921 2646 3976 ibide
2685 3922 2716 3973 b

430 4014 511 4077 (in
548 4030 646 4082 my.
687 4013 744 4067 al
780 4012 1040 4079 indidem)
1188 4014 1255 4069 21
1298 4016 1461 4069 etiam
1502 4019 1656 4070 erant
1699 4015 1746 4069 C
1894 4016 2219 4084 pregnantes
2263 4012 2312 4067 0
2451 4012 2522 4066 24
2560 4027 2716 4065 auor-

422 4102 569 4155 tiuos
608 4102 659 4155 L
802 4104 981 4157 foetus
1026 4103 1117 4158 OS
1254 4106 1323 4159 25
1378 4105 1635 4177 cecidisse
1671 4103 1725 4158 L
1788 4102 2078 4159 caecidisse
2116 4102 2191 4155 M
2363 4100 2488 4154 hinc
2545 4103 2601 4169 (n
2657 4101 2720 4153 in

418 4192 559 4259 raa.)
604 4192 650 4245 C
780 4193 849 4245 26
887 4194 941 4245 in
980 4210 1120 4263 aqua
1158 4194 1211 4247 in
1250 4198 1393 4248 terra
1437 4196 1484 4248 G
1607 4195 1676 4248 ‘29
1713 4194 1964 4247 strictura
2002 4192 2049 4246 S
2081 4194 2346 4245 structvra
2386 4192 2439 4259 (v
2478 4205 2544 4243 ea>
2577 4206 2612 4242 a
2649 4206 2715 4241 m.

427 4284 457 4333 1
498 4286 655 4344 corr.)
695 4282 747 4335 L
