3159 4984
402 480 530 544 788
1100 479 1152 532 S.
1208 477 1478 531 Aureli
1538 476 1973 547 Augustini

406 675 761 739 cumbent
805 674 878 737 in
924 692 1152 756 regno
1202 672 1340 737 dei.
1390 674 1510 737 hoc
1558 691 1710 738 uero
1748 672 1962 756 ipsum
2000 673 2279 756 quidem,
2320 675 2468 756 quia
2503 674 2696 737 multi

406 783 814 848 excludentur
879 801 914 845 a
976 800 1172 865 regno
1240 781 1378 859 dei,
1455 780 1563 862 qui
1639 780 1884 845 scilicet
1957 800 2186 846 nomen
2250 783 2694 848 tantummodo

403 888 639 956 Christi
674 889 1093 974 portauerint‚
1133 888 1248 953 sed
1284 908 1409 954 non
1450 887 1715 954 fecerint
1753 907 1942 972 opera
1977 889 2137 967 eius,
2175 908 2294 954 nec
2325 889 2694 955 Matthaeus

404 997 677 1062 scribere
723 995 1171 1080 praetermisit,
1222 995 1335 1061 sed
1384 996 1461 1062 de
1506 995 1828 1060 Abraham
1875 995 2010 1061 illic
2057 999 2124 1062 et
2165 997 2346 1062 Isaac
2393 1001 2460 1062 et
2502 997 2694 1062 Iacob

404 1105 645 1169 nullam
692 1103 847 1168 facit
895 1104 1150 1169 omnino
1186 1103 1596 1170 mentionem.
1645 1101 1800 1167 item
1850 1102 1928 1168 de
1975 1103 2342 1170 centurione
2391 1107 2457 1168 et
2499 1123 2696 1188 puero
2755 1117 2791 1156 b

402 1210 540 1276 eius
588 1211 781 1276 etiam
818 1212 1022 1275 Lucas
1062 1209 1319 1293 quidem
1358 1209 1650 1293 scripsit;
1702 1209 1816 1276 sed
1855 1229 2051 1293 aeque
2087 1209 2226 1294 ipse
2264 1211 2342 1274 de
2377 1210 2698 1274 Abraham

404 1317 539 1382 illic
587 1321 653 1382 et
687 1317 869 1382 Isaac
916 1319 979 1381 et
1018 1316 1207 1383 Iacob
1253 1316 1415 1381 nihil
1460 1317 1714 1382 omnino
1760 1319 2055 1394 testatur,
2103 1319 2196 1394 ut,
2245 1315 2396 1399 quia
2439 1317 2698 1382 ubinam

405 1422 649 1488 dictum
706 1422 793 1488 sit
848 1426 1020 1488 certo
1078 1426 1370 1490 constare
1424 1443 1550 1489 non
1606 1424 1836 1506 possit,
1893 1423 2054 1488 nihil
2117 1423 2452 1507 prohibeat
2505 1423 2698 1488 etiam

405 1548 527 1594 non
578 1530 849 1608 credere,
900 1529 1051 1612 quia
1097 1529 1495 1596 sitffictum.

496 1637 555 1700 3.
624 1637 759 1701 Nec
812 1636 1108 1703 inmerito
1164 1656 1281 1703 nos
1336 1637 1416 1700 ad
1472 1636 1843 1702 huiusmodi
1889 1637 2260 1721 scripturas,
2307 1641 2441 1702 tam
2485 1637 2700 1703 incon·
2731 1653 2798 1689 ω

408 1746 706 1808 sonantes
764 1749 830 1807 et
884 1742 1117 1822 uarias,
1184 1762 1531 1826 numquam
1599 1761 1752 1810 sane
1817 1743 1952 1808 sine
2016 1743 2254 1810 iudicio
2320 1763 2394 1809 ac
2457 1743 2700 1809 ratione

408 1869 593 1914 aures
648 1849 1031 1926 adferimus;
1092 1848 1205 1914 sed
1251 1849 1756 1933 contemplantes
1806 1850 2018 1917 omnia
2063 1853 2129 1916 et
2175 1869 2320 1916 cum
2379 1851 2522 1916 aliis
2579 1851 2706 1914 alia

408 1956 800 2022 conferentes
846 1955 1318 2039 perpendimus,
1367 1959 1586 2021 utrum
1635 1975 1853 2021 eorum
1894 1956 2172 2038 quidque
2209 1975 2247 2020 a
2285 1956 2538 2023 Christo
2577 1955 2706 2021 dici

407 2062 687 2145 potuerit
740 2081 957 2128 necne.
1024 2063 1233 2126 multa
1286 2062 1455 2126 enim
1505 2082 1542 2126 a
1587 2062 1935 2128 maioribus
1991 2063 2226 2128 uestris
2276 2063 2546 2146 eloquiis
2595 2062 2706 2129 do·

409 2169 565 2234 mini
619 2170 823 2235 nostri
877 2169 1119 2234 inserta
1172 2169 1369 2234 uerba
1423 2173 1597 2246 sunt,
1657 2187 1818 2252 quae
1873 2169 2127 2234 nomine
2184 2170 2434 2254 signata
2495 2170 2704 2254 ipsius
2747 2183 2806 2222 1⁵

409 2295 553 2340 eum
603 2276 741 2340 eius
788 2275 911 2341 fide
958 2294 1081 2340 non
1131 2279 1499 2360 congruant,
1547 2276 1922 2359 praesertim
1980 2276 2147 2359 quia,
2204 2279 2280 2341 ut
2331 2277 2460 2341 iam
2517 2295 2707 2361 saepe

414 2383 751 2466 probatum
808 2401 846 2446 a
900 2382 1084 2448 nobis
1143 2385 1262 2459 est,
1328 2401 1445 2447 nec
1512 2383 1590 2446 ab
1646 2382 1788 2466 ipso
1844 2383 2002 2448 haec
2057 2387 2207 2448 sunt
2259 2403 2375 2448 nec
2431 2384 2510 2449 ab
2567 2384 2708 2450 eius

409 2489 720 2572 apostolis
787 2489 1026 2572 scripta
1047 2540 1061 2566 ‚
1137 2490 1249 2554 sed
1322 2490 1529 2554 multo
1595 2492 1746 2573 post
1809 2508 2028 2554 eorum
2093 2490 2606 2574 adsumptionem
2673 2511 2710 2556 a

414 2597 627 2662 nescio
676 2596 908 2679 quibus
948 2601 1013 2661 et
1046 2596 1207 2680 ipsis
1243 2597 1408 2663 inter
1445 2615 1513 2662 se
1550 2616 1678 2662 non
1716 2597 2244 2663 concordantibus
2285 2597 2710 2664 Semiiudaeis

410 2722 519 2786 per
552 2703 757 2767 famas
796 2703 1250 2786 opinionesque
1284 2705 1586 2788 conperta
1615 2706 1792 2768 sunt:
1834 2702 1942 2786 qui
1980 2706 2194 2768 tamen
2235 2705 2448 2769 omnia
2484 2705 2706 2770 eadem
2751 2713 2816 2752 ’θ

412 2811 473 2873 in
540 2810 977 2894 apostolorum
1042 2809 1283 2876 domini
1348 2809 1749 2876 conferentes
1816 2810 2074 2875 nomina
2136 2811 2244 2875 uel
2301 2829 2541 2888 eorum,
2600 2812 2710 2894 qui

415 2918 619 2982 secuti
677 2917 1003 3000 apostolos
1059 2917 1445 2994 uiderentur,
1506 2935 1746 2982 errores
1803 2935 1876 2982 ac
1930 2916 2260 2982 mendacia
2315 2936 2432 2982 sua
2486 2936 2708 2983 secun-

413 3023 565 3088 dum
596 3043 705 3088 eos
746 3043 813 3089 se
855 3023 1187 3107 scripsisse
1224 3024 1476 3090 mentiti
1504 3027 1674 3090 sunt.
1707 3025 1820 3090 sed
1859 3024 1970 3088 uid
1984 3025 2145 3102 eris;
2187 3023 2263 3088 de
2302 3023 2424 3089 hoc
2459 3024 2715 3088 interim

411 3132 484 3193 ut
526 3130 809 3213 inquam,
858 3130 1139 3213 capitulo
1177 3134 1391 3196 tecum
1429 3150 1553 3196 non
1593 3131 1864 3195 nimium
1912 3149 2031 3215 ego
2073 3129 2527 3210 contenderim,
2569 3149 2715 3196 cum

413 3236 569 3299 mihi
624 3236 786 3300 illud
843 3237 999 3302 satis
1057 3237 1136 3301 ad
1190 3237 1578 3321 praesidium
1627 3237 1731 3316 sit,
1781 3236 1951 3319 quod
1999 3240 2144 3302 ante
2189 3236 2376 3320 posui
2425 3240 2490 3301 et
2533 3238 2703 3319 quod
2735 3253 2800 3292 ι’»

413 3360 527 3406 nec
590 3341 749 3426 ipsis
814 3343 999 3408 uobis
1065 3363 1293 3428 negare
1358 3343 1532 3423 licet,
1601 3347 1745 3409 ante
1803 3343 2043 3409 domini
2098 3343 2301 3409 nostri
2359 3342 2702 3408 aduentum

588 3555 621 3609 3
660 3553 725 3608 cf.
760 3551 958 3607 Matth.
996 3551 1045 3616 7,
1082 3551 1149 3605 21

485 3681 511 3730 1
550 3677 815 3732 hoc—dei
852 3693 955 3732 om.
994 3675 1094 3730 ΒΘ
1272 3678 1307 3730 3
1350 3676 1630 3741 mattheus
1675 3675 1752 3730 L2
1799 3677 2076 3731 mattheus
2119 3679 2164 3732 Ο
2339 3681 2374 3732 4
2423 3678 2490 3732 de
2535 3695 2638 3734 om.
2679 3679 2712 3732 b

412 3771 445 3818 ἵ)
494 3767 674 3822 &item
727 3766 773 3820 G
914 3767 1225 3820 centurione
1274 3771 1346 3834 (m
1394 3769 1487 3833 er.)
1539 3766 1593 3819 L
1771 3767 1807 3820 6
1855 3783 2060 3836 aequae
2103 3767 2156 3822 G
2203 3785 2370 3838 ²,„eque
2421 3771 2474 3836 (a
2511 3771 2605 3835 er.)
2641 3767 2716 3821 M

416 3859 444 3910 7
487 3857 615 3926 quia
651 3857 705 3926 (a
739 3869 781 3911 ⁸.
823 3855 881 3922 l.)
922 3854 968 3910 S
1109 3853 1143 3908 8
1180 3855 1274 3923 sit]
1310 3870 1419 3907 non
1458 3854 1533 3908 sit
1568 3854 1616 3908 S
1725 3854 1790 3908 10
1828 3855 1884 3908 in
1922 3857 2116 3909 merito
2160 3857 2209 3911 0
2325 3856 2386 3910 11
2425 3855 2623 3911 iuditio
2671 3856 2724 3911 0

413 3945 653 4010 reatione
692 3947 743 4008 (e
780 3960 899 4012 exp.
934 3961 1002 3998 m.
1043 3946 1103 4006 2)
1130 3943 1183 3996 L
1296 3944 1361 3996 15
1400 3959 1537 4013 quae
1572 3943 1649 3996 0:
1680 3946 1737 3997 et
1764 3959 1902 4013 quae
1930 3943 2121 3998 LSGb
2149 3948 2247 3999 aut
2274 3945 2386 4015 atq'
2415 3949 2512 3999 aut
2537 3961 2712 4015 equae

413 4034 627 4089 nomine
664 4031 795 4103 (atq’
834 4037 885 4087 et
921 4048 1091 4102 equae
1126 4033 1191 4086 in
1222 4033 1361 4097 ras.)
1400 4031 1473 4084 Μ
1580 4033 1646 4087 16
1685 4041 1750 4087 cu
1789 4032 1905 4086 eius
1937 4038 1994 4100 (α
2023 4039 2074 4088 et
2101 4035 2188 4088 eiu
2213 4035 2278 4087 in
2302 4050 2415 4090 rae.
2444 4036 2465 4088 i
2491 4048 2535 4088 ε.
2565 4034 2624 4100 1.)
2655 4033 2712 4088 L

414 4127 713 4194 congruent
754 4121 818 4175 0¹
962 4121 1245 4191 presertim
1282 4120 1329 4176 S
1506 4122 1572 4174 17
1611 4138 1644 4175 a
1681 4138 1782 4176 om.
1836 4121 2086 4177 GSMGb
2143 4126 2206 4192 (ε.
2267 4124 2302 4177 l.
2351 4141 2389 4177 a
2430 4141 2500 4179 m.
2547 4126 2608 4192 2)
2653 4121 2718 4176 L

416 4213 482 4267 19
521 4211 687 4266 saemi
724 4209 879 4265 LSG
908 4210 1074 4264 exemi
1100 4211 1157 4281 (a
1184 4213 1279 4276 er.)
1307 4211 1381 4264 M
1516 4210 1692 4264 iudeis
1727 4211 1775 4264 0
1839 4211 1911 4265 20
1949 4211 2230 4281 opiniones
2260 4228 2364 4282 que
2399 4211 2448 4266 0
2513 4212 2576 4266 21
2609 4228 2708 4265 no-

414 4303 559 4356 mina
586 4301 659 4354 L¹
734 4301 803 4354 22
841 4299 1117 4354 mendatis.
1152 4299 1199 4352 0
1283 4301 1351 4354 23
1388 4315 1447 4353 se
1483 4315 1527 4353 s.
1568 4299 1605 4354 1.
1643 4299 1690 4354 S
1793 4300 1889 4354 sed
1921 4301 1977 4370 (d
2001 4317 2044 4354 s.
2075 4302 2110 4356 Ζ.
2143 4319 2180 4355 α
2207 4317 2276 4358 m.
2307 4301 2366 4371 2)
2402 4301 2451 4355 0
2551 4300 2712 4356 uide-

413 4391 488 4445 ris
528 4391 595 4458 (ri
630 4391 695 4444 in
728 4397 857 4454 ras.)
902 4388 953 4442 G
990 4388 1192 4441 uiueris
1231 4387 1287 4456 (d
1320 4388 1386 4440 in
1420 4405 1455 4442 u
1492 4391 1653 4456 corr.)
1695 4389 1762 4440 M
1868 4391 1936 4446 25
1973 4391 2159 4460 posuit
2199 4390 2246 4445 0
