3159 4984
1075 504 1202 559 1111.
1263 506 1552 559 Contra
1609 504 2119 562 Adimantum.
2603 508 2723 573 161

435 700 632 760 tatem
679 698 864 782 legis,
913 719 1072 781 quae
1120 720 1232 782 per
1277 702 1541 784 Moysen
1592 702 1739 765 data
1786 706 1902 770 est.
1953 702 2281 767 confirmat
2330 700 2623 766 dominus
2664 702 2729 767 et

435 806 644 867 tamen
712 805 1028 871 canendos
1097 810 1158 871 et
1223 806 1562 891 fugiendos
1625 826 1765 873 esse
1832 827 2039 873 mores
2108 826 2344 885 eorum,
2414 808 2523 890 qui
2577 807 2727 891 legi,

437 928 624 991 quam
689 917 1082 996 acceperant,
1149 933 1270 979 non
1339 916 1880 997 obtemperabant,
1957 914 2352 998 apertissime
2428 914 2727 981 ostendit.

435 1018 575 1082 istis
624 1022 836 1083 autem
887 1022 1410 1103 peruersitatibus
1459 1023 1595 1087 suis
1641 1023 1977 1101 faciebant,
2016 1025 2091 1086 ut
2128 1042 2273 1087 cum
2312 1022 2539 1105 aliquis
2579 1040 2729 1105 gen-

371 1136 396 1175 ⁵
437 1125 566 1189 tilis
613 1126 692 1189 ad
737 1127 946 1209 legem
997 1146 1214 1193 eorum
1253 1129 1607 1195 transisset.
1648 1130 1713 1193 id
1753 1134 1853 1193 est
1888 1128 2095 1195 factus
2136 1132 2308 1195 esset
2342 1130 2729 1213 proselytae,

435 1231 694 1297 haberet
757 1254 964 1299 mores
1030 1254 1244 1299 eorum
1313 1239 1378 1299 et
1440 1236 1623 1300 fieret
1685 1236 1855 1300 filius
1923 1236 2245 1319 gehennae
2310 1237 2515 1303 multo
2580 1238 2727 1321 plus

437 1356 620 1420 quam
668 1340 795 1423 ipsi
839 1345 1074 1409 essent.
1125 1342 1360 1407 dabant
1406 1343 1573 1407 enim
1622 1362 1917 1427 magnam
1982 1362 2255 1427 operam,
2324 1346 2397 1407 ut
2450 1342 2727 1410 Iudaeus

437 1446 612 1511 fieret
676 1448 908 1529 aliquis
973 1470 1046 1515 ex
1112 1451 1410 1535 gentibus
1461 1455 1526 1516 et
1573 1451 1875 1516 Iudaeum
1925 1452 2165 1515 factum
2215 1452 2525 1535 cogebant
2573 1470 2724 1517 suos

439 1570 642 1617 mores
687 1554 1002 1637 pessimos
1049 1556 1303 1621 imitari.

339 1668 398 1706 ¹⁰
521 1660 741 1742 Neque
788 1662 970 1729 illud.
1038 1664 1206 1747 quod
1250 1664 1325 1729 de
1363 1664 1652 1748 apostolo
1708 1648 2035 1747 ‘tamquam
2106 1664 2485 1730 contrarium
2552 1684 2721 1731 com-

433 1770 756 1843 memorat,
821 1770 1035 1851 potuit
1097 1770 1598 1835 animaduertere
1645 1771 2027 1836 Adimantus
2090 1770 2345 1836 omnino
2402 1790 2524 1836 non
2574 1790 2716 1836 esse

395 1872 831 1944 'contrarium
881 1877 1028 1957 quia
1073 1880 1251 1942 totus
1301 1878 1438 1942 eius
1488 1878 1712 1943 oculus
1762 1898 1883 1942 non
1934 1878 2013 1942 ad
2058 1878 2555 1961 inquisitionem,
2605 1879 2717 1944 sed

433 1978 510 2041 ad
551 1980 1104 2062 reprehensionem
1151 1983 1502 2066 scripturae
1538 1983 1822 2047 intentus
1863 1986 2013 2047 erat.
2057 1987 2513 2048 commemorat
2552 1984 2719 2049 enim

433 2084 744 2151 dicentem
792 2088 1192 2171 apostolum:
1243 2088 1746 2154 circumcisus
1796 2090 1965 2171 quis
2004 2094 2325 2155 uocatus
2364 2094 2530 2155 est?
2568 2110 2713 2157 non

337 2198 390 2237 ¹⁵
431 2193 760 2259 adducat
804 2195 1304 2278 praeputium.
1354 2195 1428 2259 in
1475 2196 1877 2279 praeputio
1942 2196 2111 2279 quis
2178 2202 2497 2263 uocatus
2546 2201 2715 2263 est?

427 2318 566 2364 non
615 2301 1227 2372 circumcidatur,
1277 2303 1452 2384 quia
1515 2304 1997 2386 praeputium
2063 2303 2255 2367 nihil
2302 2307 2418 2368 est
2466 2307 2538 2369 et
2584 2304 2717 2369 cir-

429 2407 797 2473 cumcisio
845 2408 1041 2473 nihil
1088 2413 1225 2484 est,
1268 2410 1398 2473 sed
1447 2410 1886 2475 obseruatio
1952 2413 2526 2501 praeceptorum
2574 2410 2713 2481 dei.

427 2513 576 2594 quid
643 2515 810 2579 enim
873 2514 1274 2581 manifestius
1339 2534 1528 2598 quam
1594 2514 1715 2581 hoc
1780 2516 2141 2599 apostolum
2205 2517 2583 2600 praecipere,
2642 2520 2717 2583 ut

427 2621 884 2703 unusquisque,
949 2622 1121 2687 sicut
1178 2624 1446 2687 uocatus
1515 2624 1667 2698 erat,
1718 2621 1809 2687 sic
1856 2626 2189 2687 maneret?
2230 2622 2713 2689 aduenientibus

327 2731 386 2771 ¹⁰
427 2727 590 2791 enim
625 2728 838 2805 rebus,
868 2746 1134 2810 quarum
1172 2730 1350 2827 erant
1384 2728 1643 2792 umbrae
1680 2716 1829 2793 illae
1868 2728 2364 2807 obseruationes,
2395 2729 2460 2793 id
2499 2732 2713 2794 actum

427 2838 547 2903 est.
595 2838 672 2899 ut
717 2834 1156 2901 ostenderetur
1199 2831 1260 2901 in
1308 2834 1464 2918 ipsis
1502 2835 1745 2899 umbris
1782 2854 1903 2900 non
1944 2854 2083 2900 esse
2122 2854 2298 2919 spem
2336 2835 2709 2919 ponendam,

423 2941 536 3005 sed
578 2942 642 3006 in
689 2942 847 3026 ipsis
893 2944 1104 3013 rebus,
1153 2963 1310 3027 quas
1356 2944 1504 3008 illae
1551 2942 1809 3005 umbrae
1867 2940 2310 3024 significabant
2374 2960 2513 3006 esse
2559 2960 2711 3007 uen-

421 3050 617 3114 turas.
681 3048 749 3113 id
815 3053 914 3114 est
976 3050 1300 3115 Christum
1367 3052 1432 3114 et
1495 3048 1853 3114 ecclesiam.
1921 3050 1987 3110 et
2048 3050 2376 3130 propterea
2422 3046 2533 3112 illa
2579 3048 2709 3113 iam

421 3157 628 3221 omnia
673 3156 884 3221 inania
931 3138 1142 3221 erant:
1193 3175 1308 3221 nec
1355 3158 1570 3221 tamen
1610 3173 1683 3219 ea
1719 3158 2045 3236 tamquam
2084 3154 2267 3219 noxia
2302 3154 2707 3235 remouenda,

327 3262 382 3301 ²⁵
421 3264 535 3329 sed
578 3268 902 3347 tamquam
953 3264 1266 3348 superflua
1336 3262 1797 3327 contemnenda
1861 3262 2191 3346 apostolus
2254 3262 2582 3345 praecipit,
2632 3265 2707 3328 ut

420 3371 476 3436 si
525 3372 665 3454 quis
713 3370 989 3435 Iudaeus
1039 3370 1292 3437 Christo
1343 3368 1738 3445 credidisset,
1806 3372 2062 3453 propter
2126 3368 2535 3435 offensionem
2601 3387 2705 3435 su-

420 3496 598 3545 orum
645 3499 766 3545 non
813 3478 1254 3562 prohiberetur
1297 3496 1551 3542 manere
1599 3476 1663 3540 in
1711 3477 1869 3560 ipsis
1920 3476 2279 3560 superfluis»,
2328 3495 2445 3541 nec
2491 3480 2703 3541 tamen

559 3688 626 3743 14
663 3688 691 3743 Ι
727 3688 848 3744 Cor.
885 3690 936 3753 7,
979 3688 1042 3742 18
1078 3706 1158 3759 sq.

491 3856 516 3909 1
555 3822 740 3911 mgsen
777 3858 832 3911 P
935 3857 968 3911 2
1013 3858 1136 3928 lege
1185 3858 1234 3925 (e
1283 3874 1348 3912 ex
1383 3856 1404 3911 i
1440 3860 1598 3921 corr.)
1640 3858 1695 3911 P
1799 3858 1832 3913 3
1870 3856 2467 3929 non‚optemperabant
2503 3872 2607 3913 om.
2646 3854 2701 3908 P

411 3971 748 4040 apertissime
775 3990 812 4027 .·.·
839 3972 1143 4029 Ostenditis
1191 3979 1372 4029 autem
1417 3973 1473 4026 P
1605 3975 1640 4028 4
1670 3938 1854 4045 aliqui·
1868 3974 1945 4028 P*
2089 3972 2337 4044 gentilis]
2366 3972 2519 4041 genti
2548 3970 2610 4024 ul
2652 3969 2707 4025 V

411 4059 446 4113 5
471 4058 672 4131 legem]
693 4060 870 4132 legem
891 4063 972 4128 (in
999 4078 1168 4133 mary.
1191 4062 1254 4116 al
1273 4062 1452 4131 fidem)
1485 4062 1517 4117 b
1611 4062 1644 4117 8
1666 4064 1748 4132 ex]
1771 4062 1835 4117 de
1866 4062 1919 4115 V
2005 4062 2069 4117 11
2105 4061 2385 4117 aduertere
2412 4058 2617 4114 GTGS
2628 4058 2703 4113 Vb

411 4146 717 4204 adimantus
735 4150 1043 4204 manicheus
1068 4150 1270 4207 GTCS
1283 4151 1360 4205 Vb
1474 4152 1539 4206 14
1570 4152 1710 4223 quis]
1741 4151 1939 4222 aliquis
1965 4151 1995 4205 b
2108 4153 2174 4205 15
2204 4151 2261 4205 in
2288 4149 2631 4221 praeputium
2649 4146 2707 4201 P

409 4237 692 4307 praeputio
750 4239 802 4306 (o
840 4254 906 4293 a
941 4256 978 4293 u
1011 4241 1146 4307 fact.
1186 4246 1236 4295 et
1269 4240 1408 4311 uir-9.
1445 4244 1539 4308 er.)
1586 4240 1638 4295 G
1776 4240 1841 4295 16
1899 4240 2228 4295 circumcisio
2284 4238 2421 4293 nihil
2478 4240 2562 4291 est
2620 4237 2703 4305 (in

409 4328 602 4394 mar-9.)
646 4324 723 4379 6²
845 4327 916 4382 20
951 4328 1045 4383 ille
1093 4329 1147 4382 V
1247 4328 1316 4383 22
1353 4328 1447 4384 ille
1485 4328 1671 4385 umbre
1722 4328 1771 4381 V
1895 4328 1963 4383 27
2000 4328 2238 4399 manere]
2274 4342 2547 4382 remanere
2586 4324 2702 4393 SV,

411 4416 558 4483 (poet
593 4416 887 4487 superfluos
925 4417 1056 4487 leg.)
1097 4418 1128 4472 b
1273 4417 1330 4472 in
1367 4418 1499 4490 ipsis
1537 4418 1821 4489 superfluis
1859 4434 1961 4473 om.
2000 4416 2049 4473 S

515 4539 648 4581 XXV.
681 4540 800 4591 Aug.
826 4546 936 4581 sect.
966 4542 1007 4583 ὃ.
2315 4523 2378 4577 11
