3159 4984
271 1645 318 1680 10

269 2176 317 2214 15

265 3240 318 3279 86

890 467 1311 522 VLContra
1366 469 1737 523 Faustum
1795 468 1921 523 lib.
1961 469 2134 522 XXII·
2522 472 2653 534 619

356 683 476 746 que
522 664 684 728 illud
731 683 998 748 regnum
1046 662 1254 747 gentis
1293 663 1729 728 Hebraeorum
1777 682 2081 747 magnum
2130 664 2461 746 quendam,
2512 665 2660 747 quia

356 773 422 835 et
465 770 682 854 magni
731 770 1082 846 cuiusdam,
1131 769 1332 835 fuisse
1378 770 1775 852 prophetam.
1842 771 2155 852 quocirca,
2204 770 2373 854 quod
2421 771 2500 836 ad
2547 791 2655 838 eos

354 878 612 960 quidem
661 876 923 956 adtinet,
971 875 1078 958 qui
1124 875 1260 940 illic
1308 877 1487 938 erant
1532 875 1765 939 eruditi
1812 876 1998 940 corde
2054 877 2118 940 in
2178 877 2487 960 sapientia
2533 877 2655 956 dei,

353 1003 474 1048 non
543 983 752 1048 solum
818 983 882 1046 in
948 981 1069 1056 his,
1138 999 1298 1063 quae
1365 981 1681 1059 dicebant,
1748 981 1861 1046 sed
1926 983 2120 1047 etiam·
2184 984 2247 1048 in
2313 984 2434 1055 his,
2495 1003 2655 1066 quae

353 1089 688 1167 faciebant,
738 1089 906 1171 quod
953 1091 1168 1152 autem
1217 1087 1296 1152 ad
1342 1091 1589 1153 ceteros
1630 1107 1702 1154 ac
1742 1088 1935 1154 simul
1975 1109 2193 1156 omnes
2232 1091 2408 1156 illius
2448 1094 2657 1176 gentis

353 1196 665 1270 homines,
723 1196 787 1259 in
845 1195 966 1272 his,
1027 1213 1186 1277 quae
1243 1195 1306 1258 in
1363 1194 1496 1260 illis
1549 1195 1659 1259 uel
1714 1195 1789 1260 de
1846 1195 1976 1260 illis
2035 1196 2343 1262 diuinitus
2400 1198 2654 1277 fiebant,

352 1303 686 1385 prophetia
730 1303 984 1366 uenturi
1033 1300 1270 1367 Christi
1317 1303 1384 1367 et
1429 1301 1734 1365 ecclesiae
1781 1303 2235 1384 perscrutanda
2280 1307 2396 1371 est.
2448 1305 2659 1370 omnia

355 1408 523 1473 enim
577 1409 710 1488 illa,
769 1408 940 1474 sicut
994 1407 1152 1472 dicit
1206 1409 1558 1492 apostolus,
1614 1407 1910 1490 figurae
1966 1413 2269 1476 nostrae
2326 1411 2653 1476 fuerunt.

446 1519 552 1584 25.
604 1516 708 1583 Sic
758 1520 972 1581 autem
1017 1517 1128 1583 isti
1164 1515 1228 1580 in
1268 1515 1653 1598 quibusdam
1690 1515 1899 1594 factiS,
1940 1535 1977 1580 a
2014 1537 2283 1600 quorum
2322 1499 2657 1582 altitudine

353 1623 542 1708 longe
609 1628 794 1700 sunt,
869 1623 1336 1707 reprehendunt
1401 1625 1723 1705 tamquam
1790 1622 2119 1688 libidinem
2184 1625 2653 1708 prophetarum,

355 1731 524 1795 sicut
579 1730 866 1794 nonnulli
925 1729 1116 1793 etiam
1173 1728 1467 1813 sacrilegi
1520 1747 1909 1812 paganorum
1964 1730 2434 1811 reprehendunt
2496 1735 2654 1796 tam-

354 1855 543 1919 quam
591 1837 930 1901 stultitiam
981 1836 1088 1900 uel
1130 1835 1346 1920 potius
1393 1837 1719 1917 tamquam
1768 1836 2151 1900 dementiam
2200 1836 2456 1916 Christi,
2508 1840 2657 1920 quia

352 1945 636 2025 tempore
702 1942 848 2006 anni
911 1961 1036 2008 non
1102 1960 1380 2026 congruo
1444 1959 1635 2025 poma
1708 1941 2026 2022 quaesiuit
2088 1942 2152 2006 in
2220 1944 2478 2022 arbore,
2544 1948 2657 2009 aut

352 2049 616 2132 puerilis
662 2047 995 2114 cuiusdam
1041 2047 1358 2112 fatuitatis
1415 2047 1774 2125 adfectum,
1844 2047 2015 2130 quod
2078 2047 2381 2113 inclinato
2450 2050 2656 2132 capite

355 2157 558 2241 digito
626 2157 947 2222 scribebat
1008 2155 1074 2219 in
1129 2158 1296 2220 terra
1352 2158 1434 2233 et,
1495 2174 1641 2220 cum
1696 2155 2063 2221 hominibus
2118 2156 2654 2241 interrogantibus

352 2264 808 2347 respondisset,
855 2281 1076 2328 rursus
1121 2263 1244 2327 hoc
1291 2261 1495 2327 facere
1542 2262 1771 2346 coepit.
1820 2263 1978 2327 nihil
2025 2263 2191 2328 enim
2240 2264 2497 2347 sapiunt
2540 2283 2656 2330 nec

353 2370 740 2454 intellegunt
783 2370 848 2436 in
885 2369 1134 2453 magnis
1175 2369 1401 2434 animis
1442 2369 1747 2450 quasdam
1784 2370 2059 2436 uirtutes
2098 2371 2274 2436 uitiis
2312 2390 2653 2454 paruorum

355 2478 706 2544 animorum
763 2497 902 2542 esse
959 2477 1319 2542 simillimas
1377 2477 1681 2540 nonnulla
1737 2477 1965 2559 specie,
2026 2478 2136 2542 sed
2210 2479 2387 2542 nulla
2442 2480 2651 2561 aequi-

353 2583 506 2648 tatis
574 2583 1036 2667 conparatione.
1106 2583 1348 2651 similes
1415 2587 1629 2647 autem
1696 2586 1867 2661 sunt,
1935 2585 2043 2665 qui
2106 2585 2169 2649 in
2226 2585 2474 2668 magnis
2530 2587 2655 2650 ista

358 2690 842 2772 reprehendunt,
891 2690 1105 2773 pueris
1153 2690 1440 2772 inperitis
1488 2691 1550 2754 in
1602 2691 1839 2766 schola,
1890 2691 1997 2772 qui
2055 2710 2197 2755 cum
2253 2667 2397 2775 pro·
2422 2711 2651 2775 magno

357 2793 691 2861 didicerint
737 2796 978 2860 nomini
1018 2795 1265 2860 'numeri
1318 2796 1659 2880 singularis
1707 2797 1971 2861 uerbum
2020 2798 2265 2862 numeri
2314 2798 2653 2882 singularis

357 2921 496 2966 esse
562 2902 990 2980 reddendum,
1064 2901 1532 2984 reprehendunt
1594 2903 1825 2968 latinae
1890 2903 2146 2987 linguae
2211 2905 2651 2970 doctissimum

357 3013 699 3087 auctorem,
749 3009 898 3094 quia
944 3009 1136 3074 dixit:
1193 3029 1362 3092 pars
1418 3008 1489 3073 in
1548 3009 1795 3074 frusta
1850 3015 2127 3078 secant.
2197 3011 2418 3078 debuit
2464 3013 2650 3093 enim,

355 3115 670 3197 inquiunt,
711 3116 956 3181 dicere:
997 3117 1191 3180 secat.
1241 3118 1306 3180 et
1343 3115 1492 3197 quia
1527 3119 1761 3181 norunt
1795 3117 2167 3200 religionem
2207 3119 2351 3190 dici.
2393 3120 2655 3201 culpant

357 3241 523 3298 eum,
565 3222 714 3304 quia
750 3221 1072 3306 geminata
1124 3222 1147 3284 l
1197 3222 1414 3288 littera
1442 3222 1634 3288 dixit:
1672 3223 2081 3308 relligione
2127 3229 2444 3308 patrum.
2483 3227 2650 3291 unde

531 3485 566 3540 8
602 3485 631 3540 I
668 3483 787 3540 Cor.
831 3483 912 3548 10,
951 3485 986 3538 6
1141 3484 1208 3538 13
1248 3485 1313 3539 cf.
1350 3485 1546 3539 Matth.
1588 3483 1655 3538 21
1817 3485 1883 3539 16
1923 3485 1988 3540 cf.
2025 3486 2143 3543 Ioh.
2183 3486 2216 3541 8
2373 3489 2442 3542 23
2480 3489 2639 3558 Verg.

353 3575 486 3628 Aen.
524 3575 553 3630 I
591 3574 695 3627 212
795 3573 864 3630 25
903 3573 1065 3644 Verg.
1103 3573 1157 3627 Π
1195 3574 1300 3628 715

425 3763 455 3815 1
480 3759 802 3815 hebreorum
830 3760 880 3817 8
1037 3726 1285 3832 que-dam
1323 3762 1412 3832 (ιν
1439 3777 1607 3830 super
1633 3779 1661 3816 e
1690 3765 1832 3831 ap.)
1867 3764 1916 3818 G
2052 3765 2087 3818 4
2128 3767 2199 3830 (et
2235 3763 2292 3832 6)
2330 3764 2439 3833 his]
2474 3764 2543 3818 iis
2581 3763 2655 3816 M

354 3849 385 3903 7
439 3848 863 3922 praescrutantis.
906 3849 955 3905 S
1003 3849 1422 3920 praescrutanda
1473 3850 1578 3905 GL
1634 3851 2018 3920 prescrutanda
2064 3852 2138 3905 M
2278 3851 2346 3906 10
2400 3853 2567 3921 longe
2607 3851 2653 3906 0

350 3938 694 4008 rephendnnt
739 3937 846 3993 Lo
987 3939 1048 3991 11
1102 3942 1182 4006 (et
1229 3938 1319 4008 20)
1365 3939 1709 4008 rephendunt
1750 3939 1860 3995 LG
2006 3941 2068 3998 12
2118 3941 2247 4012 quia
2294 3941 2381 4008 (in
2415 3943 2559 4007 rae.)
2595 3938 2650 3993 L

353 4029 422 4082 14
457 4027 710 4082 affectum
751 4029 908 4094 (corr.
948 4043 1012 4082 ez:
1049 4026 1180 4094 ads.)
1217 4025 1336 4084 SM
1434 4027 1500 4082 17
1537 4045 1825 4098 pai-uorum
1864 4035 1972 4098 (pr.
2010 4046 2037 4082 r
2071 4045 2115 4084 ε.
2154 4029 2219 4096 1.)
2264 4027 2314 4084 0
2420 4028 2487 4082 18
2526 4027 2645 4082 ani-

350 4131 559 4170 morum
597 4131 700 4172 om.
744 4115 792 4169 (J
932 4115 1144 4186 speciae
1182 4114 1231 4171 S
1261 4116 1438 4186 apetie
1481 4116 1530 4170 0
1671 4116 1741 4174 20
1777 4116 1926 4172 scola
1960 4116 2193 4172 LSGM
2342 4117 2413 4172 22
2448 4133 2647 4188 reprae-

349 4201 598 4258 hendunt
634 4205 687 4258 L
865 4204 936 4260 23
973 4205 1170 4260 frustra
1204 4203 1259 4258 L
1295 4203 1496 4276 frustra
1533 4204 1580 4257 O
1757 4206 1827 4260 24
1872 4206 2133 4276 inquiunt
2178 4207 2246 4272 (a.
2300 4206 2334 4260 l.
2382 4221 2451 4261 m.
2501 4209 2559 4273 1)
2604 4205 2653 4260 G

353 4291 422 4346 25
461 4291 514 4348 .1.
565 4293 751 4347 littera
799 4292 843 4346 0
861 4314 872 4346 :
931 4293 1118 4348 littera
1161 4293 1474 4350 LPSGMb
1630 4294 1895 4365 religione
1946 4295 2034 4350 Lb
2088 4294 2433 4365 relligionem
2482 4299 2591 4365 (pr.
2627 4297 2649 4351 l

350 4396 392 4435 s.
434 4381 498 4446 Ζ.)
542 4380 594 4435 G
