3159 4984
431 434 548 496 108
1117 432 1170 485 S.
1227 432 1505 486 Aureli
1556 431 1996 501 Augustini

417 625 570 711 iugo
617 626 938 699 iustitiae:
999 631 1063 692 et
1109 632 1326 692 contra
1369 628 1518 692 illos
1562 628 1807 691 luctam
1854 628 2185 703 habemus
2245 630 2321 691 ut
2364 627 2716 711 migrantes

421 734 498 797 ad
542 734 854 799 iustitiam
904 736 980 799 ab
1029 756 1246 801 eorum
1294 736 1721 801 dominatione
1766 736 2125 799 liberemur.
2195 754 2344 819 ergo
2394 737 2459 799 et
2503 737 2575 798 tu
2622 734 2714 797 di-

419 859 610 923 gnare
673 841 830 905 mihi
893 842 1174 906 breuiter
1235 843 1316 907 ad
1378 832 1601 919 unum,
1668 844 1837 923 quod
1901 842 2243 926 interrogo,
2310 839 2712 924 respondere.

419 947 629 1011 noceri
678 948 794 1013 deo
841 968 966 1013 non
1011 952 1280 1031 poterat,
1329 969 1406 1013 an
1453 953 1751 1032 poterat?
1801 948 1913 1013 sed
1962 966 2197 1029 quaeso
2236 948 2395 1011 mihi
2435 950 2510 1011 ut
2554 966 2715 1024 „non

417 1058 698 1137 poterat“
753 1056 1153 1138 respondeas.
1426 1068 1436 1076 ·
2782 1075 2815 1110 ⁵

505 1161 717 1231 FORT.
767 1162 957 1225 dixit:
1004 1162 1146 1226 Non
1194 1165 1442 1244 poterat
1489 1162 1719 1226 noceri.

511 1269 615 1333 24.
654 1268 828 1335 AI'G.
860 1266 1050 1330 dixit:
1093 1264 1296 1344 Quare
1329 1286 1474 1351 ergo
1515 1268 1641 1331 huc
1676 1287 1793 1331 nos
1831 1266 2011 1329 misit
2046 1265 2397 1330 secundum
2440 1268 2716 1328 uestram

417 1374 602 1437 fidem
628 1378 658 1436 Ρ

505 1480 716 1549 FORT.
748 1479 939 1543 dixit:
979 1480 1298 1545 Professio
1335 1499 1477 1545 mea
1513 1481 1671 1545 haec
1710 1485 1828 1558 est,
1868 1480 2018 1563 quia
2054 1479 2266 1543 noceri
2305 1496 2429 1543 non
2470 1481 2721 1561 poterat

418 1586 532 1651 deo
583 1590 647 1651 et
693 1587 862 1668 quod
908 1586 1066 1651 deus
1115 1588 1242 1651 hue
1286 1606 1402 1651 nos
1441 1587 1684 1651 direxit.
1735 1587 1847 1651 sed
1885 1586 2037 1669 quia
2072 1587 2137 1650 id
2174 1585 2292 1649 tibi
2331 1584 2713 1650 contrarium
2758 1610 2813 1646 ιο

417 1696 534 1771 est,
582 1697 653 1757 tu
705 1694 825 1763 dic,
872 1712 1000 1776 qua
1043 1693 1284 1758 ratione
1333 1693 1436 1757 hic
1482 1693 1775 1776 adparuit
1812 1693 2040 1768 anima,
2083 1710 2271 1773 quam
2326 1708 2493 1753 nunc
2542 1688 2721 1771 eupit

418 1800 572 1865 deus
621 1805 837 1865 noster
883 1804 948 1865 et
992 1800 1311 1864 mandatis
1360 1804 1425 1865 et
1467 1802 1719 1883 proprio
1766 1800 1897 1865 filio
1946 1800 2185 1863 directo
2236 1797 2552 1862 liberare?

509 1910 612 1971 25.
659 1909 833 1977 AUG.
874 1908 1064 1972 dixit:
1116 1906 1426 1987 Quoniam
1474 1907 1663 1971 uideo
1712 1911 1775 1971 te
1823 1906 2225 1991 interrogatis
2264 1904 2425 1968 meis
2462 1922 2719 1986 respon-

417 2015 561 2080 dere
619 2034 742 2079 non
799 2015 1090 2099 potuisse
1152 2018 1216 2078 et
1269 2034 1372 2079 me
1438 2014 1679 2097 aliquid
1744 2015 2127 2098 interrogare
2196 2011 2507 2088 uoluisse,
2572 2028 2719 2074 ecce

418 2121 738 2186 satisfacio
786 2120 926 2197 tibi,
969 2121 1310 2186 dummodo
1348 2120 1713 2185 memineris
1751 2124 1815 2185 te
1856 2120 1933 2184 ad
1969 2120 2056 2186 id.
2097 2117 2265 2201 quod
2308 2116 2713 2200 interrogaui.
2758 2142 2813 2181 15

415 2246 538 2291 non
568 2227 993 2310 respondisse.
1035 2229 1244 2292 anima
1273 2248 1464 2310 quare
1493 2229 1598 2291 hie
1630 2228 1805 2293 sitin
1832 2227 2073 2292 mundo
2101 2226 2394 2290 inuoluta
2420 2224 2711 2298 miseriis,

419 2355 542 2399 non
591 2335 800 2405 modo,
861 2336 971 2399 sed
1027 2336 1218 2417 paulo
1267 2338 1410 2399 ante
1456 2334 1673 2400 neseio
1722 2334 2017 2417 quotiens
2066 2352 2103 2395 a
2148 2351 2249 2395 me
2298 2328 2541 2393 dictum
2588 2332 2706 2393 est.

417 2440 711 2524 peccauit
758 2440 968 2505 anima
1015 2444 1080 2505 et
1123 2440 1266 2506 ideo
1314 2442 1548 2506 misera
1594 2444 1709 2505 est.
1760 2440 2033 2504 liberum
2074 2441 2401 2505 arbitrium
2450 2440 2713 2523 accepit,

420 2566 536 2611 usa
575 2552 674 2611 est
708 2548 908 2612 libero
949 2548 1225 2623 arbitri0‚
1267 2547 1803 2629 quemadmodum
1841 2547 2089 2614 uoluit:
2140 2548 2322 2630 lapsa
2360 2552 2476 2616 est.
2516 2548 2717 2611 eiecta

421 2654 496 2718 de
552 2653 970 2729 beatitudine,
1033 2654 1336 2737 inplicata
1407 2654 1701 2718 miseriis.
1772 2654 1850 2717 ad
1916 2654 2037 2717 hoc
2104 2654 2222 2717 tibi
2278 2654 2715 2719 testimonium
2762 2674 2820 2711 20

417 2759 683 2823 recitaui
721 2752 998 2841 apostoli
1038 2759 1346 2824 dicentis:
1397 2759 1603 2825 sieut
1647 2780 1776 2842 per
1819 2778 2045 2823 unum
2084 2760 2463 2826 hominem
2503 2780 2717 2837 mom,

419 2865 528 2930 sic
587 2868 660 2929 et
715 2885 844 2949 per
899 2884 1123 2929 unum
1179 2866 1643 2931 resurrectio
1701 2869 2191 2931 mortuorum.
2260 2866 2414 2949 quid
2469 2866 2719 2949 quaeris

420 2971 744 3053 amplius?
811 2972 978 3035 unde
1044 2975 1116 3036 tu
1180 2972 1529 3055 responde:
1600 2974 1702 3038 cui
1756 2973 1967 3037 noceri
2024 2992 2147 3038 non
2210 2976 2479 3056 poterat,
2526 2992 2719 3055 quare

418 3078 542 3142 huc
589 3098 703 3143 nos
753 3078 982 3143 misit?

505 3184 721 3254 FORT.
770 3185 961 3249 dixit:
1031 3185 1237 3250 Causa
1292 3185 1450 3251 haec
1507 3186 1863 3269 quaerenda
1924 3190 2041 3263 est,
2109 3206 2221 3251 eur
2284 3187 2411 3251 huc
2474 3186 2725 3250 uenerit
2766 3206 2823 3245 ις

533 3446 556 3498 1
625 3445 869 3500 iustitiae
944 3444 1042 3499 sub
1114 3445 1245 3513 iugo
1322 3443 1522 3497 erimus
1600 3444 1653 3495 A
1859 3443 1891 3495 2
1959 3452 2015 3497 et
2078 3460 2179 3498 om.
2247 3446 2301 3496 A
2506 3447 2543 3498 4
2608 3462 2719 3499 non

417 3550 518 3587 om.
557 3533 612 3586 A
759 3535 840 3603 ut]
887 3537 950 3588 ut
996 3537 1093 3587 aut
1128 3533 1181 3585 A
1219 3536 1316 3586 aut
1352 3536 1415 3585 ut
1452 3532 1556 3599 P,b
1600 3532 1683 3598 (in
1707 3536 1831 3601 ηις.)
1866 3537 1962 3585 aut
1993 3535 2111 3599 (er.)
2142 3531 2197 3584 Β
2379 3536 2442 3585 ut
2476 3532 2641 3586 michi
2680 3536 2721 3587 8

417 3623 696 3735 {ippoterat
721 3638 828 3676 non
857 3622 1036 3675 noceri
1067 3622 1110 3675 S
1201 3620 1269 3674 10
1297 3620 1420 3691 huc]
1451 3621 1552 3675 hoc
1581 3622 1635 3675 B
1780 3622 1994 3692 direxit]
2024 3623 2176 3678 misit
2204 3623 2257 3675 P
2352 3624 2413 3676 11
2446 3620 2631 3691 paruit
2658 3622 2715 3675 A

453 3736 636 3807 paruit
669 3736 725 3789 Β
867 3738 1030 3805 nunc]
1067 3752 1174 3789 non
1211 3734 1312 3788 AS
1424 3737 1489 3790 13
1529 3737 1659 3807 quia
1687 3738 1731 3791 S
1872 3737 2173 3807 interrogas
2205 3738 2249 3791 S
2349 3738 2417 3791 14
2452 3753 2611 3807 posse
2641 3736 2715 3789 51>

419 3826 567 3883 aliud
604 3828 658 3880 A
805 3825 1129 3895 interrogari
1167 3823 1221 3876 A
1335 3826 1399 3879 16
1439 3844 1545 3881 non
1602 3828 1767 3896 resp]
1823 3844 1931 3881 non
1986 3827 2228 3897 potuisse
2286 3824 2609 3896 respondere
2664 3826 2722 3877 A

415 3909 661 4007 inuolssta
697 3941 752 3994 Β
899 3940 964 3995 17
1005 3944 1132 3994 ante
1170 3956 1254 4008 me
1292 3940 1349 3993 B
1529 3942 1711 3995 nescio
1756 3944 1807 4003 (ο
1848 3958 1984 3997 corr.
2014 3959 2080 3996 ex
2109 3946 2223 4010 ens)
2254 3943 2310 3995 A
2461 3938 2527 3994 18
2554 3939 2719 3993 mise-

415 4049 476 4086 ra
533 4036 648 4085 est·
689 4031 866 4099 legem
924 4029 1136 4099 accepit
1189 4046 1296 4083 non
1355 4046 1472 4083 eam
1529 4030 1774 4084 seruauit
1830 4036 1887 4085 et
1940 4030 2063 4084 ideo
2118 4030 2314 4085 misera
2362 4033 2448 4083 est
2488 4043 2601 4097 sqq.
2647 4028 2705 4080 A

417 4120 487 4174 20
523 4120 803 4190 implicata
840 4124 926 4174 est
962 4121 1062 4173 AS
1236 4120 1465 4201 recitaui
1502 4123 1631 4173 test.
1671 4119 1702 4172 b
1848 4121 1917 4173 22
1955 4120 2031 4173 sic
2062 4122 2140 4190 et]
2168 4121 2309 4173 sieut
2338 4118 2383 4172 S
2523 4120 2714 4192 unum]

415 4254 580 4289 unum
627 4234 900 4307 hominem
945 4234 1022 4288 Sb
1178 4202 1320 4304 quod
1367 4235 1422 4287 Β
1567 4234 1636 4288 24
1680 4200 1781 4299 Ιιζο
1827 4236 1882 4288 Β
2027 4235 2238 4289 miserit
2272 4236 2327 4287 A
2472 4238 2539 4291 25
2576 4237 2715 4290 haec

417 4368 520 4407 om.
570 4351 624 4404 A
775 4346 900 4417 huc]
947 4314 1050 4416 ιιξῖο
1089 4348 1144 4401 B
