3159 4984
502 424 635 485 294
1210 419 1264 472 S.
1318 417 1601 471 Aureli
1655 416 2094 486 Augustini

502 613 831 690 mundum,
910 612 1420 694 quandoquidem
1494 610 1686 675 etiam
1761 610 1964 693 ipsam
2031 609 2132 675 dei
2198 610 2622 675 substantiam
2685 610 2792 673 uel

500 723 787 783 naturam
838 738 963 783 non
1012 718 1223 783 solum
1280 716 1670 799 coinquinari
1723 716 2012 799 potuisse
2071 716 2182 781 sed
2239 716 2431 781 etiam
2490 734 2560 780 ex
2613 717 2790 799 parte

502 824 973 906 coinquinatam
1022 842 1161 888 3333
1210 822 1640 899 contendunt3
1699 841 1814 887 nec
1871 822 2079 887 solum
2137 822 2604 905 coinquinatam
2651 840 2789 886 esse

501 950 723 994 uerum
776 930 968 993 etiam
1018 948 1089 993 ex
1137 929 1308 993 omni
1353 931 1529 1012 parte
1576 928 1933 1012 recuperari
1969 928 2383 1011 mundarique
2419 948 2543 993 non
2578 946 2788 1011 posse.

498 1037 665 1101 unde
712 1036 944 1100 mirum
994 1040 1111 1113 est,
1164 1036 1333 1117 quod
1375 1036 1467 1099 ita
1515 1054 1582 1100 se
1633 1036 1854 1101 dicunt
1906 1036 2242 1100 inmundas
2301 1054 2518 1099 omnes
2575 1054 2790 1099 carnes

499 1144 858 1209 existimare
908 1147 973 1207 et
1021 1143 1100 1209 ob
1148 1143 1269 1208 hoc
1307 1143 1385 1207 ab
1426 1142 1517 1206 eis
1558 1142 1894 1216 abstinere,
1936 1142 2116 1223 quasi
2155 1141 2392 1223 aliquid
2433 1141 2793 1205 existiment

498 1272 638 1317 esse
683 1252 994 1316 mundum
1040 1272 1166 1317 non
1215 1252 1426 1316 solum
1474 1268 1785 1326 escarum,
1846 1249 1959 1315 sed
2015 1249 2297 1313 omnium
2343 1251 2789 1313 creaturarum.

498 1378 643 1421 nam
692 1360 757 1422 et
800 1358 943 1441 ipsa
990 1358 1159 1422 olera
1206 1360 1271 1422 et
1316 1375 1504 1439 poma
1552 1360 1618 1420 et
1664 1373 1880 1421 omnes
1937 1355 2152 1439 fruges
2203 1360 2266 1419 et
2310 1357 2514 1419 totam
2559 1357 2792 1419 terram

497 1468 561 1527 et
608 1466 855 1529 caelum
906 1464 1351 1529 commixtione
1390 1463 1600 1547 gentis
1639 1464 2038 1527 tenebrarum
2077 1461 2410 1544 perhibent
2442 1462 2789 1543 inquinat-a.

494 1568 741 1633 utinam
789 1590 937 1654 ergo
988 1573 1053 1634 et
1098 1570 1162 1633 in
1214 1569 1441 1634 ceteris
1492 1569 1650 1635 cibis
1700 1570 1890 1633 errori
1948 1588 2063 1633 suo
2123 1572 2541 1652 congruerent
2600 1571 2787 1651 atque

497 1677 573 1739 ab
623 1677 743 1753 his,
794 1695 953 1757 quae
1002 1675 1309 1739 inmunda
1350 1676 1590 1743 dic-unt.
1633 1675 1924 1740 omnibus
1965 1674 2334 1739 abstinendo
2373 1676 2539 1739 fame
2576 1676 2790 1758 potius

496 1787 889 1846 morerentur
936 1801 1125 1863 quam
1180 1782 1343 1846 tales
1400 1782 1832 1865 blasphemias
1889 1782 2294 1865 pertinaciter
2345 1782 2788 1865 loquerentur!

496 1904 642 1949 113111
692 1906 759 1950 33
810 1886 1121 1970 corrigere
1172 1889 1361 1967 atque
1413 1886 1744 1950 emendare
1790 1885 2154 1951 nolentibus
2201 1888 2321 1952 hoc
2370 1907 2508 1952 esse
2564 1887 2789 1952 utilius

496 1992 638 2073 quis
688 2012 808 2057 non
858 1992 1240 2074 intellegat?

584 2098 641 2161 7.
696 2098 1105 2163 Testamento
1155 2102 1371 2163 autem
1419 2101 1642 2175 ueteri,
1684 2101 1794 2164 ubi
1843 2101 2098 2183 quidam
2147 2102 2272 2166 cibi
2321 2104 2600 2167 carnium
2649 2123 2789 2185 pro-

493 2203 811 2282 hibentur,
864 2224 976 2269 cur
1020 2225 1144 2271 non
1194 2205 1280 2270 sit
1327 2208 1641 2271 contraria
1684 2208 1813 2272 ista
1859 2209 2192 2286 sententia,
2253 2229 2377 2292 qua
2433 2208 2588 2273 dicit
2643 2228 2788 2291 apo-

496 2313 743 2376 stolus:
812 2312 1057 2377 omnia
1112 2314 1385 2377 munda
1440 2314 1740 2379 mundis
1807 2318 1898 2379 et:
1967 2316 2206 2381 omnis
2265 2320 2612 2381 creatura
2668 2315 2787 2380 dei

492 2417 684 2482 bona
751 2420 895 2495 est,
965 2417 1019 2481 si
1084 2421 1385 2501 possunt,
1450 2419 1829 2503 intellegant
1891 2420 2011 2486 hoc
2077 2423 2436 2503 apostolum
2497 2422 2572 2485 de
2627 2421 2786 2504 ipsis

495 2524 725 2588 dixisse
773 2524 1035 2601 naturiS,
1086 2525 1230 2590 illas
1280 2529 1494 2589 autem
1542 2526 1790 2590 litteras
1837 2530 2093 2609 propter
2131 2528 2433 2609 quasdam
2475 2529 2784 2612 praefigu-

490 2631 772 2697 rationes
830 2631 1117 2714 tempori·
1158 2634 1577 2715 congruentes
1639 2632 1934 2696 animalia
1989 2634 2295 2715 quaedam
2351 2654 2475 2699 11011
2540 2638 2784 2703 natura.

493 2737 605 2802 sed
654 2737 1120 2821 significatione
1167 2738 1473 2802 inmunda
1520 2739 1774 2803 dixisse.
1840 2740 2054 2822 itaque
2111 2742 2290 2805 uerbi
2336 2742 2558 2826 gratia,
2608 2742 2661 2807 si
2709 2743 2786 2806 de

486 2864 675 2926 porco
726 2847 791 2908 et
836 2864 1000 2928 agno
1048 2845 1425 2926 requiratur,
1466 2847 1808 2927 utrumque
1857 2850 2080 2911 natura
2125 2849 2432 2913 mundum
2482 2852 2598 2926 est,
2639 2850 2786 2932 quia

489 2950 727 3015 omnis
778 2952 1127 3014 creatura
1174 2949 1291 3013 dei
1338 2951 1531 3015 bona
1578 2955 1722 3026 est;
1793 2952 2061 3033 quadam
2113 2974 2264 3019 uero
2324 2954 2786 3038 significatione

488 3074 689 3137 agnus
738 3056 1034 3129 mundus,
1084 3076 1315 3139 porcus
1363 3058 1708 3123 inmundus
1759 3063 1875 3123 est.
1924 3063 2250 3143 tamquam
2299 3062 2354 3125 si
2402 3063 2672 3126 stultum
2723 3066 2786 3126 et

492 3160 838 3242 sapientem
890 3162 1153 3238 diceres,
1203 3167 1545 3246 utrumque
1595 3166 1714 3229 hoc
1763 3168 2028 3231 uerbum
2077 3173 2300 3232 natura
2345 3169 2524 3233 uocis
2572 3171 2638 3232 et
2681 3167 2783 3231 lit-

488 3270 766 3330 terarum
816 3270 880 3331 et
927 3268 1335 3351 syllabarum,
1386 3271 1617 3351 quibus
1680 3277 1947 3350 constat,
2005 3275 2225 3356 utique
2281 3276 2588 3339 mundum
2647 3284 2781 3340 est:

488 3372 954 3455 significatione
995 3378 1212 3439 autem
1248 3396 1449 3440 unum
1484 3377 1711 3442 horum
1741 3379 2029 3456 uerbum,
2061 3381 2230 3462 quod
2259 3380 2492 3445 dicitur
2521 3382 2782 3446 stultus,

488 3478 865 3544 inmundum
914 3480 1038 3545 dici
1081 3484 1314 3565 potest,
1354 3502 1479 3547 non
1526 3488 1752 3548 natura
1800 3484 1920 3562 sui,
1971 3486 2082 3550 sed
2131 3488 2429 3569 quoniam
2478 3487 2780 3570 quiddam

486 3584 863 3651 inmundum
932 3588 1269 3671 significat.
1341 3592 1405 3653 et
1460 3588 1731 3655 fortasse
1789 3591 1956 3673 quod
2013 3597 2112 3657 est
2165 3594 2228 3656 in
2285 3591 2493 3657 rer‘um
2559 3594 2785 3678 figuris

672 3818 734 3869 15
772 3818 799 3871 Ι
838 3818 975 3871 Τ1111.
1015 3822 1064 3877 4.
1104 3822 1140 3872 4

560 3969 588 4019 1
642 3967 829 4034 31131111
879 3967 1019 4021 3111111
1074 3969 1121 4022 0
1296 3970 1328 4023 3
1377 3971 1804 4041 coinquinatam]
1851 3974 2091 4041 potuisse
2139 3974 2185 4029 S
2363 3977 2392 4029 7
2441 3992 2682 4048 escarum
2743 3980 2791 4033 C

484 4072 759 4111 aescarum
788 4055 834 4109 S
939 4056 971 4109 8
1009 4056 1194 4111 holera
1218 4059 1391 4133 ,SMG
1502 4060 1568 4113 10
1599 4059 1764 4114 errori
1795 4062 1834 4127 (i
1861 4078 1905 4115 3.
1937 4079 2054 4130 erp.
2089 4080 2117 4116 e
2143 4080 2214 4117 m.
2243 4069 2292 4131 1)
2331 4064 2375 4118 Ο
2485 4066 2548 4119 11
2582 4083 2684 4135 que
2721 4068 2790 4121 M

488 4144 553 4197 16
611 4161 748 4213 quur
799 4142 853 4197 L
1036 4146 1102 4199 17
1160 4148 1305 4201 omni
1362 4148 1427 4201 S¹
1615 4149 1680 4201 18
1735 4150 2064 4221 intellegant
2122 4164 2208 4214 (ex
2261 4152 2677 4223 intellegebant)
2731 4156 2784 4208 L

490 4232 554 4285 19
603 4238 822 4287 naturas
870 4234 935 4288 8¹
1117 4236 1183 4289 21
1236 4236 1326 4299 (24
1374 4240 1431 4289 et
1480 4236 1570 4302 29)
1621 4238 1898 4291 immunda.
1949 4240 1987 4301 (i
2032 4256 2074 4293 3.
2125 4241 2159 4293 l.
2199 4242 2364 4308 pm'us
2407 4259 2458 4293 m
2509 4258 2573 4295 a·
2609 4241 2685 4300 111)
2733 4243 2784 4295 L

486 4320 555 4372 26
595 4321 905 4375 sillabarum
951 4322 999 4376 0
1101 4324 1169 4376 27
1210 4342 1313 4393 quo
1356 4324 1386 4377 b

2859 1058 2891 1095 5

2828 1589 2889 1624 10

2827 2117 2882 2155 15

2825 2648 2886 2685 20

2825 3178 2880 3217 25
