<?xml version="1.0" encoding="UTF-8"?>
<!DOCTYPE html PUBLIC "-//W3C//DTD XHTML 1.0 Transitional//EN"
    "http://www.w3.org/TR/xhtml1/DTD/xhtml1-transitional.dtd">
<html xmlns="http://www.w3.org/1999/xhtml" xml:lang="en" lang="en">
 <head>
  <title>
</title>
<meta http-equiv="Content-Type" content="text/html;charset=utf-8" />
  <meta name='ocr-system' content='tesseract 3.04.00' />
  <meta name='ocr-capabilities' content='ocr_page ocr_carea ocr_par ocr_line ocrx_word'/>
</head>
<body>
  <div class='ocr_page' id='page_1' title='image "./corpusscriptoru27wissgoog_0286.png"; bbox 0 0 3159 4984; ppageno 0'>
   <div class='ocr_carea' id='block_1_1' title="bbox 425 476 1995 549">
    <p class='ocr_par' dir='ltr' id='par_1_1' title="bbox 425 476 1995 549">
     <span class='ocr_line' id='line_1_1' title="bbox 425 476 1995 549; baseline -0.004 -10"><span class='ocrx_word' id='word_1_1' title='bbox 425 482 553 545; x_wconf 83' lang='lat'>278</span> <span class='ocrx_word' id='word_1_2' title='bbox 1121 478 1173 533; x_wconf 78' lang='lat' dir='ltr'>S.</span> <span class='ocrx_word' id='word_1_3' title='bbox 1232 478 1507 533; x_wconf 86' lang='lat' dir='ltr'>Aureli</span> <span class='ocrx_word' id='word_1_4' title='bbox 1561 476 1995 549; x_wconf 78' lang='lat' dir='ltr'><strong>Augustini</strong></span> 
     </span>
    </p>
   </div>
   <div class='ocr_carea' id='block_1_2' title="bbox 411 676 2797 3433">
    <p class='ocr_par' dir='ltr' id='par_1_2' title="bbox 417 676 2714 1509">
     <span class='ocr_line' id='line_1_2' title="bbox 423 676 2713 761; baseline 0 -21"><span class='ocrx_word' id='word_1_5' title='bbox 423 677 576 759; x_wconf 87' lang='lat' dir='ltr'>quia</span> <span class='ocrx_word' id='word_1_6' title='bbox 639 676 704 741; x_wconf 90' lang='lat' dir='ltr'>in</span> <span class='ocrx_word' id='word_1_7' title='bbox 769 678 990 743; x_wconf 87' lang='lat' dir='ltr'>mattis</span> <span class='ocrx_word' id='word_1_8' title='bbox 1067 677 1416 755; x_wconf 90' lang='lat' dir='ltr'>dormiunt,</span> <span class='ocrx_word' id='word_1_9' title='bbox 1481 676 1770 743; x_wconf 86' lang='lat' dir='ltr'>Mattarii</span> <span class='ocrx_word' id='word_1_10' title='bbox 1834 676 2269 761; x_wconf 88' lang='lat' dir='ltr'>appellantur;</span> <span class='ocrx_word' id='word_1_11' title='bbox 2344 696 2379 741; x_wconf 89' lang='lat' dir='ltr'>a</span> <span class='ocrx_word' id='word_1_12' title='bbox 2443 696 2713 759; x_wconf 90' lang='lat' dir='ltr'>quorum</span> 
     </span>
     <span class='ocr_line' id='line_1_3' title="bbox 422 782 2713 869; baseline -0.001 -20"><span class='ocrx_word' id='word_1_13' title='bbox 422 784 646 849; x_wconf 85' lang='lat' dir='ltr'>stratis</span> <span class='ocrx_word' id='word_1_14' title='bbox 711 784 902 869; x_wconf 87' lang='lat' dir='ltr'>longe</span> <span class='ocrx_word' id='word_1_15' title='bbox 970 784 1316 850; x_wconf 83' lang='lat' dir='ltr'>dissimiles</span> <span class='ocrx_word' id='word_1_16' title='bbox 1379 784 1641 849; x_wconf 73' lang='lat' dir='ltr'>fuerunt</span> <span class='ocrx_word' id='word_1_17' title='bbox 1702 784 1957 867; x_wconf 87' lang='lat' dir='ltr'>plumae</span> <span class='ocrx_word' id='word_1_18' title='bbox 2016 782 2241 849; x_wconf 79' lang='lat' dir='ltr'>Fausti</span> <span class='ocrx_word' id='word_1_19' title='bbox 2306 787 2371 848; x_wconf 91' lang='lat' dir='ltr'>et</span> <span class='ocrx_word' id='word_1_20' title='bbox 2424 784 2713 868; x_wconf 82' lang='lat' dir='ltr'>caprinae</span> 
     </span>
     <span class='ocr_line' id='line_1_4' title="bbox 421 890 2713 973; baseline 0 -20"><span class='ocrx_word' id='word_1_21' title='bbox 421 890 684 968; x_wconf 79' lang='lat' dir='ltr'>lodices,</span> <span class='ocrx_word' id='word_1_22' title='bbox 740 909 865 973; x_wconf 88' lang='lat' dir='ltr'>qua</span> <span class='ocrx_word' id='word_1_23' title='bbox 932 891 1298 956; x_wconf 86' lang='lat' dir='ltr'>deliciarum</span> <span class='ocrx_word' id='word_1_24' title='bbox 1352 890 1698 955; x_wconf 88' lang='lat' dir='ltr'>adfluentia</span> <span class='ocrx_word' id='word_1_25' title='bbox 1742 909 1865 955; x_wconf 91' lang='lat' dir='ltr'>non</span> <span class='ocrx_word' id='word_1_26' title='bbox 1910 891 2120 956; x_wconf 90' lang='lat' dir='ltr'>solum</span> <span class='ocrx_word' id='word_1_27' title='bbox 2156 890 2491 957; x_wconf 88' lang='lat' dir='ltr'>Mattarios</span> <span class='ocrx_word' id='word_1_28' title='bbox 2536 890 2713 955; x_wconf 87' lang='lat' dir='ltr'>fasti-</span> 
     </span>
     <span class='ocr_line' id='line_1_5' title="bbox 425 996 2713 1082; baseline 0 -21"><span class='ocrx_word' id='word_1_29' title='bbox 425 996 660 1071; x_wconf 88' lang='lat' dir='ltr'>diebat,</span> <span class='ocrx_word' id='word_1_30' title='bbox 720 997 834 1062; x_wconf 89' lang='lat' dir='ltr'>sed</span> <span class='ocrx_word' id='word_1_31' title='bbox 891 998 1085 1062; x_wconf 89' lang='lat' dir='ltr'>etiam</span> <span class='ocrx_word' id='word_1_32' title='bbox 1141 998 1403 1063; x_wconf 92' lang='lat' dir='ltr'>domum</span> <span class='ocrx_word' id='word_1_33' title='bbox 1457 998 1656 1082; x_wconf 89' lang='lat' dir='ltr'>patris</span> <span class='ocrx_word' id='word_1_34' title='bbox 1712 998 1815 1063; x_wconf 90' lang='lat' dir='ltr'>sui</span> <span class='ocrx_word' id='word_1_35' title='bbox 1868 996 2143 1063; x_wconf 89' lang='lat' dir='ltr'>hominis</span> <span class='ocrx_word' id='word_1_36' title='bbox 2186 998 2485 1081; x_wconf 88' lang='lat' dir='ltr'>pauperis</span> <span class='ocrx_word' id='word_1_37' title='bbox 2530 996 2713 1061; x_wconf 87' lang='lat' dir='ltr'>Mile-</span> 
     </span>
     <span class='ocr_line' id='line_1_6' title="bbox 417 1103 2712 1190; baseline 0.001 -24"><span class='ocrx_word' id='word_1_38' title='bbox 417 1103 645 1167; x_wconf 89' lang='lat' dir='ltr'>uitani.</span> <span class='ocrx_word' id='word_1_39' title='bbox 716 1104 956 1170; x_wconf 88' lang='lat' dir='ltr'>auferte</span> <span class='ocrx_word' id='word_1_40' title='bbox 1023 1124 1172 1190; x_wconf 73' lang='lat' dir='ltr'>ergo</span> <span class='ocrx_word' id='word_1_41' title='bbox 1237 1104 1550 1188; x_wconf 77' lang='lat' dir='ltr'>perditam</span> <span class='ocrx_word' id='word_1_42' title='bbox 1616 1104 2112 1181; x_wconf 75' lang='lat' dir='ltr'>simulationem,</span> <span class='ocrx_word' id='word_1_43' title='bbox 2178 1104 2235 1169; x_wconf 90' lang='lat' dir='ltr'>si</span> <span class='ocrx_word' id='word_1_44' title='bbox 2290 1105 2367 1169; x_wconf 90' lang='lat' dir='ltr'>de</span> <span class='ocrx_word' id='word_1_45' title='bbox 2430 1105 2712 1171; x_wconf 87' lang='lat' dir='ltr'>moribus</span> 
     </span>
     <span class='ocr_line' id='line_1_7' title="bbox 422 1211 2714 1297; baseline 0.001 -24"><span class='ocrx_word' id='word_1_46' title='bbox 422 1230 544 1275; x_wconf 88' lang='lat' dir='ltr'>non</span> <span class='ocrx_word' id='word_1_47' title='bbox 592 1211 819 1282; x_wconf 84' lang='lat' dir='ltr'>uultis,</span> <span class='ocrx_word' id='word_1_48' title='bbox 881 1213 1112 1277; x_wconf 88' lang='lat' dir='ltr'>saltem</span> <span class='ocrx_word' id='word_1_49' title='bbox 1170 1211 1245 1276; x_wconf 89' lang='lat' dir='ltr'>de</span> <span class='ocrx_word' id='word_1_50' title='bbox 1302 1212 1536 1277; x_wconf 79' lang='lat' dir='ltr'>litteris</span> <span class='ocrx_word' id='word_1_51' title='bbox 1592 1212 1851 1287; x_wconf 90' lang='lat' dir='ltr'>uestris,</span> <span class='ocrx_word' id='word_1_52' title='bbox 1908 1230 1987 1275; x_wconf 88' lang='lat' dir='ltr'>ne</span> <span class='ocrx_word' id='word_1_53' title='bbox 2040 1212 2263 1297; x_wconf 89' lang='lat' dir='ltr'>lingua</span> <span class='ocrx_word' id='word_1_54' title='bbox 2306 1216 2523 1278; x_wconf 87' lang='lat' dir='ltr'>uestra</span> <span class='ocrx_word' id='word_1_55' title='bbox 2567 1230 2714 1276; x_wconf 91' lang='lat' dir='ltr'>cum</span> 
     </span>
     <span class='ocr_line' id='line_1_8' title="bbox 420 1317 2709 1401; baseline 0 -21"><span class='ocrx_word' id='word_1_56' title='bbox 420 1317 558 1381; x_wconf 87' lang='lat' dir='ltr'>uita</span> <span class='ocrx_word' id='word_1_57' title='bbox 593 1321 813 1381; x_wconf 88' lang='lat' dir='ltr'>uestra</span> <span class='ocrx_word' id='word_1_58' title='bbox 849 1322 1182 1401; x_wconf 89' lang='lat' dir='ltr'>tamquam</span> <span class='ocrx_word' id='word_1_59' title='bbox 1218 1318 1327 1383; x_wconf 89' lang='lat' dir='ltr'>ille</span> <span class='ocrx_word' id='word_1_60' title='bbox 1364 1318 1611 1401; x_wconf 90' lang='lat' dir='ltr'>primus</span> <span class='ocrx_word' id='word_1_61' title='bbox 1648 1318 1838 1384; x_wconf 91' lang='lat' dir='ltr'>homo</span> <span class='ocrx_word' id='word_1_62' title='bbox 1880 1336 2025 1383; x_wconf 91' lang='lat' dir='ltr'>cum</span> <span class='ocrx_word' id='word_1_63' title='bbox 2064 1321 2255 1401; x_wconf 88' lang='lat' dir='ltr'>gente</span> <span class='ocrx_word' id='word_1_64' title='bbox 2307 1319 2709 1384; x_wconf 88' lang='lat' dir='ltr'>tenebrarum</span> 
     </span>
     <span class='ocr_line' id='line_1_9' title="bbox 423 1423 2533 1509; baseline 0 -22"><span class='ocrx_word' id='word_1_65' title='bbox 423 1423 839 1489; x_wconf 86' lang='lat' dir='ltr'>mendacibus</span> <span class='ocrx_word' id='word_1_66' title='bbox 887 1444 1012 1490; x_wconf 89' lang='lat' dir='ltr'>non</span> <span class='ocrx_word' id='word_1_67' title='bbox 1063 1425 1420 1499; x_wconf 80' lang='lat' dir='ltr'>elementis,</span> <span class='ocrx_word' id='word_1_68' title='bbox 1469 1424 1585 1489; x_wconf 82' lang='lat' dir='ltr'>sed</span> <span class='ocrx_word' id='word_1_69' title='bbox 1632 1424 1845 1489; x_wconf 90' lang='lat' dir='ltr'>uerbis</span> <span class='ocrx_word' id='word_1_70' title='bbox 1892 1442 2175 1509; x_wconf 86' lang='lat' dir='ltr'>pugnare</span> <span class='ocrx_word' id='word_1_71' title='bbox 2220 1424 2533 1489; x_wconf 85' lang='lat' dir='ltr'>uideatur.</span> 
     </span>
    </p>

    <p class='ocr_par' dir='ltr' id='par_1_3' title="bbox 413 1530 2797 2881">
     <span class='ocr_line' id='line_1_10' title="bbox 511 1530 2713 1615; baseline -0 -20"><span class='ocrx_word' id='word_1_72' title='bbox 511 1533 571 1596; x_wconf 87' lang='lat'>6.</span> <span class='ocrx_word' id='word_1_73' title='bbox 642 1530 766 1596; x_wconf 84' lang='lat' dir='ltr'>Sed</span> <span class='ocrx_word' id='word_1_74' title='bbox 823 1551 901 1596; x_wconf 92' lang='lat' dir='ltr'>ne</span> <span class='ocrx_word' id='word_1_75' title='bbox 957 1532 1020 1595; x_wconf 90' lang='lat' dir='ltr'>in</span> <span class='ocrx_word' id='word_1_76' title='bbox 1079 1532 1370 1597; x_wconf 89' lang='lat' dir='ltr'>homines</span> <span class='ocrx_word' id='word_1_77' title='bbox 1423 1531 1639 1613; x_wconf 89' lang='lat' dir='ltr'>potius</span> <span class='ocrx_word' id='word_1_78' title='bbox 1696 1549 1819 1595; x_wconf 92' lang='lat' dir='ltr'>non</span> <span class='ocrx_word' id='word_1_79' title='bbox 1874 1531 2191 1615; x_wconf 85' lang='lat' dir='ltr'>inplentes</span> <span class='ocrx_word' id='word_1_80' title='bbox 2239 1548 2333 1607; x_wconf 89' lang='lat' dir='ltr'>ea,</span> <span class='ocrx_word' id='word_1_81' title='bbox 2380 1550 2541 1614; x_wconf 90' lang='lat' dir='ltr'>quae</span> <span class='ocrx_word' id='word_1_82' title='bbox 2590 1531 2713 1596; x_wconf 90' lang='lat' dir='ltr'>sibi</span> 
     </span>
     <span class='ocr_line' id='line_1_11' title="bbox 418 1638 2797 1722; baseline -0 -20"><span class='ocrx_word' id='word_1_83' title='bbox 418 1638 912 1722; x_wconf 89' lang='lat' dir='ltr'>praecipiuntur,</span> <span class='ocrx_word' id='word_1_84' title='bbox 980 1658 1166 1721; x_wconf 89' lang='lat' dir='ltr'>quam</span> <span class='ocrx_word' id='word_1_85' title='bbox 1223 1639 1289 1703; x_wconf 90' lang='lat' dir='ltr'>in</span> <span class='ocrx_word' id='word_1_86' title='bbox 1343 1638 1550 1721; x_wconf 86' lang='lat' dir='ltr'>ipsam</span> <span class='ocrx_word' id='word_1_87' title='bbox 1618 1641 1859 1703; x_wconf 79' lang='lat' dir='ltr'>sectam</span> <span class='ocrx_word' id='word_1_88' title='bbox 1922 1638 2257 1703; x_wconf 89' lang='lat' dir='ltr'>uanissimi</span> <span class='ocrx_word' id='word_1_89' title='bbox 2322 1639 2546 1705; x_wconf 88' lang='lat' dir='ltr'>erroris</span> <span class='ocrx_word' id='word_1_90' title='bbox 2609 1656 2711 1702; x_wconf 90' lang='lat' dir='ltr'>me</span> <span class='ocrx_word' id='word_1_91' title='bbox 2744 1644 2797 1684; x_wconf 83' lang='lat'>¹⁰</span> 
     </span>
     <span class='ocr_line' id='line_1_12' title="bbox 418 1738 2714 1829; baseline 0.001 -21"><span class='ocrx_word' id='word_1_92' title='bbox 418 1744 546 1809; x_wconf 88' lang='lat' dir='ltr'>ista</span> <span class='ocrx_word' id='word_1_93' title='bbox 594 1745 800 1810; x_wconf 88' lang='lat' dir='ltr'>dicere</span> <span class='ocrx_word' id='word_1_94' title='bbox 849 1746 1190 1829; x_wconf 90' lang='lat' dir='ltr'>quisquam</span> <span class='ocrx_word' id='word_1_95' title='bbox 1236 1744 1673 1829; x_wconf 89' lang='lat' dir='ltr'>reprehendat,</span> <span class='ocrx_word' id='word_1_96' title='bbox 1730 1744 1853 1811; x_wconf 89' lang='lat' dir='ltr'>hoc</span> <span class='ocrx_word' id='word_1_97' title='bbox 1906 1744 2091 1811; x_wconf 83' lang='lat' dir='ltr'>dico:</span> <span class='ocrx_word' id='word_1_98' title='bbox 2157 1746 2313 1809; x_wconf 79' lang='lat' dir='ltr'>talia</span> <span class='ocrx_word' id='word_1_99' title='bbox 2370 1738 2521 1810; x_wconf 77' lang='lat' dir='ltr'>s&#39;unt</span> <span class='ocrx_word' id='word_1_100' title='bbox 2571 1746 2714 1829; x_wconf 88' lang='lat' dir='ltr'>ipsa</span> 
     </span>
     <span class='ocr_line' id='line_1_13' title="bbox 420 1852 2709 1937; baseline 0 -22"><span class='ocrx_word' id='word_1_101' title='bbox 420 1854 759 1936; x_wconf 88' lang='lat' dir='ltr'>praecepta</span> <span class='ocrx_word' id='word_1_102' title='bbox 783 1852 1162 1930; x_wconf 84' lang='lat' dir='ltr'>Manichaei,</span> <span class='ocrx_word' id='word_1_103' title='bbox 1191 1856 1266 1916; x_wconf 91' lang='lat' dir='ltr'>ut</span> <span class='ocrx_word' id='word_1_104' title='bbox 1305 1852 1360 1918; x_wconf 89' lang='lat' dir='ltr'>si</span> <span class='ocrx_word' id='word_1_105' title='bbox 1398 1872 1474 1917; x_wconf 89' lang='lat' dir='ltr'>ea</span> <span class='ocrx_word' id='word_1_106' title='bbox 1509 1871 1634 1917; x_wconf 90' lang='lat' dir='ltr'>non</span> <span class='ocrx_word' id='word_1_107' title='bbox 1671 1852 1943 1929; x_wconf 86' lang='lat' dir='ltr'>faciatis,</span> <span class='ocrx_word' id='word_1_108' title='bbox 1975 1852 2365 1937; x_wconf 79' lang='lat' dir='ltr'>deceptoreS,</span> <span class='ocrx_word' id='word_1_109' title='bbox 2404 1853 2461 1917; x_wconf 90' lang='lat' dir='ltr'>si</span> <span class='ocrx_word' id='word_1_110' title='bbox 2497 1856 2709 1917; x_wconf 90' lang='lat' dir='ltr'>autem</span> 
     </span>
     <span class='ocr_line' id='line_1_14' title="bbox 421 1958 2709 2044; baseline 0 -21"><span class='ocrx_word' id='word_1_111' title='bbox 421 1958 694 2037; x_wconf 88' lang='lat' dir='ltr'>faciatis,</span> <span class='ocrx_word' id='word_1_112' title='bbox 746 1959 997 2044; x_wconf 90' lang='lat' dir='ltr'>decepti</span> <span class='ocrx_word' id='word_1_113' title='bbox 1045 1960 1207 2025; x_wconf 88' lang='lat' dir='ltr'>sitis.</span> <span class='ocrx_word' id='word_1_114' title='bbox 1274 1980 1479 2043; x_wconf 86' lang='lat' dir='ltr'>neque</span> <span class='ocrx_word' id='word_1_115' title='bbox 1548 1959 1715 2024; x_wconf 92' lang='lat' dir='ltr'>enim</span> <span class='ocrx_word' id='word_1_116' title='bbox 1782 1959 2075 2027; x_wconf 85' lang='lat' dir='ltr'>Christus</span> <span class='ocrx_word' id='word_1_117' title='bbox 2130 1960 2318 2025; x_wconf 88' lang='lat' dir='ltr'>uobis</span> <span class='ocrx_word' id='word_1_118' title='bbox 2370 1960 2709 2043; x_wconf 88' lang='lat' dir='ltr'>praecepit,</span> 
     </span>
     <span class='ocr_line' id='line_1_15' title="bbox 418 2065 2711 2151; baseline 0.001 -21"><span class='ocrx_word' id='word_1_119' title='bbox 418 2070 494 2130; x_wconf 89' lang='lat' dir='ltr'>ut</span> <span class='ocrx_word' id='word_1_120' title='bbox 539 2068 798 2131; x_wconf 89' lang='lat' dir='ltr'>herbam</span> <span class='ocrx_word' id='word_1_121' title='bbox 846 2086 968 2132; x_wconf 90' lang='lat' dir='ltr'>non</span> <span class='ocrx_word' id='word_1_122' title='bbox 1018 2065 1332 2143; x_wconf 82' lang='lat' dir='ltr'>euellatiS,</span> <span class='ocrx_word' id='word_1_123' title='bbox 1372 2087 1451 2133; x_wconf 90' lang='lat' dir='ltr'>ne</span> <span class='ocrx_word' id='word_1_124' title='bbox 1487 2066 1903 2132; x_wconf 90' lang='lat' dir='ltr'>homicidium</span> <span class='ocrx_word' id='word_1_125' title='bbox 1941 2067 2340 2151; x_wconf 87' lang='lat' dir='ltr'>perpetretis,</span> <span class='ocrx_word' id='word_1_126' title='bbox 2379 2066 2489 2149; x_wconf 86' lang='lat' dir='ltr'>qui</span> <span class='ocrx_word' id='word_1_127' title='bbox 2527 2066 2711 2132; x_wconf 90' lang='lat' dir='ltr'>disci-</span> 
     </span>
     <span class='ocr_line' id='line_1_16' title="bbox 419 2173 2795 2259; baseline 0 -22"><span class='ocrx_word' id='word_1_128' title='bbox 419 2174 607 2256; x_wconf 91' lang='lat' dir='ltr'>pulos</span> <span class='ocrx_word' id='word_1_129' title='bbox 683 2194 836 2239; x_wconf 88' lang='lat' dir='ltr'>suos</span> <span class='ocrx_word' id='word_1_130' title='bbox 907 2194 1020 2257; x_wconf 91' lang='lat' dir='ltr'>per</span> <span class='ocrx_word' id='word_1_131' title='bbox 1093 2178 1376 2259; x_wconf 86' lang='lat' dir='ltr'>segetem</span> <span class='ocrx_word' id='word_1_132' title='bbox 1450 2176 1853 2239; x_wconf 84' lang='lat' dir='ltr'>transeuntes</span> <span class='ocrx_word' id='word_1_133' title='bbox 1920 2176 1985 2238; x_wconf 92' lang='lat' dir='ltr'>et</span> <span class='ocrx_word' id='word_1_134' title='bbox 2048 2173 2400 2239; x_wconf 88' lang='lat' dir='ltr'>esurientes</span> <span class='ocrx_word' id='word_1_135' title='bbox 2474 2173 2710 2238; x_wconf 90' lang='lat' dir='ltr'>uellere</span> <span class='ocrx_word' id='word_1_136' title='bbox 2742 2177 2795 2218; x_wconf 84' lang='lat'>¹⁵</span> 
     </span>
     <span class='ocr_line' id='line_1_17' title="bbox 419 2280 2708 2364; baseline 0 -19"><span class='ocrx_word' id='word_1_137' title='bbox 419 2280 629 2363; x_wconf 87' lang='lat' dir='ltr'>spicas</span> <span class='ocrx_word' id='word_1_138' title='bbox 678 2280 943 2346; x_wconf 87' lang='lat' dir='ltr'>sabbato</span> <span class='ocrx_word' id='word_1_139' title='bbox 991 2300 1114 2346; x_wconf 90' lang='lat' dir='ltr'>non</span> <span class='ocrx_word' id='word_1_140' title='bbox 1160 2281 1505 2364; x_wconf 86' lang='lat' dir='ltr'>prohibuit,</span> <span class='ocrx_word' id='word_1_141' title='bbox 1553 2281 1720 2345; x_wconf 89' lang='lat' dir='ltr'>unde</span> <span class='ocrx_word' id='word_1_142' title='bbox 1768 2281 2175 2347; x_wconf 89' lang='lat' dir='ltr'>conuinceret</span> <span class='ocrx_word' id='word_1_143' title='bbox 2230 2284 2293 2345; x_wconf 91' lang='lat' dir='ltr'>et</span> <span class='ocrx_word' id='word_1_144' title='bbox 2344 2282 2708 2364; x_wconf 86' lang='lat' dir='ltr'>praesentes</span> 
     </span>
     <span class='ocr_line' id='line_1_18' title="bbox 418 2386 2707 2470; baseline 0 -20"><span class='ocrx_word' id='word_1_145' title='bbox 418 2386 691 2453; x_wconf 86' lang='lat' dir='ltr'>Iudaeos</span> <span class='ocrx_word' id='word_1_146' title='bbox 758 2389 823 2451; x_wconf 93' lang='lat' dir='ltr'>et</span> <span class='ocrx_word' id='word_1_147' title='bbox 884 2388 1134 2454; x_wconf 80' lang='lat' dir='ltr'>futuros</span> <span class='ocrx_word' id='word_1_148' title='bbox 1198 2387 1643 2453; x_wconf 89' lang='lat' dir='ltr'>Manichaeos:</span> <span class='ocrx_word' id='word_1_149' title='bbox 1710 2388 1885 2466; x_wconf 87' lang='lat' dir='ltr'>illos,</span> <span class='ocrx_word' id='word_1_150' title='bbox 1954 2389 2103 2470; x_wconf 90' lang='lat' dir='ltr'>quia</span> <span class='ocrx_word' id='word_1_151' title='bbox 2166 2388 2429 2455; x_wconf 89' lang='lat' dir='ltr'>sabbato</span> <span class='ocrx_word' id='word_1_152' title='bbox 2494 2386 2707 2463; x_wconf 88' lang='lat' dir='ltr'>fiebat,</span> 
     </span>
     <span class='ocr_line' id='line_1_19' title="bbox 416 2493 2705 2580; baseline 0.001 -23"><span class='ocrx_word' id='word_1_153' title='bbox 416 2494 585 2570; x_wconf 84' lang='lat' dir='ltr'>illos,</span> <span class='ocrx_word' id='word_1_154' title='bbox 635 2495 784 2577; x_wconf 88' lang='lat' dir='ltr'>quia</span> <span class='ocrx_word' id='word_1_155' title='bbox 827 2495 1040 2559; x_wconf 89' lang='lat' dir='ltr'>fiebat.</span> <span class='ocrx_word' id='word_1_156' title='bbox 1109 2496 1220 2561; x_wconf 87' lang='lat' dir='ltr'>sed</span> <span class='ocrx_word' id='word_1_157' title='bbox 1266 2496 1454 2580; x_wconf 87' lang='lat' dir='ltr'>plane</span> <span class='ocrx_word' id='word_1_158' title='bbox 1498 2495 1911 2559; x_wconf 80' lang='lat' dir='ltr'>Manichacus</span> <span class='ocrx_word' id='word_1_159' title='bbox 1957 2496 2300 2579; x_wconf 87' lang='lat' dir='ltr'>praecepit,</span> <span class='ocrx_word' id='word_1_160' title='bbox 2356 2497 2431 2558; x_wconf 89' lang='lat' dir='ltr'>ut</span> <span class='ocrx_word' id='word_1_161' title='bbox 2484 2493 2705 2560; x_wconf 90' lang='lat' dir='ltr'>otiosis</span> 
     </span>
     <span class='ocr_line' id='line_1_20' title="bbox 413 2600 2705 2684; baseline 0 -20"><span class='ocrx_word' id='word_1_162' title='bbox 413 2602 711 2666; x_wconf 88' lang='lat' dir='ltr'>manibus</span> <span class='ocrx_word' id='word_1_163' title='bbox 759 2602 994 2667; x_wconf 89' lang='lat' dir='ltr'>uestris</span> <span class='ocrx_word' id='word_1_164' title='bbox 1043 2602 1119 2667; x_wconf 93' lang='lat' dir='ltr'>de</span> <span class='ocrx_word' id='word_1_165' title='bbox 1166 2602 1526 2669; x_wconf 89' lang='lat' dir='ltr'>homicidiis</span> <span class='ocrx_word' id='word_1_166' title='bbox 1573 2601 1813 2666; x_wconf 89' lang='lat' dir='ltr'>uiuatis</span> <span class='ocrx_word' id='word_1_167' title='bbox 1863 2601 2109 2668; x_wconf 79' lang='lat' dir='ltr'>alienis,</span> <span class='ocrx_word' id='word_1_168' title='bbox 2184 2605 2249 2667; x_wconf 89' lang='lat' dir='ltr'>et</span> <span class='ocrx_word' id='word_1_169' title='bbox 2291 2602 2407 2665; x_wconf 88' lang='lat' dir='ltr'>illa</span> <span class='ocrx_word' id='word_1_170' title='bbox 2451 2600 2705 2684; x_wconf 89' lang='lat' dir='ltr'>quidem</span> 
     </span>
     <span class='ocr_line' id='line_1_21' title="bbox 420 2708 2790 2785; baseline 0 -13"><span class='ocrx_word' id='word_1_171' title='bbox 420 2708 584 2773; x_wconf 87' lang='lat' dir='ltr'>falsa</span> <span class='ocrx_word' id='word_1_172' title='bbox 631 2712 782 2773; x_wconf 89' lang='lat' dir='ltr'>sunt</span> <span class='ocrx_word' id='word_1_173' title='bbox 827 2709 1184 2782; x_wconf 89' lang='lat' dir='ltr'>homicidia,</span> <span class='ocrx_word' id='word_1_174' title='bbox 1235 2710 1348 2775; x_wconf 88' lang='lat' dir='ltr'>sed</span> <span class='ocrx_word' id='word_1_175' title='bbox 1393 2711 1612 2774; x_wconf 87' lang='lat' dir='ltr'>uestra</span> <span class='ocrx_word' id='word_1_176' title='bbox 1658 2710 1811 2773; x_wconf 91' lang='lat' dir='ltr'>sunt</span> <span class='ocrx_word' id='word_1_177' title='bbox 1854 2728 2025 2785; x_wconf 88' lang='lat' dir='ltr'>uera,</span> <span class='ocrx_word' id='word_1_178' title='bbox 2084 2727 2229 2773; x_wconf 91' lang='lat' dir='ltr'>cum</span> <span class='ocrx_word' id='word_1_179' title='bbox 2284 2708 2399 2773; x_wconf 89' lang='lat' dir='ltr'>tali</span> <span class='ocrx_word' id='word_1_180' title='bbox 2456 2708 2705 2773; x_wconf 89' lang='lat' dir='ltr'>daemo-</span> <span class='ocrx_word' id='word_1_181' title='bbox 2734 2710 2790 2750; x_wconf 80' lang='lat'>²⁰</span> 
     </span>
     <span class='ocr_line' id='line_1_22' title="bbox 423 2814 2011 2881; baseline -0.001 -2"><span class='ocrx_word' id='word_1_182' title='bbox 423 2814 669 2880; x_wconf 90' lang='lat' dir='ltr'>niorum</span> <span class='ocrx_word' id='word_1_183' title='bbox 721 2815 1008 2881; x_wconf 86' lang='lat' dir='ltr'>doctrina</span> <span class='ocrx_word' id='word_1_184' title='bbox 1051 2817 1316 2881; x_wconf 90' lang='lat' dir='ltr'>miseras</span> <span class='ocrx_word' id='word_1_185' title='bbox 1365 2816 1607 2880; x_wconf 90' lang='lat' dir='ltr'>animas</span> <span class='ocrx_word' id='word_1_186' title='bbox 1652 2814 2011 2880; x_wconf 87' lang='lat' dir='ltr'>trucidatis.</span> 
     </span>
    </p>

    <p class='ocr_par' dir='ltr' id='par_1_4' title="bbox 411 2920 2797 3433">
     <span class='ocr_line' id='line_1_23' title="bbox 509 2920 2705 3006; baseline -0 -21"><span class='ocrx_word' id='word_1_187' title='bbox 509 2922 567 2989; x_wconf 89' lang='lat'>7.</span> <span class='ocrx_word' id='word_1_188' title='bbox 597 2922 776 2987; x_wconf 88' lang='lat' dir='ltr'>Inest</span> <span class='ocrx_word' id='word_1_189' title='bbox 795 2926 1009 2987; x_wconf 84' lang='lat' dir='ltr'>tamen</span> <span class='ocrx_word' id='word_1_190' title='bbox 1031 2924 1140 2988; x_wconf 89' lang='lat' dir='ltr'>ille</span> <span class='ocrx_word' id='word_1_191' title='bbox 1161 2922 1518 2987; x_wconf 87' lang='lat' dir='ltr'>haereticus</span> <span class='ocrx_word' id='word_1_192' title='bbox 1546 2923 1788 3006; x_wconf 79' lang='lat' dir='ltr'>typhus</span> <span class='ocrx_word' id='word_1_193' title='bbox 1816 2922 2361 3004; x_wconf 83' lang='lat' dir='ltr'>intolerabilisque</span> <span class='ocrx_word' id='word_1_194' title='bbox 2392 2920 2705 3005; x_wconf 89' lang='lat' dir='ltr'>superbia.</span> 
     </span>
     <span class='ocr_line' id='line_1_24' title="bbox 411 3028 2703 3112; baseline -0.001 -19"><span class='ocrx_word' id='word_1_195' title='bbox 411 3028 632 3095; x_wconf 90' lang='lat' dir='ltr'>uides</span> <span class='ocrx_word' id='word_1_196' title='bbox 688 3030 761 3093; x_wconf 89' lang='lat' dir='ltr'>in</span> <span class='ocrx_word' id='word_1_197' title='bbox 816 3049 956 3105; x_wconf 92' lang='lat' dir='ltr'>me,</span> <span class='ocrx_word' id='word_1_198' title='bbox 1013 3030 1250 3112; x_wconf 88' lang='lat' dir='ltr'>inquit,</span> <span class='ocrx_word' id='word_1_199' title='bbox 1310 3029 1601 3095; x_wconf 91' lang='lat' dir='ltr'>Christi</span> <span class='ocrx_word' id='word_1_200' title='bbox 1655 3029 2187 3094; x_wconf 87' lang='lat' dir='ltr'>beatitudines</span> <span class='ocrx_word' id='word_1_201' title='bbox 2242 3028 2450 3105; x_wconf 87' lang='lat' dir='ltr'>illas,</span> <span class='ocrx_word' id='word_1_202' title='bbox 2518 3046 2703 3111; x_wconf 88' lang='lat' dir='ltr'>quae</span> 
     </span>
     <span class='ocr_line' id='line_1_25' title="bbox 417 3134 2704 3221; baseline -0 -21"><span class='ocrx_word' id='word_1_203' title='bbox 417 3136 904 3220; x_wconf 87' lang='lat' dir='ltr'>euangelium</span> <span class='ocrx_word' id='word_1_204' title='bbox 961 3136 1278 3211; x_wconf 87' lang='lat' dir='ltr'>faciunt,</span> <span class='ocrx_word' id='word_1_205' title='bbox 1327 3140 1402 3200; x_wconf 89' lang='lat' dir='ltr'>et</span> <span class='ocrx_word' id='word_1_206' title='bbox 1445 3136 1913 3221; x_wconf 77' lang='lat' dir='ltr'>interrogas..</span> <span class='ocrx_word' id='word_1_207' title='bbox 1960 3140 2211 3201; x_wconf 91' lang='lat' dir='ltr'>utrum</span> <span class='ocrx_word' id='word_1_208' title='bbox 2268 3134 2463 3200; x_wconf 90' lang='lat' dir='ltr'>illud</span> <span class='ocrx_word' id='word_1_209' title='bbox 2519 3134 2704 3199; x_wconf 87' lang='lat' dir='ltr'>acci-</span> 
     </span>
     <span class='ocr_line' id='line_1_26' title="bbox 413 3238 2797 3327; baseline -0.001 -21"><span class='ocrx_word' id='word_1_210' title='bbox 413 3242 654 3327; x_wconf 78' lang='lat' dir='ltr'>piam?</span> <span class='ocrx_word' id='word_1_211' title='bbox 693 3241 909 3307; x_wconf 88' lang='lat' dir='ltr'>uides</span> <span class='ocrx_word' id='word_1_212' title='bbox 948 3262 1370 3325; x_wconf 83' lang='lat' dir='ltr'>pauperem,</span> <span class='ocrx_word' id='word_1_213' title='bbox 1409 3242 1629 3308; x_wconf 91' lang='lat' dir='ltr'>uides</span> <span class='ocrx_word' id='word_1_214' title='bbox 1684 3243 1963 3317; x_wconf 91' lang='lat' dir='ltr'>mitem,</span> <span class='ocrx_word' id='word_1_215' title='bbox 2003 3242 2218 3307; x_wconf 90' lang='lat' dir='ltr'>uides</span> <span class='ocrx_word' id='word_1_216' title='bbox 2275 3241 2703 3326; x_wconf 86' lang='lat' dir='ltr'>pacificum,</span> <span class='ocrx_word' id='word_1_217' title='bbox 2742 3238 2797 3282; x_wconf 71' lang='lat'>²⁵</span> 
     </span>
     <span class='ocr_line' id='line_1_27' title="bbox 412 3348 2703 3433; baseline -0 -20"><span class='ocrx_word' id='word_1_218' title='bbox 412 3368 596 3433; x_wconf 91' lang='lat' dir='ltr'>puro</span> <span class='ocrx_word' id='word_1_219' title='bbox 646 3348 889 3420; x_wconf 88' lang='lat' dir='ltr'>corde,</span> <span class='ocrx_word' id='word_1_220' title='bbox 929 3349 1340 3433; x_wconf 86' lang='lat' dir='ltr'>lugentem.</span> <span class='ocrx_word' id='word_1_221' title='bbox 1383 3350 1865 3427; x_wconf 88' lang='lat' dir='ltr'>esurientem,</span> <span class='ocrx_word' id='word_1_222' title='bbox 1908 3349 2321 3419; x_wconf 80' lang='lat' dir='ltr'>sitientem.</span> <span class='ocrx_word' id='word_1_223' title='bbox 2359 3365 2703 3432; x_wconf 88' lang='lat' dir='ltr'>persecu-</span> 
     </span>
    </p>
   </div>
   <div class='ocr_carea' id='block_1_3' title="bbox 2772 1112 2801 1153">
    <p class='ocr_par' dir='ltr' id='par_1_5' title="bbox 2772 1112 2801 1153">
     <span class='ocr_line' id='line_1_28' title="bbox 2772 1112 2801 1153; textangle 90"><span class='ocrx_word' id='word_1_224' title='bbox 2772 1112 2801 1153; x_wconf 62' lang='grc' dir='ltr'>Φ·</span> 
     </span>
    </p>
   </div>
   <div class='ocr_carea' id='block_1_4' title="bbox 589 3541 1192 3602">
    <p class='ocr_par' dir='ltr' id='par_1_6' title="bbox 589 3541 1192 3602">
     <span class='ocr_line' id='line_1_29' title="bbox 589 3541 1192 3602; baseline -0.003 -7"><span class='ocrx_word' id='word_1_225' title='bbox 589 3544 656 3597; x_wconf 91' lang='grc'>16</span> <span class='ocrx_word' id='word_1_226' title='bbox 696 3541 764 3595; x_wconf 82' lang='lat' dir='ltr'>cs.</span> <span class='ocrx_word' id='word_1_227' title='bbox 801 3541 998 3595; x_wconf 77' lang='lat' dir='ltr'>Matth.</span> <span class='ocrx_word' id='word_1_228' title='bbox 1043 3542 1122 3602; x_wconf 85' lang='lat'>12,</span> <span class='ocrx_word' id='word_1_229' title='bbox 1169 3542 1192 3593; x_wconf 92' lang='lat'>1</span> 
     </span>
    </p>
   </div>
   <div class='ocr_carea' id='block_1_5' title="bbox 403 3688 2709 4118">
    <p class='ocr_par' dir='ltr' id='par_1_7' title="bbox 403 3688 2709 4118">
     <span class='ocr_line' id='line_1_30' title="bbox 479 3688 2703 3762; baseline -0.002 -16"><span class='ocrx_word' id='word_1_230' title='bbox 479 3694 513 3746; x_wconf 85' lang='lat'><strong>2</strong></span> <span class='ocrx_word' id='word_1_231' title='bbox 551 3693 730 3762; x_wconf 87' lang='lat' dir='ltr'>plume</span> <span class='ocrx_word' id='word_1_232' title='bbox 775 3691 822 3745; x_wconf 86' lang='lat'><em>0</em></span> <span class='ocrx_word' id='word_1_233' title='bbox 996 3692 1028 3745; x_wconf 88' lang='lat'><strong>3</strong></span> <span class='ocrx_word' id='word_1_234' title='bbox 1073 3690 1277 3745; x_wconf 86' lang='lat' dir='ltr'>ludices</span> <span class='ocrx_word' id='word_1_235' title='bbox 1324 3690 1477 3745; x_wconf 85' lang='lat' dir='ltr'>SLG</span> <span class='ocrx_word' id='word_1_236' title='bbox 1652 3688 1975 3743; x_wconf 83' lang='lat' dir='ltr'>fastidiabat</span> <span class='ocrx_word' id='word_1_237' title='bbox 2014 3690 2166 3757; x_wconf 84' lang='lat' dir='ltr'>(fasti</span> <span class='ocrx_word' id='word_1_238' title='bbox 2200 3690 2263 3742; x_wconf 72' lang='lat' dir='ltr'>in</span> <span class='ocrx_word' id='word_1_239' title='bbox 2296 3694 2432 3757; x_wconf 80' lang='lat' dir='ltr'>ras.)</span> <span class='ocrx_word' id='word_1_240' title='bbox 2472 3688 2608 3753; x_wconf 85' lang='lat' dir='ltr'>LS,¹</span> <span class='ocrx_word' id='word_1_241' title='bbox 2651 3694 2703 3742; x_wconf 89' lang='lat' dir='ltr'>(a</span> 
     </span>
     <span class='ocr_line' id='line_1_31' title="bbox 410 3776 2703 3849; baseline -0.001 -16"><span class='ocrx_word' id='word_1_242' title='bbox 410 3781 540 3835; x_wconf 83' lang='lat' dir='ltr'>med.</span> <span class='ocrx_word' id='word_1_243' title='bbox 569 3781 634 3833; x_wconf 80' lang='lat' dir='ltr'>in</span> <span class='ocrx_word' id='word_1_244' title='bbox 658 3782 792 3847; x_wconf 76' lang='lat' dir='ltr'>ras.)</span> <span class='ocrx_word' id='word_1_245' title='bbox 822 3780 872 3834; x_wconf 99' lang='lat' dir='ltr'><strong><em>G</em></strong></span> <span class='ocrx_word' id='word_1_246' title='bbox 901 3778 1188 3834; x_wconf 81' lang='lat' dir='ltr'>fastidibat</span> <span class='ocrx_word' id='word_1_247' title='bbox 1214 3780 1263 3837; x_wconf 79' lang='lat'><em>0</em></span> <span class='ocrx_word' id='word_1_248' title='bbox 1283 3778 1595 3834; x_wconf 71' lang='lat' dir='ltr'>fastidi.bat</span> <span class='ocrx_word' id='word_1_249' title='bbox 1614 3778 1689 3831; x_wconf 80' lang='lat' dir='ltr'><strong><em>M</em></strong></span> <span class='ocrx_word' id='word_1_250' title='bbox 1790 3780 1825 3831; x_wconf 89' lang='grc'><strong>4</strong></span> <span class='ocrx_word' id='word_1_251' title='bbox 1862 3778 2007 3849; x_wconf 86' lang='lat' dir='ltr'>patri</span> <span class='ocrx_word' id='word_1_252' title='bbox 2032 3777 2081 3832; x_wconf 80' lang='grc' dir='ltr'><em>Ο</em></span> <span class='ocrx_word' id='word_1_253' title='bbox 2216 3778 2453 3832; x_wconf 84' lang='lat' dir='ltr'>hominis</span> <span class='ocrx_word' id='word_1_254' title='bbox 2481 3794 2584 3833; x_wconf 85' lang='lat' dir='ltr'>om.</span> <span class='ocrx_word' id='word_1_255' title='bbox 2604 3776 2703 3832; x_wconf 85' lang='lat' dir='ltr'>SG</span> 
     </span>
     <span class='ocr_line' id='line_1_32' title="bbox 403 3866 2701 3940; baseline -0.002 -17"><span class='ocrx_word' id='word_1_256' title='bbox 403 3870 441 3923; x_wconf 86' lang='grc'><strong>6</strong></span> <span class='ocrx_word' id='word_1_257' title='bbox 483 3868 701 3923; x_wconf 67' lang='lat' dir='ltr'>sal·=eem</span> <span class='ocrx_word' id='word_1_258' title='bbox 744 3872 801 3934; x_wconf 88' lang='lat' dir='ltr'>(u</span> <span class='ocrx_word' id='word_1_259' title='bbox 841 3874 932 3937; x_wconf 86' lang='lat' dir='ltr'>er.)</span> <span class='ocrx_word' id='word_1_260' title='bbox 973 3868 1028 3923; x_wconf 90' lang='lat' dir='ltr'><strong><em>L</em></strong></span> <span class='ocrx_word' id='word_1_261' title='bbox 1169 3870 1202 3923; x_wconf 89' lang='lat'>8</span> <span class='ocrx_word' id='word_1_262' title='bbox 1239 3870 1504 3940; x_wconf 84' lang='lat' dir='ltr'>pugnare]</span> <span class='ocrx_word' id='word_1_263' title='bbox 1541 3866 1848 3938; x_wconf 83' lang='lat' dir='ltr'>impugnari</span> <span class='ocrx_word' id='word_1_264' title='bbox 1885 3866 1943 3930; x_wconf 85' lang='lat' dir='ltr'>S,</span> <span class='ocrx_word' id='word_1_265' title='bbox 1984 3868 2066 3937; x_wconf 70' lang='lat' dir='ltr'>(im</span> <span class='ocrx_word' id='word_1_266' title='bbox 2098 3866 2253 3937; x_wconf 80' lang='lat' dir='ltr'>ras..)</span> <span class='ocrx_word' id='word_1_267' title='bbox 2296 3866 2349 3921; x_wconf 89' lang='lat' dir='ltr'><strong><em>G</em></strong></span> <span class='ocrx_word' id='word_1_268' title='bbox 2479 3866 2545 3921; x_wconf 91' lang='grc'>10</span> <span class='ocrx_word' id='word_1_269' title='bbox 2582 3882 2701 3936; x_wconf 84' lang='lat' dir='ltr'>pre-</span> 
     </span>
     <span class='ocr_line' id='line_1_33' title="bbox 405 3954 2703 4029; baseline -0 -19"><span class='ocrx_word' id='word_1_270' title='bbox 405 3958 683 4027; x_wconf 74' lang='lat' dir='ltr'>cipiantur</span> <span class='ocrx_word' id='word_1_271' title='bbox 707 3960 754 4013; x_wconf 86' lang='lat' dir='ltr'><em>C</em></span> <span class='ocrx_word' id='word_1_272' title='bbox 891 3958 1181 4013; x_wconf 83' lang='lat' dir='ltr'>uanissime</span> <span class='ocrx_word' id='word_1_273' title='bbox 1215 3962 1264 4025; x_wconf 88' lang='lat' dir='ltr'>(e</span> <span class='ocrx_word' id='word_1_274' title='bbox 1295 3975 1360 4012; x_wconf 81' lang='lat' dir='ltr'>ex</span> <span class='ocrx_word' id='word_1_275' title='bbox 1393 3958 1432 4029; x_wconf 90' lang='lat' dir='ltr'>i)</span> <span class='ocrx_word' id='word_1_276' title='bbox 1454 3956 1508 4011; x_wconf 90' lang='lat' dir='ltr'><strong><em>L</em></strong></span> <span class='ocrx_word' id='word_1_277' title='bbox 1621 3958 1681 4011; x_wconf 86' lang='lat'>11</span> <span class='ocrx_word' id='word_1_278' title='bbox 1722 3954 2096 4025; x_wconf 70' lang='lat' dir='ltr'>rephendatL</span> <span class='ocrx_word' id='word_1_279' title='bbox 2206 3956 2272 4010; x_wconf 82' lang='lat'>12</span> <span class='ocrx_word' id='word_1_280' title='bbox 2308 3955 2584 4027; x_wconf 86' lang='lat' dir='ltr'>praecepti</span> <span class='ocrx_word' id='word_1_281' title='bbox 2604 3954 2703 4009; x_wconf 80' lang='lat' dir='ltr'>SG</span> 
     </span>
     <span class='ocr_line' id='line_1_34' title="bbox 413 4042 2709 4118; baseline -0.002 -17"><span class='ocrx_word' id='word_1_282' title='bbox 413 4052 666 4118; x_wconf 83' lang='lat' dir='ltr'>precepta</span> <span class='ocrx_word' id='word_1_283' title='bbox 701 4047 748 4101; x_wconf 88' lang='lat' dir='ltr'><em>C</em></span> <span class='ocrx_word' id='word_1_284' title='bbox 884 4048 1152 4102; x_wconf 87' lang='lat' dir='ltr'>manichei</span> <span class='ocrx_word' id='word_1_285' title='bbox 1187 4047 1236 4101; x_wconf 80' lang='lat'><em>0</em></span> <span class='ocrx_word' id='word_1_286' title='bbox 1341 4048 1408 4101; x_wconf 88' lang='grc'>14</span> <span class='ocrx_word' id='word_1_287' title='bbox 1435 4046 1523 4115; x_wconf 90' lang='lat' dir='ltr'>ne]</span> <span class='ocrx_word' id='word_1_288' title='bbox 1555 4044 1652 4099; x_wconf 89' lang='lat' dir='ltr'>sed</span> <span class='ocrx_word' id='word_1_289' title='bbox 1680 4060 1747 4098; x_wconf 91' lang='lat' dir='ltr'>ne</span> <span class='ocrx_word' id='word_1_290' title='bbox 1777 4042 1835 4108; x_wconf 81' lang='lat' dir='ltr'>S,</span> <span class='ocrx_word' id='word_1_291' title='bbox 1868 4042 1986 4112; x_wconf 87' lang='lat' dir='ltr'>(sed</span> <span class='ocrx_word' id='word_1_292' title='bbox 2012 4060 2056 4097; x_wconf 77' lang='lat' dir='ltr'>a.</span> <span class='ocrx_word' id='word_1_293' title='bbox 2089 4042 2147 4113; x_wconf 83' lang='lat' dir='ltr'>l.)</span> <span class='ocrx_word' id='word_1_294' title='bbox 2180 4042 2233 4097; x_wconf 92' lang='lat' dir='ltr'><strong><em>G</em></strong></span> <span class='ocrx_word' id='word_1_295' title='bbox 2341 4043 2408 4097; x_wconf 83' lang='lat'>17</span> <span class='ocrx_word' id='word_1_296' title='bbox 2438 4042 2627 4097; x_wconf 84' lang='lat' dir='ltr'>iudeos</span> <span class='ocrx_word' id='word_1_297' title='bbox 2660 4042 2709 4097; x_wconf 86' lang='lat' dir='ltr'><em>C</em></span> 
     </span>
    </p>
   </div>
   <div class='ocr_carea' id='block_1_6' title="bbox 403 4130 2706 4383">
    <p class='ocr_par' dir='ltr' id='par_1_8' title="bbox 403 4130 2706 4383">
     <span class='ocr_line' id='line_1_35' title="bbox 405 4130 2699 4204; baseline -0.002 -15"><span class='ocrx_word' id='word_1_298' title='bbox 405 4136 718 4189; x_wconf 85' lang='lat' dir='ltr'>manicheos</span> <span class='ocrx_word' id='word_1_299' title='bbox 763 4135 810 4189; x_wconf 86' lang='lat'><em>0</em></span> <span class='ocrx_word' id='word_1_300' title='bbox 987 4136 1051 4189; x_wconf 92' lang='lat'>18</span> <span class='ocrx_word' id='word_1_301' title='bbox 1088 4135 1235 4204; x_wconf 85' lang='lat' dir='ltr'>illos]</span> <span class='ocrx_word' id='word_1_302' title='bbox 1271 4135 1406 4189; x_wconf 87' lang='lat' dir='ltr'>istos</span> <span class='ocrx_word' id='word_1_303' title='bbox 1443 4150 1570 4188; x_wconf 90' lang='lat' dir='ltr'>uero</span> <span class='ocrx_word' id='word_1_304' title='bbox 1611 4132 1781 4187; x_wconf 84' lang='lat' dir='ltr'>SMG</span> <span class='ocrx_word' id='word_1_305' title='bbox 1998 4130 2307 4185; x_wconf 84' lang='lat' dir='ltr'>manicheos</span> <span class='ocrx_word' id='word_1_306' title='bbox 2350 4130 2425 4185; x_wconf 86' lang='lat' dir='ltr'>G¹</span> <span class='ocrx_word' id='word_1_307' title='bbox 2578 4146 2699 4201; x_wconf 86' lang='lat' dir='ltr'>pre·</span> 
     </span>
     <span class='ocr_line' id='line_1_36' title="bbox 409 4217 2706 4295; baseline -0.003 -18"><span class='ocrx_word' id='word_1_308' title='bbox 409 4224 557 4294; x_wconf 86' lang='lat' dir='ltr'>cepit</span> <span class='ocrx_word' id='word_1_309' title='bbox 599 4222 648 4278; x_wconf 82' lang='lat'><em>0</em></span> <span class='ocrx_word' id='word_1_310' title='bbox 679 4223 911 4295; x_wconf 69' lang='lat' dir='ltr'>precipit</span> <span class='ocrx_word' id='word_1_311' title='bbox 949 4224 980 4278; x_wconf 86' lang='lat' dir='ltr'>b</span> <span class='ocrx_word' id='word_1_312' title='bbox 1125 4224 1321 4277; x_wconf 87' lang='lat' dir='ltr'>ociosis</span> <span class='ocrx_word' id='word_1_313' title='bbox 1365 4221 1414 4277; x_wconf 82' lang='lat'><em>0</em></span> <span class='ocrx_word' id='word_1_314' title='bbox 1516 4222 1587 4277; x_wconf 86' lang='lat'>20</span> <span class='ocrx_word' id='word_1_315' title='bbox 1625 4220 1999 4275; x_wconf 83' lang='lat' dir='ltr'>demoniorum</span> <span class='ocrx_word' id='word_1_316' title='bbox 2044 4218 2093 4273; x_wconf 77' lang='grc' dir='ltr'><em>Ο</em></span> <span class='ocrx_word' id='word_1_317' title='bbox 2194 4220 2263 4273; x_wconf 90' lang='grc'>22</span> <span class='ocrx_word' id='word_1_318' title='bbox 2300 4219 2571 4274; x_wconf 85' lang='lat' dir='ltr'>hereticus</span> <span class='ocrx_word' id='word_1_319' title='bbox 2598 4217 2706 4272; x_wconf 83' lang='lat' dir='ltr'>Lo</span> 
     </span>
     <span class='ocr_line' id='line_1_37' title="bbox 403 4305 2700 4383; baseline -0.002 -18"><span class='ocrx_word' id='word_1_320' title='bbox 403 4312 556 4381; x_wconf 84' lang='lat' dir='ltr'>tyfus</span> <span class='ocrx_word' id='word_1_321' title='bbox 611 4311 886 4367; x_wconf 81' lang='lat' dir='ltr'><strong><em>LCSMG</em></strong></span> <span class='ocrx_word' id='word_1_322' title='bbox 939 4318 1102 4383; x_wconf 77' lang='lat' dir='ltr'>typus</span> <span class='ocrx_word' id='word_1_323' title='bbox 1151 4312 1182 4365; x_wconf 84' lang='lat' dir='ltr'><strong><em>b</em></strong></span> <span class='ocrx_word' id='word_1_324' title='bbox 1233 4313 1315 4377; x_wconf 78' lang='lat' dir='ltr'>(in</span> <span class='ocrx_word' id='word_1_325' title='bbox 1359 4328 1459 4381; x_wconf 73' lang='lat' dir='ltr'>my.</span> <span class='ocrx_word' id='word_1_326' title='bbox 1518 4308 1576 4364; x_wconf 68' lang='lat' dir='ltr'>al</span> <span class='ocrx_word' id='word_1_327' title='bbox 1638 4308 1861 4380; x_wconf 77' lang='lat' dir='ltr'>typhus)</span> <span class='ocrx_word' id='word_1_328' title='bbox 2098 4306 2600 4377; x_wconf 85' lang='lat' dir='ltr'>intolerabilisquae</span> <span class='ocrx_word' id='word_1_329' title='bbox 2645 4305 2700 4360; x_wconf 90' lang='lat' dir='ltr'><strong><em>L</em></strong></span> 
     </span>
    </p>
   </div>
   <div class='ocr_carea' id='block_1_7' title="bbox 403 4396 2202 4473">
    <p class='ocr_par' dir='ltr' id='par_1_9' title="bbox 403 4396 2202 4473">
     <span class='ocr_line' id='line_1_38' title="bbox 403 4396 2202 4473; baseline -0.003 -17"><span class='ocrx_word' id='word_1_330' title='bbox 403 4404 480 4457; x_wconf 84' lang='lat'>24</span> <span class='ocrx_word' id='word_1_331' title='bbox 516 4403 671 4457; x_wconf 84' lang='lat' dir='ltr'>illurn</span> <span class='ocrx_word' id='word_1_332' title='bbox 709 4401 932 4456; x_wconf 81' lang='lat' dir='ltr'>LSMG</span> <span class='ocrx_word' id='word_1_333' title='bbox 1040 4402 1107 4457; x_wconf 80' lang='lat'>25</span> <span class='ocrx_word' id='word_1_334' title='bbox 1145 4416 1436 4473; x_wconf 82' lang='lat' dir='ltr'>pauperem</span> <span class='ocrx_word' id='word_1_335' title='bbox 1481 4398 1529 4454; x_wconf 86' lang='lat' dir='ltr'><em>C</em></span> <span class='ocrx_word' id='word_1_336' title='bbox 1632 4399 1701 4451; x_wconf 87' lang='grc'>26</span> <span class='ocrx_word' id='word_1_337' title='bbox 1738 4397 2111 4469; x_wconf 70' lang='lat' dir='ltr'>persecutione</span> <span class='ocrx_word' id='word_1_338' title='bbox 2148 4396 2202 4451; x_wconf 92' lang='lat' dir='ltr'><strong><em>L</em></strong></span> 
     </span>
    </p>
   </div>
  </div>
 </body>
</html>
