3159 4984
846 440 904 492 V.
957 439 1246 495 Contra
1303 442 1731 511 epistulam
1792 442 2307 497 fundamenti.
2574 448 2694 510 201

409 655 548 701 esse
594 637 936 720 pollutum,
996 638 1053 701 si
1100 638 1442 703 concubitu
1487 642 1819 722 parentum
1871 658 2133 703 suorum
2180 642 2473 703 sanctum
2521 640 2700 722 spiri-

411 744 548 805 tum
595 762 719 808 non
765 744 1053 825 potuisse
1100 744 1303 827 pollui
1360 748 1434 808 ut
1489 745 1821 809 credamus
1877 745 2185 812 hortatur.
2253 746 2480 828 quodsi
2536 746 2701 810 dixe-

406 848 545 913 ritis
585 850 800 916 11011111
832 854 1012 917 utero
1051 852 1158 915 uel
1195 854 1341 916 ante
1378 856 1653 927 uterum,
1694 852 1805 917 sed
1842 854 1967 917 iam
2006 857 2225 917 natum
2253 854 2699 918 Manichaeum

407 955 484 1020 ab
516 956 742 1039 spiritu
773 962 993 1023 sancto
1027 976 1169 1022 esse
1202 962 1596 1040 susceptum,
1628 958 1888 1026 sufficit.
1920 962 1993 1022 ut
2028 960 2356 1024 fateamini
2394 961 2695 1026 habuisse

340 1078 656 1129 5661116111
721 1065 798 1129 de
863 1064 1002 1129 uiro
1071 1068 1137 1128 et
1198 1064 1434 1129 femina
1494 1069 1905 1147 procreatam.
1974 1086 2121 1131 cum
2177 1068 2345 1131 enim
2397 1087 2516 1133 uos
2574 1087 2697 1133 non

405 1171 684 1236 timeatis
722 1171 970 1237 uiscera
1009 1175 1072 1235 61
1110 1171 1485 1255 sanguinem
1521 1171 1880 1237 Manichaei
1920 1172 1996 1237 de
2034 1174 2309 1240 humano
2350 1176 2693 1240 concubitu

403 1278 764 1342 uenientem
811 1282 878 1343 et
920 1277 1224 1343 intestina
1270 1278 1418 1343 fimo
1466 1278 1675 1361 plena,
1716 1298 1877 1361 quae
1922 1280 2037 1344 illa
2082 1298 2225 1345 caro
2264 1282 2585 1364 gestabat,
2634 1286 2701 1347 et

399 1385 500 1449 his
532 1384 826 1451 omnibus
855 1402 977 1451 non
1011 1384 1286 1449 credatis
1327 1385 1825 1450 contaminatum
1867 1406 2007 1451 esse
2048 1387 2341 1469 spiritum
2381 1392 2693 1467 sanctum,

403 1509 440 1555 a
470 1510 594 1572 quo
623 1490 810 1556 illum
839 1491 1158 1557 hominem
1199 1496 1572 1575 susceptum
1614 1512 1753 1557 esse
1793 1493 2091 1557 creditis:
2132 1508 2245 1559 6111·
2282 1514 2399 1577 ego
2437 1498 2694 1561 uterum

309 1610 362 1647 1⁰
401 1597 778 1681 uirginalem
846 1601 911 1662 et
972 1599 1214 1663 intacta
1285 1598 1591 1682 genitalia
1662 1600 2065 1665 reformidem
2142 1604 2207 1665 et
2278 1620 2401 1666 non
2474 1603 2691 1685 potius

401 1704 650 1769 credam
719 1705 1092 1787 sapientiam
1160 1706 1259 1769 dei
1324 1706 1389 1770 in
1453 1706 1613 1788 ipsis
1672 1708 1973 1771 maternis
2028 1708 2386 1775 uisceribus
2441 1710 2697 1775 homine

391 1815 699 1894 suscepto
746 1812 1198 1877 inmaculatam
1237 1814 1673 1895 sinceramque
1711 1814 2075 1879 mansisse?
2124 1820 2504 1900 quapropter
2542 1838 2692 1899 quo-

400 1918 566 1981 niam
614 1918 752 1983 siue
797 1920 1072 1985 missum
1123 1919 1262 1985 siue
1309 1923 1683 2003 susceptum
1734 1938 1771 1983 a
1814 1921 2133 2004 paracleto
2174 1942 2241 1987 se
2280 1924 2690 1989 Manichacus

401 2028 613 2089 uester
657 2025 970 2101 adfirmet,
1019 2026 1178 2091 nibil
1223 2028 1448 2091 horum
1497 2026 1735 2109 poterit
1781 2027 2084 2100 obtinere,
2126 2048 2243 2113 ego
2282 2031 2407 2095 iam
2448 2031 2693 2097 cautior

307 2142 360 2181 ¹⁵
399 2150 600 2213 neque
645 2132 917 2198 missum
965 2152 1112 2197 eum
1161 2134 1347 2199 credo
1396 2152 1601 2215 neque
1650 2138 2044 2217 susceptum.

489 2240 548 2302 8.
614 2238 778 2303 Nam
838 2240 1006 2321 quod
1067 2240 1312 2305 addidit
1367 2241 1625 2308 dicensz
1692 2242 2180 2324 prouidentia
2245 2244 2362 2309 dei
2426 2246 2689 2327 patris,

401 2344 548 2425 quid
615 2346 788 2410 aliud
855 2346 1130 2411 ambiuit
1192 2348 1340 2411 Iesu
1407 2346 1661 2413 Christo
1728 2349 2081 2415 nominato.
2151 2350 2334 2415 cuius
2402 2370 2471 2416 se
2538 2352 2693 2416 dicit

399 2452 780 2534 apostolum,
849 2456 915 2517 et
969 2454 1087 2519 deo
1140 2457 1339 2538 patre,
1399 2456 1582 2521 cuius
1636 2456 2039 2539 prouidentia
2090 2458 2362 2523 missum
2420 2478 2487 2523 se
2536 2458 2693 2524 dicit

399 2575 436 2621 a
481 2557 634 2637 filio,
682 2558 808 2623 nisi
855 2564 930 2623 ut
976 2560 1272 2643 spiritum
1320 2565 1609 2626 sanctum
1658 2562 1867 2645 ipsum
1919 2582 2059 2627 esse
2105 2565 2367 2629 tertium
2414 2566 2691 2630 credere·

305 2674 360 2714 2⁰
397 2667 588 2729 mus?
627 2665 720 2730 sic
750 2665 915 2731 6111111
947 2667 1196 2731 scribit:
1235 2666 1730 2733 Manichacus
1772 2672 2169 2752 apostolus
2198 2672 2372 2736 Iesu
2404 2670 2692 2737 Christi

397 2771 889 2855 prouidentia
936 2774 1056 2837 dei
1093 2775 1354 2856 patris.
1405 2775 1668 2858 spiritus
1708 2781 1965 2843 sanctus
2004 2777 2366 2843 nominatus
2404 2797 2527 2843 non
2567 2782 2687 2855 est,

399 2878 508 2960 qui
559 2878 831 2943 maxime
889 2880 1114 2945 debuit
1167 2880 1243 2945 ab
1303 2901 1376 2947 eo
1441 2882 1771 2957 nominari,
1838 2884 1948 2965 qui
2010 2884 2195 2949 nobis
2260 2886 2689 2968 apostolatum

397 3004 582 3049 suum
631 2986 938 3067 paracleti
981 2987 1402 3069 promissione
1451 2990 1871 3065 commendat,
1930 2993 2005 3054 111
2060 2992 2430 3075 euangelica
2476 2996 2689 3057 aucto-

401 3092 586 3155 ritate
633 3091 940 3176 inperitos
985 3097 1250 3176 premat.
1318 3094 1488 3176 quod
1538 3114 1681 3160 611111
1732 3114 1769 3159 a
1812 3096 1999 3162 uobis
2048 3099 2386 3180 quaeritur,
2432 3117 2688 3182 respon·

307 3206 361 3247 35
402 3197 562 3263 detis
610 3198 831 3281 utique
877 3200 1248 3265 Manichaeo
1297 3201 1587 3283 apostolo
1646 3202 1969 3268 nominato
2046 3208 2337 3269 sanctum
2394 3206 2689 3289 spiritum

395 3306 784 3387 paracletum
833 3308 1166 3385 nominari,
1207 3308 1358 3392 quia
1402 3309 1465 3373 in
1514 3309 1656 3393 ipso
1693 3310 1911 3376 uenire
1950 3310 2249 3395 dignatus
2288 3315 2407 3379 est.
2454 3331 2687 3395 quaero

399 3430 565 3494 ergo,
633 3413 805 3477 sicut
868 3414 1160 3497 superius
1227 3415 1536 3493 dicebam,
1606 3436 1797 3499 quare
1864 3418 2266 3493 exhorreatis,
2334 3439 2479 3483 cum
2536 3420 2692 3486 dicit

469 3553 493 3605 1
555 3552 803 3623 spiritum
861 3557 1106 3608 sanctum
1162 3554 1229 3608 H
1245 3556 1286 3607 7
1297 3554 1538 3609 OSVLb
1721 3556 1753 3609 3
1799 3562 1931 3625 poet
1984 3560 2137 3611 utero
2193 3558 2225 3612 3
2283 3559 2387 3613 litt.
2444 3576 2582 3614 eras.
2646 3560 2697 3613 T

393 3641 426 3694 4
466 3658 497 3694 a
521 3640 640 3695 HT
645 3640 826 3695 GSVb
899 3644 932 3697 5
970 3647 1308 3713 procreatum
1356 3644 1406 3697 V
1513 3662 1679 3715 quum
1716 3644 1772 3698 P
1841 3644 1873 3697 6
1885 3651 2016 3713 post
2034 3646 2274 3699 timeatis
2296 3646 2425 3701 add.
2454 3648 2501 3700 T
2514 3646 2691 3702 dicere

393 3756 426 3809 9
464 3773 600 3827 quur
634 3758 690 3810 P
798 3756 866 3811 10
904 3759 1137 3828 gentilia
1175 3764 1332 3827 (corr.
1353 3776 1422 3813 m.
1449 3759 1870 3830 1)Pgenetalia
1898 3760 1951 3812 V
2080 3766 2213 3829 post
2249 3760 2513 3831 genitalia
2553 3763 2685 3819 add.

391 3844 467 3898 ita
509 3846 570 3908 T,
611 3849 680 3911 (6.
722 3846 785 3912 l.)
823 3846 880 3901 R
989 3848 1057 3901 12
1093 3847 1491 3901 immaculatam
1531 3848 1588 3902 P
1720 3847 2240 3918 sincerissimamque
2283 3850 2333 3903 T
2442 3852 2507 3904 14
2544 3850 2690 3905 affir-

390 3940 502 3987 met
536 3935 592 3987 P
704 3935 872 3989 nichil
910 3935 963 3988 V
1076 3937 1320 4005 optinere
1350 3938 1405 3989 P
1510 3938 1578 3991 17
1620 3936 1851 3991 ambibit
1886 3937 1942 3989 P
2058 3938 2251 4006 quuius
2288 3937 2345 3991 P
2454 3940 2519 3992 18
2559 3956 2689 4010 apo·

393 4022 588 4077 stolum
641 4025 722 4082 rin
756 4027 892 4091 rae.)
934 4024 1000 4077 H
1139 4024 1335 4093 quuius
1372 4024 1429 4078 P
1575 4026 1642 4079 19
1680 4026 1901 4079 tertium
1942 4042 2059 4079 esse
2098 4026 2130 4079 b
2239 4026 2304 4080 21
2344 4027 2691 4098 prouidentia

395 4112 470 4177 (ui
506 4130 547 4166 6.
590 4114 646 4172 Ζ.)
687 4112 756 4166 Η
823 4112 891 4165 22
929 4112 1139 4182 debuit]
1178 4110 1390 4166 destitit
1411 4114 1528 4166 HT
1635 4112 1769 4179 adeo
1809 4112 1875 4167 ab
1916 4131 1978 4166 60
2008 4112 2063 4167 V
2130 4114 2197 4168 23
2236 4115 2613 4170 commendant
2638 4116 2693 4171 V

395 4200 460 4254 24
498 4201 776 4271 imperitos
813 4202 869 4254 P
1037 4205 1246 4271 premat
1279 4202 1561 4272 imperitos
1609 4201 1663 4256 V
1802 4207 1955 4272 1111161
1996 4202 2045 4255 T
2187 4220 2347 4272 quum
2386 4204 2431 4258 P
2573 4222 2685 4259 ren·

391 4289 630 4359 ponditis
666 4291 722 4343 P
899 4290 968 4344 25
1005 4290 1282 4345 nominato
1324 4294 1402 4358 (to
1439 4306 1482 4345 6.
1523 4294 1582 4357 Ζ.)
1632 4290 1679 4343 Τ
1858 4292 2101 4361 spiritum
2162 4297 2403 4347 sanctum
2444 4294 2685 4349 SGVTb

392 4378 458 4431 26
495 4378 546 4433 Κ
581 4379 650 4433 Η
752 4378 821 4432 27
861 4379 1185 4433 exhorreatis
1226 4379 1280 4451 (h
1317 4396 1359 4433 6.
1402 4380 1459 4433 Ζ.)
1503 4380 1569 4433 Η
