3159 4984
315 1622 369 1661 10

317 2153 368 2193 15

1045 448 1175 501 1111.
1231 445 1524 502 Contra
1580 446 2090 501 Adimantum.
2576 449 2696 513 167

407 643 570 707 illud
615 642 694 706 ad
740 644 1042 715 ueterem,
1090 642 1210 707 hoc
1258 641 1336 705 ad
1383 660 1623 705 nouum
1668 642 1991 705 hominem
2028 641 2319 724 pertinet,
2358 644 2699 724 utrumque

405 752 620 815 tamen
660 748 849 813 unius
888 748 991 813 dei
1026 748 1617 813 misericordissima
1656 747 2124 831 dispensatione
2158 747 2475 831 prolatum
2508 752 2699 830 atque

406 856 836 923 coniunctum.
867 854 1022 919 etin
1055 858 1270 919 uetere
1300 854 1611 937 scriptura
1648 856 1897 918 tacetur
1932 854 2181 919 animus
2217 854 2701 933 uindicantium‚

407 963 556 1044 quia
597 962 970 1045 paucissimi
1019 960 1334 1045 spiritales
1383 959 1619 1025 diuinis
1666 960 2170 1025 reuelationibus
2210 960 2362 1043 quid
2400 960 2699 1039 facerent,

407 1073 734 1147 nouerant,
769 1073 842 1133 ut
877 1068 1176 1151 populus.
1208 1066 1312 1133 cui
1347 1070 1547 1132 terror
1582 1067 1762 1131 utilis
1803 1071 1953 1141 erat,
1994 1068 2399 1133 seuerissimo
2437 1068 2699 1152 irnperio

407 1176 786 1243 domaretur.
862 1178 937 1240 ut
1001 1174 1534 1258 quemadmodum
1601 1173 1907 1239 uidebant
1969 1174 2103 1239 dari
2167 1174 2230 1237 in
2276 1194 2502 1240 manus
2551 1192 2701 1239 suas

407 1282 874 1349 interficiendos
941 1280 1248 1355 inimicos
1297 1280 1503 1363 inpios
1571 1281 1974 1363 cultoresque
2042 1280 2536 1354 simalacrorum,
2609 1282 2701 1346 sic

405 1389 529 1472 ipsi
591 1389 998 1453 formidarent
1061 1388 1124 1452 in
1189 1406 1416 1452 manus
1479 1388 1881 1453 inimicorum
1948 1406 2207 1452 suorum
2274 1387 2425 1463 dari,
2476 1388 2531 1453 si
2596 1387 2699 1451 dei

407 1494 542 1559 ueri
587 1494 766 1560 iussa
812 1496 1288 1560 contemnerent
1333 1498 1399 1557 et
1447 1494 1524 1558 ad
1576 1494 1821 1558 cult-um
1870 1493 2183 1558 idolorum
2248 1498 2437 1577 atque
2502 1494 2699 1577 inpie-

411 1604 578 1666 tates
623 1600 910 1685 gentium
956 1600 1338 1665 laberentur.
1387 1619 1532 1665 nam
1579 1602 1641 1664 et
1688 1600 1751 1663 in
1798 1600 1972 1684 ipsos
2020 1598 2315 1664 similiter
2366 1602 2700 1683 peccantes

407 1726 530 1773 non
577 1707 972 1773 dissimiliter
1017 1707 1407 1773 uindicatum
1475 1710 1595 1771 est.
1665 1706 1777 1771 sed
1844 1707 2047 1771 omnis
2112 1706 2267 1771 haec
2332 1707 2701 1790 temporalis

407 1813 690 1878 uindicta
753 1814 1035 1879 infirmos
1102 1814 1346 1879 animos
1409 1816 1623 1882 terret.
1689 1816 1765 1877 ut
1828 1812 2136 1878 enutritos
2202 1814 2321 1878 sub
2372 1813 2705 1897 disciplina

410 1918 654 1984 erudiat
701 1924 766 1984 et
813 1939 850 1983 a
896 1920 1298 2003 sempiternis
1363 1924 1552 2003 atque
1618 1920 2045 1985 ineffabilibus
2112 1920 2443 2002 subpliciis
2500 1919 2707 2004 possit

411 2028 713 2102 auertere,
763 2026 910 2108 quia
956 2028 1102 2110 plus
1141 2026 1370 2091 timent
1407 2026 1688 2092 carnales
1726 2025 2036 2102 homines,
2077 2024 2253 2108 quod,
2282 2026 2347 2090 in
2357 2026 2703 2117 ·praesenti

413 2130 569 2197 deus
614 2132 917 2201 uindicat.
965 2152 1154 2216 quam
1201 2133 1382 2204 illud,
1431 2134 1602 2216 quod
1644 2133 1934 2228 futurum
1980 2132 2276 2198 minatur.

499 2239 723 2306 Potest
777 2260 926 2325 ergo
985 2260 1125 2306 esse
1183 2240 1438 2307 dilectio
1493 2242 1557 2305 in
1616 2240 1997 2305 uindicante.
2059 2237 2226 2321 quod
2258 2238 2699 2323 unusquisque

409 2344 472 2409 in
521 2345 651 2412 filio
700 2366 816 2413 suo
864 2348 1108 2431 probat,
1157 2366 1304 2413 cum
1353 2366 1498 2413 eum
1545 2348 1611 2411 in
1668 2364 1875 2412 mores
1941 2345 2255 2429 pessimos
2322 2344 2706 2411 defluentem

411 2454 819 2519 seuerissima
849 2453 1248 2519 coherctione
1277 2454 1655 2539 constringit
1680 2457 1745 2517 et
1773 2455 1947 2517 tanto
1976 2452 2203 2537 magiS‚
2234 2456 2469 2534 quanto
2499 2451 2704 2539 magle

411 2577 556 2623 eum
621 2559 852 2645 diligit,
920 2563 1110 2643 atque
1175 2561 1296 2626 hoc
1365 2561 1552 2627 modo
1620 2559 1852 2643 corrigi
1914 2576 2105 2643 posse
2171 2557 2529 2625 arbitratur.
2576 2576 2701 2625 non

409 2666 620 2727 autem
671 2664 970 2729 occidunt
1013 2666 1200 2742 filios,
1249 2684 1410 2748 quos
1458 2665 1736 2749 diligunt
1780 2662 2093 2739 homines,
2133 2662 2383 2745 quando
2422 2682 2531 2729 eos
2571 2682 2704 2729 cor-

409 2769 610 2853 rigere
657 2772 903 2849 uolunt‚
953 2772 1100 2854 quia
1144 2773 1333 2837 multi
1380 2772 1542 2837 hanc
1589 2772 1791 2836 uitam
1838 2790 1950 2855 pro
1998 2788 2228 2855 magno
2265 2769 2432 2834 bono
2473 2769 2707 2833 habent

409 2880 478 2940 et
510 2880 738 2948 totum.
779 2898 971 2963 quare
1009 2880 1241 2945 uolunt
1268 2880 1536 2945 educare
1573 2879 1741 2944 filios
1782 2896 1955 2956 suoS‚
1992 2876 2059 2943 in
2096 2876 2215 2942 hac
2254 2877 2389 2941 uita
2426 2879 2700 2961 sperant.

409 2982 626 3050 fideles
675 2990 888 3050 autem
937 2989 1124 3069 atque
1171 2986 1488 3069 sapientes
1535 2985 1846 3064 homines,
1885 2984 1995 3068 qui
2034 2984 2300 3049 credunt
2336 3002 2476 3049 esse
2514 2983 2701 3048 aliam

407 3090 608 3155 uitam
673 3093 998 3159 meliorem
1066 3096 1132 3158 et
1193 3095 1428 3176 quanta
1482 3094 1755 3177 possunt
1810 3110 1883 3157 ex
1938 3094 2117 3175 parte
2194 3092 2509 3157 nonerunt
2567 3110 2703 3168 ‚nec
2778 3070 2792 3083 ’

412 3197 538 3280 ipsi
597 3198 926 3265 uindicant
989 3200 1354 3277 occidend0‚
1421 3218 1568 3267 cum
1624 3198 1790 3265 filios
1856 3216 2009 3263 suos
2072 3196 2305 3262 uolunt
2367 3197 2699 3282 corrigere,

408 3304 556 3387 quia
597 3304 664 3369 in
709 3306 828 3370 hac
885 3306 1020 3371 uita
1077 3326 1186 3373 eos
1241 3325 1430 3391 posse
1485 3306 1715 3391 corrigi
1772 3304 2071 3379 credunt:
2122 3303 2279 3369 deus
2326 3306 2540 3369 autem
2586 3305 2697 3387 qui

407 3411 606 3490 nouit,
655 3412 806 3495 quid
854 3412 1086 3496 cuique
1134 3412 1394 3491 tribuat,
1432 3412 1719 3477 uindicat
1754 3410 2099 3479 occidendo
2130 3410 2195 3475 in
2233 3430 2393 3493 quos
2422 3410 2702 3475 uoluerit

408 3517 545 3582 siue
592 3536 706 3601 per
757 3519 1046 3585 homines
1109 3518 1246 3585 siue
1315 3519 1565 3585 occulto
1631 3537 1843 3583 rerum
1908 3517 2146 3595 ordine,
2202 3536 2329 3583 non
2384 3517 2531 3600 quia
2588 3536 2696 3583 eos

408 3622 561 3699 odit,
616 3624 682 3688 in
740 3627 1048 3709 quantum
1105 3626 1392 3692 homines
1450 3629 1621 3702 sunt,
1679 3625 1793 3690 sed
1848 3624 1911 3689 in
1969 3627 2275 3707 quantum
2331 3626 2697 3708 peccatores

408 3734 576 3803 sunt.
622 3749 768 3797 nam
813 3732 878 3795 in
926 3732 1082 3815 ipsis
1130 3731 1455 3797 ueteribus
1521 3732 1699 3796 libris
1762 3730 2040 3815 legimus
2106 3728 2347 3795 dictum
2397 3729 2553 3796 deo:
2622 3733 2698 3797 et

479 3924 511 3979 3
566 3892 760 3996 animg's
795 3926 852 3979 P
992 3925 1384 3981 uindicandum
1443 3928 1530 3996 (αι
1583 3924 1918 3993 uindicandi)
1960 3924 1991 3979 b
2138 3923 2169 3977 7
2227 3923 2473 3979 inimicos
2528 3923 2695 3978 inton-

407 4011 660 4068 ficiendos
707 4014 760 4067 V
913 4014 1356 4069 simulachrorum
1398 4014 1447 4069 0
1602 4016 1637 4069 8
1693 4030 1909 4069 suorum
1965 4029 2069 4068 om.
2118 4011 2169 4065 V
2327 4012 2359 4065 9
2417 4014 2696 4081 contemp-

407 4108 595 4157 nerent
652 4102 813 4158 TC'V
945 4103 1174 4174 ydoloru
1240 4103 1293 4158 V
1467 4106 1537 4160 10
1590 4105 1904 4160 laborentur
1965 4102 2012 4157 C'
2190 4100 2257 4157 18
2314 4100 2598 4155 senissima
2641 4099 2699 4154 P

408 4184 747 4274 merismu
779 4218 1262 4275 cohercitioneOV
1283 4220 1607 4275 coercitione
1632 4218 1813 4275 orso
1888 4218 1957 4273 20
1988 4182 2252 4307 corrig-{Ero
2272 4216 2328 4269 P
2399 4215 2467 4269 22
2499 4182 2691 4283 edffcae

408 4368 460 4405 re
501 4352 550 4405 Ρ
651 4352 721 4406 23
762 4315 934 4425 atique
973 4352 1028 4405 P
