3159 4984
788 516 852 569 V.
910 516 1202 570 Contra
1257 517 1693 586 epistulam
1751 517 2262 573 fundamenti.
2517 522 2643 588 245

361 714 472 779 ubi
520 713 814 778 dominus
863 713 1055 778 dicit:
1115 712 1356 778 nolite
1403 713 1675 777 timere
1724 732 1882 791 666,
1944 714 2071 795 qui
2128 733 2405 796 corpus
2462 715 2652 780 occi-

363 822 548 886 dunt
612 823 687 885 et
731 820 1062 904 amplius
1118 840 1259 885 non
1317 820 1627 896 habent,
1685 820 1869 902 quid
1922 820 2240 896 faciant,
2300 819 2431 885 sed
2488 836 2653 885 eum

361 930 656 1005 timete,
716 926 844 1010 qui
891 945 1054 991 cum
1104 945 1380 1009 corpus
1441 927 1847 1001 occiderit,
1904 926 2133 991 habet
2186 930 2651 1011 potestatem

239 1026 243 1031 ’
363 1036 684 1099 animam
727 1034 1036 1098 mittere
1081 1034 1154 1097 in
1204 1032 1645 1117 gehennam.
1694 1034 2089 1098 uoluntariae
2138 1036 2353 1098 autem
2400 1052 2651 1117 corrup-

294 1152 320 1191 5
362 1141 524 1206 tioni
551 1140 698 1205 addi
724 1140 958 1205 iudicio
999 1140 1214 1204 diuino
1251 1141 1585 1223 poenalem
1625 1140 2093 1223 corruptionem
2130 1140 2647 1206 manifestissime

361 1248 690 1332 apostolus
725 1246 967 1311 Paulus
1017 1245 1391 1325 adtestatur,
1442 1265 1590 1311 cum
1643 1247 1835 1311 dicit:
1882 1246 2245 1331 templum
2292 1248 2485 1312 enim
2534 1248 2651 1313 dei
2714 1278 2719 1286 ·

363 1356 708 1419 sanctum
767 1355 910 1429 est,
971 1353 1170 1434 quod
1231 1354 1418 1418 estis
1476 1372 1643 1430 uos;
1704 1353 2059 1435 quisquis
2114 1354 2477 1438 templum
2532 1354 2651 1420 dei

364 1460 812 1543 corruperit,
864 1462 1298 1542 corrumpet
1331 1461 1552 1525 illum
1594 1460 1798 1525 deus.
1848 1459 2017 1542 quod
2058 1460 2113 1525 si
2150 1461 2213 1525 in
2252 1464 2469 1525 uetere
2504 1461 2647 1545 lege

364 1568 600 1632 dictum
654 1570 843 1643 esset,
893 1567 1123 1649 quibus
1169 1566 1640 1631 inuectionibus
1680 1565 1790 1631 isti
1826 1567 2113 1650 inpetum
2150 1567 2431 1632 facerent
2465 1586 2647 1633 accu-

265 1682 322 1723 10
363 1677 576 1738 santes
653 1673 836 1755 quasi
907 1675 1338 1757 corruptorem
1415 1673 1646 1738 deum!
1724 1672 1892 1755 quod
1956 1673 2225 1737 uerbum
2288 1676 2648 1739 metuentes

359 1780 552 1844 multi
604 1780 788 1845 latini
841 1780 1218 1863 interpretes
1275 1780 1617 1846 noluerunt
1673 1778 1879 1843 dicere
1951 1781 2481 1863 „corrumpet,“
2538 1779 2649 1845 sed

361 1885 650 1950 dixerunt
693 1886 1156 1969 „disperdet“
1201 1884 1420 1950 illum
1461 1886 1663 1960 deus,
1706 1891 1770 1948 et
1802 1904 1929 1951 non
1969 1884 2295 1950 deuiantes
2336 1904 2373 1949 a
2408 1905 2473 1950 re
2509 1886 2651 1969 ipsa

363 1992 772 2058 offensionem
837 1993 1136 2058 uocabuli
1201 1993 1586 2058 deuitarunt.
1656 2010 2038 2074 quamquam
2090 1992 2204 2056 isti
2257 2010 2381 2057 non
2434 1992 2647 2056 minus

359 2100 811 2164 inueherentur
855 2100 918 2165 in
965 2100 1346 2183 perditorem
1395 2100 1605 2171 deum,
1666 2099 1721 2165 si
1776 2100 1899 2165 hoc
1951 2100 2015 2164 in
2067 2100 2211 2184 lege
2266 2102 2481 2164 uetere
2538 2101 2650 2163 aut

271 2215 322 2253 ¹5
365 2206 690 2289 prophetis
735 2207 1111 2271 inuenirent.
1178 2207 1289 2272 sed
1345 2207 1591 2290 graecis
1648 2206 2109 2289 exemplaribus
2164 2206 2646 2283 conuincuntur,

361 2312 425 2376 in
464 2312 696 2395 quibus
735 2312 1132 2395 apertissime
1173 2314 1481 2396 scriptum
1526 2316 1665 2379 est:
1715 2314 2069 2396 quisquis
2116 2314 2483 2396 templum
2532 2312 2649 2378 dei

365 2420 812 2502 corruperit.
871 2424 1303 2503 corrumpet
1356 2421 1577 2485 illum
1635 2421 1838 2487 deus,
1904 2420 2072 2503 quod
2128 2420 2183 2485 si
2240 2419 2383 2503 quis
2430 2420 2507 2484 ab
2556 2419 2647 2483 eis

365 2528 625 2607 quaerat
679 2527 994 2609 quomodo
1051 2526 1295 2591 dictum
1343 2527 1446 2603 sit,
1496 2547 1575 2592 ne
1624 2530 1951 2610 corruptor
2016 2528 2276 2610 putetur
2322 2526 2500 2603 (1666,
2551 2545 2647 2589 ex-

363 2634 610 2714 ponunt
656 2634 874 2698 statim
929 2639 1434 2718 „corrumpet“
1483 2634 1725 2699 dictum
1774 2652 1951 2699 esse:
2000 2632 2385 2717 corruptioni
2419 2632 2646 2709 tradet,

272 2744 328 2785 ²⁰
366 2738 474 2802 uel
521 2738 576 2803 si
624 2757 748 2821 quo
788 2739 910 2804 alio
949 2740 1138 2805 modo
1174 2743 1464 2823 possunt.
1515 2760 1639 2822 quo
1678 2741 1886 2805 animo
1926 2740 1983 2807 si
2019 2742 2231 2805 essent
2264 2740 2329 2803 in
2365 2738 2649 2803 ueterem

364 2844 593 2929 legem,
643 2850 708 2911 et
743 2847 946 2910 multa
981 2845 1070 2910 ibi
1108 2847 1394 2911 miranda
1427 2848 1870 2931 intellegerent
1906 2849 1971 2911 et
2006 2846 2285 2911 nondum
2322 2845 2649 2909 intellecta

367 2969 490 3015 non
540 2970 684 3016 66111
733 2952 875 3017 odio
921 2953 1289 3031 lacerarent,
1339 2954 1450 3019 sed
1499 2972 1643 3019 cum
1690 2954 1925 3019 honore
1972 2952 2308 3017 differrent.

459 3060 564 3124 40.
615 3058 684 3124 Si
729 3059 872 3142 quis
921 3064 1135 3124 autem
1179 3061 1460 3125 nondum
1510 3060 1711 3125 credit
1757 3079 1830 3124 ex
1874 3060 2071 3126 nihilo
2120 3078 2261 3125 esse
2308 3056 2651 3140 corruptio-

367 3184 534 3243 nem,
581 3169 890 3249 proponat
945 3166 1069 3231 sibi
1123 3166 1280 3232 haec
1336 3166 1462 3233 duo
1518 3174 1731 3243 „esse“
1788 3169 1854 3231 et
1908 3186 2067 3243 „non
2116 3172 2294 3231 esse*
2352 3164 2533 3247 quasi
2580 3182 2655 3228 ex

228 3271 326 3317 '²⁵
369 3270 640 3337 diuersis
701 3273 988 3357 partibus
1055 3274 1470 3357 intellegendi
1528 3274 1751 3358 gratia,
1809 3276 1904 3349 ut,
1962 3292 2109 3338 cum
2162 3272 2361 3338 tardis
2414 3268 2657 3335 tardius

365 3378 784 3457 ambulemus,
835 3380 1058 3446 deinde
1107 3381 1289 3444 uelut
1332 3381 1396 3444 in
1443 3381 1653 3446 medio
1702 3381 2054 3446 constituat
2090 3380 2350 3463 aliquid,
2387 3381 2463 3443 ut
2498 3378 2655 3461 puta

365 3504 592 3568 corpus
641 3486 1000 3563 animantia,
1051 3490 1116 3551 et
1163 3489 1426 3569 quaerat
1467 3488 1588 3551 hoc
1636 3505 1875 3565 secum,
1936 3486 2087 3550 (16111
2140 3485 2449 3551 formatur
2489 3482 2653 3548 illud

542 3660 572 3713 1
609 3660 804 3716 Matth.
846 3660 928 3724 10,
968 3659 1036 3712 28
1074 3660 1201 3713 Luc.
1244 3659 1327 3724 12,
1366 3661 1401 3713 4
1512 3660 1544 3713 6
1583 3658 1611 3713 Ι
1650 3658 1769 3715 Cor.
1811 3660 1860 3725 3,
1903 3660 1970 3713 17

433 3808 466 3861 2
513 3808 658 3879 quod
701 3808 769 3863 H
773 3808 872 3863 TL
1051 3808 1084 3863 3
1131 3825 1296 3879 quum
1341 3809 1398 3863 P
1575 3812 1609 3863 ὃ
1656 3808 1839 3863 (1161116
1895 3807 2095 3863 iudicio
2152 3808 2203 3862 T
2375 3806 2411 3862 6
2456 3804 2647 3877 paulus

360 3902 534 3969 apost.
562 3898 618 3952 V
727 3898 760 3952 8
800 3900 878 3965 (et
914 3898 1008 3965 17)
1048 3898 1340 3967 corrumpit
1386 3897 1437 3950 V
1579 3896 1871 3967 corrumpit
1896 3896 1965 3951 H
2096 3914 2215 3951 66111
2245 3898 2277 3950 b
2412 3895 2585 3950 ueteri
2614 3895 2645 3949 b

365 3988 428 4041 12
449 3986 697 4041 dixerunt
714 4002 816 4041 om.
837 3986 888 4040 T
983 3987 1038 4040 et
1055 3987 1188 4055 non]
1213 4003 1321 4039 non
1331 3984 1606 4040 HTVSG
1628 3985 1793 4041 necR
1869 3986 1933 4041 13
1953 3986 2239 4041 deuiarunt
2254 3985 2307 4041 T
2376 3986 2442 4039 14
2461 3988 2645 4039 uetere

357 4076 482 4147 lege
508 4075 564 4128 V
593 4075 766 4129 ueteri
801 4075 924 4144 lege
953 4074 986 4129 b
1096 4076 1162 4129 15
1193 4074 1365 4145 grecis
1413 4074 1514 4128 ΤΡ
1628 4076 1695 4129 16
1734 4074 1993 4129 scribtum
2030 4074 2086 4127 P
2174 4074 2242 4129 18
2280 4076 2557 4143 corruptor
2597 4076 2645 4139 (r

356 4181 400 4221 ε.
433 4166 467 4219 Ζ.
498 4164 630 4219 add.
657 4180 727 4219 m.
757 4166 822 4229 2)
850 4162 919 4217 H
1021 4163 1090 4217 20
1119 4165 1300 4217 essent
1326 4162 1352 4215 1
1379 4164 1550 4217 issent
1590 4164 1635 4233 (1
1670 4164 1843 4217 issent
1868 4180 1911 4218 6.
1943 4164 2001 4231 l.)
2032 4162 2101 4217 H
2239 4165 2422 4217 uetere
2451 4162 2572 4231 lege
2593 4160 2649 4213 P

358 4254 428 4308 22
466 4252 581 4308 ocio
629 4252 684 4306 V
821 4251 1092 4307 deferrent
1115 4250 1294 4307 GSVb
1320 4252 1570 4306 different
1595 4251 1664 4306 H
1766 4252 1835 4307 23
1872 4250 2127 4324 Capituli]
2165 4251 2216 4306 Τ
2353 4252 2399 4306 si
2426 4268 2470 4305 6.
2500 4252 2537 4305 l.
2567 4251 2647 4317 H,

355 4360 458 4400 om.
479 4342 725 4397 TGRVb
814 4342 862 4396 si
879 4343 1022 4412 quis]
1051 4341 1338 4412 quisquisb
1361 4342 1454 4412 qui
1471 4339 1687 4396 TORV
1770 4339 2031 4410 nondum]
2051 4342 2224 4395 nonP
2292 4341 2361 4395 26
2382 4344 2446 4395 ut
2462 4343 2589 4411 pote
2612 4343 2644 4394 b

358 4431 426 4485 27
449 4434 639 4501 querat
666 4430 718 4483 T
827 4430 930 4485 hoc
949 4447 1050 4485 om.
1081 4431 1131 4483 T
1271 4446 1450 4485 secum
1471 4430 1622 4499 dum]
1642 4430 1934 4485 secundum
1954 4430 2021 4483 H
2038 4433 2131 4496 (m.
2150 4446 2253 4484 rec.
2276 4429 2451 4485 adse-r.
2475 4431 2641 4501 quod)
