3159 4984
930 503 1017 557 VI.
1077 502 1366 558 Contra
1423 503 1796 557 Faustum
1855 503 1986 557 lib.
2035 503 2150 559 XV.
2549 508 2679 571 437

384 706 613 769 tarum.
684 700 852 783 quod
916 700 1075 783 ipsis
1140 700 1395 765 Iudaeis
1454 700 1577 765 sibi
1634 700 2064 765 seruientibus
2121 720 2246 765 non
2303 699 2681 779 exhibuerit,

387 809 554 892 quod
610 808 924 893 promisit.
983 826 1101 872 nec
1160 825 1309 873 sane
1368 806 1602 881 dixisti,
1663 806 1809 889 quid
1867 807 2231 890 promiserit
2286 811 2352 871 et
2403 826 2530 873 non
2587 826 2686 872 ex-

387 915 682 992 hibuerit,
740 934 817 979 ne
873 914 964 978 ibi
1025 913 1489 978 conuincereris
1548 916 1661 977 aut
1714 913 1843 977 iam
1903 913 2277 991 exhibitum,
2336 914 2504 998 quod
2557 933 2684 980 non

384 1022 727 1106 intellegis,
795 1024 907 1085 aut
971 1020 1179 1085 adhuc
1243 1021 1553 1099 futurum,
1625 1020 1795 1102 quod
1861 1040 1986 1086 non
2053 1021 2278 1086 credis.
2345 1021 2466 1086 tibi
2530 1021 2686 1105 quid

316 1151 345 1187 ιε
386 1129 774 1211 promissum
822 1132 924 1193 est
971 1132 1037 1192 et
1080 1129 1577 1211 praesentatum,
1634 1127 1802 1191 unde
1860 1126 1980 1191 tibi
2034 1127 2192 1192 fides
2247 1128 2428 1193 fieret
2472 1130 2538 1192 te
2583 1146 2682 1192 ac-

384 1239 709 1319 cepturam
756 1234 1115 1318 triumphos
1164 1252 1479 1299 nouorum
1526 1234 1930 1299 saeculorum
1977 1252 2168 1317 super
2221 1236 2455 1299 terram
2510 1236 2684 1298 tene-

384 1344 637 1407 brarum
659 1346 689 1406 ?
756 1342 812 1408 si
859 1342 1106 1424 aliquos
1152 1341 1499 1424 prophetas
1554 1340 1921 1424 protuleris,
1978 1340 2043 1404 in
2102 1340 2334 1423 quibus
2391 1341 2686 1423 legamus

386 1468 529 1513 cum
574 1447 763 1513 laude
810 1447 1170 1531 praedictos
1207 1447 1469 1523 ‚futuros
1516 1447 1951 1523 ManichanS,
2008 1447 2176 1512 unde
2231 1447 2361 1511 iam
2406 1448 2526 1512 tibi
2575 1448 2686 1511 ali-

382 1555 535 1639 quid
582 1555 931 1619 exhibitum
978 1558 1188 1637 puteS,
1237 1554 1358 1619 hoc
1403 1555 1566 1639 ipse,
1617 1557 1767 1638 quia
1815 1574 1956 1619 esse
1995 1574 2113 1620 uos
2151 1554 2468 1633 uidemus,
2506 1554 2684 1638 prius

293 1688 345 1725 ιο
386 1663 726 1746 probatura
773 1680 863 1739 es,
913 1661 1084 1743 quod
1130 1679 1254 1725 non
1299 1660 1440 1743 ipse
1487 1660 1904 1726 Manichaeus
1961 1662 2082 1726 tibi
2135 1661 2476 1745 prophetas
2532 1662 2684 1726 finx-

384 1768 520 1847 erit,
587 1768 696 1852 qui
760 1768 885 1832 sibi
950 1772 1025 1831 ut
1092 1768 1381 1832 crederes
1447 1768 1678 1833 uoluit.
1747 1786 1952 1851 neque
2020 1767 2186 1833 enim
2249 1770 2437 1858 putat
2497 1771 2683 1851 turpe

386 1875 806 1953 mendacium,
856 1878 967 1937 aut
1012 1893 1166 1939 uero
1214 1876 1433 1956 potest
1480 1874 1772 1939 dubitare
1818 1875 2018 1940 falsos
2071 1873 2417 1957 prophetas
2473 1876 2684 1940 osten-

381 1982 525 2046 dere
572 1983 635 2045 in
681 1981 963 2064 pellibus
1003 1981 1233 2059 ouinis,
1275 1981 1385 2064 qui
1424 1981 1747 2046 Christum
1796 1982 2063 2047 laudans
2112 1981 2450 2045 adseuerat
2490 1980 2684 2046 falsas

383 2088 709 2153 cicatrices
759 2088 1119 2153 ostendisse
1166 2088 1230 2152 in
1279 2087 1582 2153 membris
1631 2088 1788 2155 suis.
1848 2092 1914 2153 at
1975 2108 2093 2173 ego
2132 2107 2251 2153 uos
2286 2089 2474 2171 plane
2509 2107 2680 2170 prae

291 2218 345 2256 15
389 2194 592 2259 dictos
629 2196 797 2279 lego,
839 2214 963 2260 non
1003 2196 1213 2260 solum
1254 2214 1290 2258 a
1324 2195 1654 2278 prophetis
1694 2195 2032 2279 aliquando
2074 2195 2428 2273 obscuriuS,
2460 2214 2686 2259 uerum

384 2304 448 2365 et
495 2302 571 2365 ab
622 2302 911 2384 apostolo
962 2301 1341 2385 expressius.
1412 2300 1525 2365 sed
1572 2300 1788 2365 uidete
1847 2302 2402 2383 quemadmodum.
2471 2301 2680 2384 spiri-

382 2410 529 2487 tus,
576 2408 806 2491 inquit,
854 2407 1266 2472 manifeste
1317 2406 1527 2483 dicit,
1568 2406 1746 2490 quia
1790 2408 1862 2471 in
1911 2408 2360 2473 nouissimis
2407 2410 2686 2491 tempo-

383 2514 596 2580 ribus
643 2514 1005 2579 recedent
1054 2512 1358 2596 quidam
1405 2533 1441 2577 a
1488 2513 1665 2591 fide,
1723 2513 2212 2579 intendentes
2268 2513 2684 2597 spiritibus

382 2620 929 2686 seductoribus
980 2622 1054 2685 et
1110 2620 1485 2685 doctrinis
1544 2620 2110 2685 daemoniorum
2165 2620 2238 2684 in
2295 2619 2686 2705 hypocrisi

290 2746 347 2786 ιο
386 2728 1137 2811 mendaciloquorum
1214 2728 1718 2792 cauteriatam
1793 2727 2237 2791 habentium
2305 2725 2684 2791 conscien-

380 2835 566 2899 tiam
624 2852 853 2912 suam‚
914 2834 1415 2917 prohibentes
1472 2835 1775 2912 nubere,
1835 2834 2316 2900 abstinentes
2374 2852 2412 2896 a
2468 2831 2683 2908 cibis,

384 2959 569 3023 quos
637 2940 821 3005 deus
889 2941 1185 3006 creauit
1250 2940 1339 3005 ad
1400 2940 1978 3023 percipiendum
2035 2959 2198 3005 cum
2266 2937 2685 3023 gratiarum

385 3047 683 3112 actione
730 3046 1105 3113 fidelibus
1156 3050 1231 3111 et
1284 3048 1427 3125 his,
1486 3048 1614 3130 qui
1673 3047 2200 3133 cognouerunt
2251 3044 2682 3123 ueritatem,

382 3152 559 3236 quia
596 3154 840 3219 omnis
881 3157 1231 3219 ereatura
1270 3154 1389 3219 dei
1428 3155 1620 3220 bona
1660 3159 1796 3233 est,
1837 3155 1912 3218 et
1947 3152 2143 3218 nihil
2181 3150 2681 3229 abiciendum,

284 3284 341 3325 25
387 3260 583 3343 quod
632 3280 798 3325 cum
844 3262 1262 3345 gratiarum
1310 3261 1612 3327 actione
1657 3260 2103 3345 percipitur.
2170 3260 2327 3325 haec
2385 3257 2684 3341 quemad-

381 3367 644 3432 modum
690 3368 752 3432 in
803 3368 990 3433 uobis
1039 3369 1279 3451 inpleta
1326 3368 1473 3447 sint,
1515 3372 1581 3435 et
1615 3369 1759 3432 luce
1798 3367 2032 3432 clarius
2072 3366 2375 3442 omnium,
2417 3365 2527 3447 qui
2563 3384 2682 3431 uos

380 3476 715 3552 nonerunt,
768 3476 991 3540 oculos
1040 3475 1252 3559 tangit
1297 3480 1362 3541 et
1410 3494 1606 3559 supra
1649 3494 1761 3558 pro
1811 3478 2096 3558 tempore
2146 3474 2564 3539 ostendimus

558 3662 624 3717 16
662 3663 689 3715 Ι
727 3662 862 3717 Tim.
900 3665 950 3728 4,
993 3664 1019 3717 1
1062 3680 1178 3734 sqq.

452 3797 477 3849 1
535 3796 711 3850 iudeis
770 3796 815 3849 G
958 3795 1387 3851 deseruientibus
1446 3796 1477 3849 b
1642 3798 1675 3850 2
1731 3753 1877 3868 quod.
1932 3795 1980 3851 S
2031 3795 2176 3865 quod
2236 3794 2289 3851 G
2432 3798 2466 3848 4
2517 3794 2680 3849 intel-

374 3884 514 3955 legis
541 3886 617 3941 L²
728 3886 762 3938 5
792 3884 945 3939 fieret
972 3884 1106 3938 fides
1135 3886 1180 3938 C
1302 3884 1335 3940 8
1363 3886 1674 3939 manicheos
1702 3885 1911 3941 LCSG
2040 3885 2107 3939 10
2134 3884 2447 3939 manicheus
2475 3884 2683 3938 LOSG

375 3973 444 4026 12
480 3972 817 4027 mendatium
859 3971 907 4027 0
1054 3976 1151 4027 aut
1198 3976 1254 4039 (u
1290 3990 1333 4028 s.
1382 3974 1440 4042 Ζ.)
1499 3974 1544 4028 G
1730 3973 1980 4029 dubitare
2019 3973 2086 4027 0¹
2227 3973 2392 4027 falsas
2449 3972 2680 4043 prophe-

372 4062 481 4115 tias
509 4060 741 4117 LSGM
762 4060 928 4115 falsos
956 4061 1271 4132 prophetias
1302 4060 1350 4116 0
1371 4061 1535 4116 falsas
1564 4062 1846 4133 prophetis
1873 4062 1950 4116 P¹
2065 4063 2132 4116 14
2161 4059 2525 4132 predicatores
2555 4060 2681 4115 8¹6

373 4150 679 4220 predicatos
737 4150 947 4205 LPMb
984 4149 1254 4221 predictos
1294 4166 1410 4205 esse
1448 4150 1513 4204 8²
1697 4152 1763 4205 15
1801 4168 1834 4205 a
1870 4168 1972 4207 om.
2013 4150 2114 4206 SG
2276 4150 2555 4220 aliquanto
2610 4148 2688 4203 M

379 4239 447 4292 16
466 4239 932 4309 quemammodum
955 4238 1247 4293 LS¹M¹G¹
1363 4240 1427 4294 19
1454 4239 1820 4294 demoniorum
1844 4238 1889 4293 Ο
2027 4238 2287 4309 hipocrisi
2309 4236 2358 4293 S
2459 4238 2526 4291 21
2557 4254 2679 4308 pro-

374 4327 679 4382 hibentium
716 4326 1027 4382 LPSMGb
1162 4329 1232 4382 22
1270 4328 1571 4399 graciarum
1610 4328 1658 4384 S
1789 4330 1858 4383 24
1895 4328 2064 4383 nichil
2108 4326 2156 4382 0
2295 4326 2362 4381 25
2403 4342 2680 4397 quemam-

374 4416 593 4470 modum
631 4415 743 4470 LG
851 4417 916 4469 27
956 4418 1207 4471 nouerint
1250 4418 1297 4472 G
