3159 4984
330 1636 383 1673 10

336 2166 386 2203 15

336 2698 394 2735 20

340 3762 395 3800 30

918 458 1008 511 VI.
1068 456 1357 512 Contra
1414 458 1784 510 Faustum
1839 458 1971 511 lib.
2029 457 2258 512 XVIIII.
2589 462 2720 523 505

416 652 796 717 dentibus.
854 652 1009 716 item
1074 652 1277 735 ipsius
1344 654 1541 717 uerba
1614 656 1800 718 sunt:
1861 655 2058 737 quod
2133 655 2326 719 enim
2401 654 2720 738 inpossi-

416 758 570 823 bile
620 762 781 823 erat
824 759 1043 842 legis,
1092 760 1163 824 in
1214 780 1356 842 quo
1406 760 1944 825 infirmabatur
1990 781 2119 844 per
2166 780 2482 836 carnem,
2535 761 2720 825 deus

420 864 672 928 filium
741 884 958 928 suum
1024 865 1239 931 misit
1293 865 1366 929 in
1428 866 2020 930 similitudinem
2079 867 2330 931 carnis
2396 866 2718 949 peccati,

418 974 503 1035 ut
549 970 635 1035 de
673 974 987 1053 peccato
1029 972 1421 1036 damnaret
1458 976 1854 1057 peccatum
1897 974 1968 1037 in
2011 992 2249 1039 carne.
2291 978 2372 1036 ut
2411 973 2724 1037 iustitia

418 1079 623 1163 legis
670 1078 1103 1161 inpleretur
1146 1079 1217 1142 in
1269 1082 1505 1147 nobiS.
1568 1081 1692 1163 qui
1749 1102 1892 1147 non
1951 1080 2362 1146 secundum
2429 1100 2720 1145 carnem

420 1187 923 1251 ambulamus,
995 1186 1126 1250 sed
1194 1187 1606 1251 secundum
1683 1188 2059 1271 spiritum.
2139 1208 2283 1252 ecce
2349 1187 2520 1269 quod
2587 1189 2720 1250 est:

422 1314 568 1359 non
636 1295 811 1358 ueni
877 1294 1123 1377 legem
1174 1295 1495 1359 soluere.
1547 1293 1677 1359 sed
1727 1295 2134 1378 adinplere.
2196 1313 2358 1377 quae
2403 1296 2504 1357 lex
2554 1294 2721 1357 enim

424 1402 731 1483 superbos
782 1402 973 1465 etiam
1022 1402 1581 1485 praeuaricationis
1631 1406 1807 1467 reatu
1859 1403 2140 1467 deuinxit
2178 1401 2466 1486 augendo
2505 1418 2724 1483 pecca-

422 1512 583 1586 tum,
653 1528 797 1573 cum
864 1508 1062 1585 iubet.
1122 1509 1291 1591 quod
1354 1510 1594 1592 inplere
1649 1530 1771 1574 non
1831 1512 2122 1593 possunt,
2169 1509 2374 1592 ipsius
2422 1508 2585 1591 legis
2631 1507 2722 1570 in-

426 1616 639 1699 pletur
664 1615 917 1679 iustitia
946 1634 1059 1699 per
1095 1617 1363 1699 gratiam
1404 1616 1666 1699 spiritus
1705 1617 1768 1681 in
1811 1618 1922 1695 eis,
1963 1617 2074 1698 qui
2116 1617 2369 1681 discunt
2407 1635 2442 1679 a
2473 1614 2724 1681 Christo

424 1722 613 1788 mites
663 1742 803 1787 esse
853 1726 1047 1805 atque
1095 1722 1369 1786 humiles
1421 1723 1629 1792 corde.
1671 1724 1780 1805 qui
1818 1724 1996 1787 uenit
2041 1743 2165 1788 non
2205 1724 2412 1805 legem
2453 1722 2721 1786 soluere.

428 1830 541 1894 sed
600 1829 941 1912 adinplere.
1004 1830 1248 1898 deinde.
1308 1832 1460 1912 quia
1516 1832 1708 1895 etiam
1767 1833 1884 1895 sub
1946 1831 2150 1914 gratia
2203 1829 2430 1913 positis
2488 1830 2550 1893 in
2607 1830 2727 1893 hac

428 1935 680 1999 mortali
746 1937 885 1999 uita
949 1936 1205 2001 difficile
1275 1943 1373 2001 est
1438 1938 1613 2002 omni
1669 1938 1854 2003 modo
1909 1937 2167 2020 inplere,
2235 1936 2409 2017 quod
2463 1937 2525 1999 in
2583 1936 2728 2019 lege

428 2043 732 2124 scriptum
786 2046 920 2107 est:
981 2064 1123 2107 non
1175 2045 1698 2127 concupisces.
1757 2045 1869 2109 ille
1925 2063 2038 2127 per
2084 2044 2288 2109 carnis
2338 2062 2488 2107 suae
2537 2043 2726 2107 sacn‘-

426 2150 641 2213 ficium
718 2152 1012 2215 sacerdos
1090 2150 1353 2215 effectus
1420 2152 1695 2234 inpetrat
1762 2152 1941 2217 nobis
2007 2152 2470 2234 indulgentiam
2537 2150 2726 2213 etiam

426 2257 573 2321 hinc
612 2256 941 2339 adinplens
979 2258 1209 2342 legem,
1240 2261 1333 2323 ut.
1368 2258 1539 2339 quod
1576 2280 1688 2341 per
1723 2262 2004 2323 nostram
2043 2258 2478 2322 infirmitatem
2517 2257 2728 2321 minus

426 2382 809 2445 possumus,
889 2382 1001 2446 per
1064 2363 1239 2429 illius
1306 2364 1756 2446 perfectionem
1823 2367 2186 2430 recuretur.
2254 2364 2436 2428 cuius
2503 2362 2728 2446 capitis

428 2470 710 2534 membra
776 2470 984 2534 effecti
1048 2490 1294 2535 sumus.
1363 2472 1530 2535 unde
1588 2472 1900 2536 lohannes
1960 2472 2150 2535 dicit:
2219 2471 2488 2537 filioli.
2546 2470 2728 2533 haec

431 2578 684 2643 scribo
744 2579 987 2646 uobis,
1045 2582 1127 2643 ut
1184 2599 1325 2643 non
1372 2580 1744 2661 peccetis3
1819 2582 1892 2643 et
1938 2580 2001 2644 si
2050 2578 2222 2660 quis
2271 2577 2726 2661 peccauerit.

433 2685 885 2749 aduocatum
965 2685 1327 2749 habemus
1404 2686 1596 2768 apud
1673 2690 1960 2767 patrem
2027 2687 2275 2750 Iesum
2345 2684 2730 2749 Christum

432 2791 752 2867 iustum3
803 2791 965 2873 ipse
1017 2795 1133 2855 est
1180 2792 1517 2855 exoratio
1568 2811 1696 2874 pro
1746 2792 2086 2874 peccatis
2137 2791 2441 2856 nostris

522 2900 581 2961 8.
630 2898 1006 2980 Prophetias
1056 2902 1269 2961 autem
1320 2900 1413 2962 sic
1461 2898 1834 2981 adinpleuit.
1888 2918 2033 2962 cum
2072 2898 2134 2961 iu
2178 2918 2248 2962 eo
2289 2898 2527 2961 ueritas
2565 2896 2736 2959 sacta

433 3008 532 3069 est
576 3004 914 3087 promissio
966 3004 1086 3067 dei.
1157 3005 1276 3069 hoc
1331 3005 1521 3087 paulo
1582 3006 1726 3067 ante
1786 3024 1856 3068 ex
1915 3004 2204 3086 apostolo
2265 3002 2730 3067 conmemoraui

439 3110 726 3175 dicente:
770 3114 1155 3191 quotquot
1195 3110 1385 3173 enim
1426 3110 1975 3193 promissiones
2018 3109 2155 3177 dei.
2197 3110 2267 3172 in
2307 3110 2444 3172 illo
2487 3108 2732 3171 etiam.

348 3228 385 3265 ⁴2·
441 3217 607 3282 idem
644 3238 865 3283 rursus
906 3218 1098 3283 dicit:
1151 3218 1319 3281 dico
1363 3218 1553 3281 enim
1598 3218 1980 3282 Christum
2021 3217 2449 3281 ministrum
2491 3214 2732 3279 fuisse

440 3326 1064 3390 circumcisionis
1104 3328 1415 3408 propter
1452 3326 1860 3388 ueritatem
1900 3325 2018 3388 dei
2053 3324 2140 3387 ad
2174 3324 2734 3388 confirmandas

436 3433 987 3515 promissiones
1036 3436 1351 3515 patrum.
1421 3432 1595 3513 quod
1643 3451 1790 3513 ergo
1839 3431 1902 3494 in
1952 3431 2277 3513 prophetis
2326 3431 2464 3494 siue
2521 3436 2734 3513 aperte

434 3539 570 3603 siue
617 3558 729 3620 per
774 3538 1009 3621 figuras
1070 3538 1171 3601 uel
1228 3538 1624 3603 locutionum
1682 3538 1790 3600 uel
1847 3537 2166 3601 actionum
2224 3536 2732 3619 promittebatur.

434 3646 496 3709 in
545 3646 659 3709 illo
710 3645 1101 3728 adinpletum
1152 3648 1269 3711 est.
1320 3646 1431 3727 qui
1490 3666 1612 3709 11011
1671 3644 1850 3707 uenit
1906 3644 2154 3707 soluere
2210 3644 2418 3726 legem
2478 3644 2541 3705 et
2596 3662 2732 3724 pro·

434 3754 679 3837 phetas,
732 3752 844 3817 sed
893 3752 1233 3833 adinplere.
1303 3751 1423 3815 hoc
1483 3756 1696 3815 autem
1756 3770 1872 3815 uos
1933 3770 2054 3813 non
2113 3749 2508 3832 intellegitis,
2561 3749 2731 3830 quia,

618 3962 641 4015 1
676 3962 809 4015 Rom
858 3960 907 4025 8,
939 3962 970 4013 3
1001 3976 1081 4028 sq.
1190 3960 1252 4011 14
1282 3959 1375 4011 Ex,
1405 3958 1490 4022 ⁶20,
1526 3959 1589 4010 17
1661 3957 1956 4023 ‚18110h.
1988 3958 2037 4021 2,
2071 3958 2095 4009 1
2132 3973 2210 4026 sq.
2305 3957 2375 4009 24
2403 3956 2556 4009 Rom.
2591 3958 2672 4019 15,
2702 3956 2736 4007 8

507 4106 540 4158 2
576 4104 689 4173 legi
730 4106 777 4170 (s
816 4104 909 4171 er.)
958 4102 1075 4157 SM
1214 4102 1247 4153 6
1286 4100 1622 4154 ambulemus
1661 4100 1734 4153 L¹
1937 4099 2068 4163 sedd
2103 4100 2151 4153 C
2235 4116 2243 4125 ·
2309 4100 2392 4151 est
2433 4101 2505 4151 (st
2541 4113 2584 4150 s,
2625 4098 2660 4151 Ζ.
2701 4115 2738 4149 a

437 4210 502 4246 m.
542 4192 595 4263 2)
626 4192 679 4245 L
826 4194 856 4245 7
897 4191 1191 4261 adimplere
1223 4192 1269 4243 (r
1294 4206 1414 4257 sup.
1446 4192 1503 4254 u)
1540 4190 1588 4242 0
1719 4190 1751 4243 8
1791 4188 2234 4260 prenaricationis
2271 4186 2318 4239 0
2427 4188 2494 4240 10
2522 4184 2738 4239 discunt

434 4293 479 4353 <s
516 4298 559 4336 s.
600 4282 660 4351 Ζ.)
696 4282 741 4335 C
888 4282 948 4333 17
988 4290 1333 4349 recuperetur
1378 4280 1465 4350 (pe
1512 4295 1554 4332 3.
1606 4279 1640 4331 l.
1691 4296 1728 4332 α
1771 4296 1840 4333 m.
1880 4278 1932 4347 2)
1970 4278 2133 4331 L1¹³11
2281 4278 2350 4329 20
2387 4280 2508 4345 xpm
2550 4290 2650 4329 om.
2697 4274 2746 4326 0

432 4372 499 4425 ‘21
539 4370 807 4425 exorssatio
850 4372 897 4430 (τ
936 4371 1029 4437 er.)
1075 4368 1120 4421 G
1226 4370 1293 4421 :24
1333 4368 1522 4436 etiam]
1562 4371 1647 4420 est
1684 4368 1716 4421 b
1827 4368 1895 4419 29
1935 4366 2088 4419 uenit
2131 4368 2176 4423 (t
2212 4382 2254 4418 s,
2297 4366 2354 4430 l.)
2401 4364 2448 4417 O
