3159 4984
824 434 1214 490 V.Contra
1261 436 1694 507 epistulam
1744 436 2259 491 fundamenti.
2550 443 2677 505 227

401 630 610 714 gimus
646 632 892 695 rectum
929 630 1158 696 melius
1199 650 1340 695 esse
1376 649 1566 713 quam
1594 636 1906 715 prauum?
1947 651 2176 714 quaero
2217 653 2363 718 ergo
2404 652 2443 697 a
2476 634 2683 709 uobis,

401 738 456 803 si
499 737 748 821 placide
794 737 1205 820 modesteque
1254 737 1564 821 accipitis,
1621 741 1869 803 rectum
1926 740 2097 805 latus
2156 742 2358 805 terrae
2404 740 2687 805 tenebra-

397 863 560 923 rum,
629 843 798 927 quod
859 846 1032 908 recto
1099 843 1282 909 lateri
1335 847 1537 910 terrae
1594 846 1757 910 lucis
1814 845 2199 930 adiungitur,
2260 846 2315 911 si
2370 847 2685 931 quispiam

401 950 789 1035 deprauaret,
838 950 1162 1015 nullamne
1207 950 1306 1014 illi
1339 950 1881 1035 pulchritudinem
1918 953 2243 1017 adimeret.
2292 972 2551 1019 necesse
2590 956 2690 1019 est

337 1082 363 1122 ⁵
398 1057 750 1133 fateamini,
819 1058 874 1122 si
936 1058 1165 1121 latrare
1231 1056 1478 1147 nolitis,
1543 1078 1669 1123 non
1737 1060 1945 1124 solum
2014 1059 2100 1138 ei,
2168 1059 2223 1125 si
2289 1060 2685 1143 deprauetur,

399 1164 935 1249 pulchritudinem
984 1164 1234 1243 auferri,
1284 1164 1398 1229 sed
1445 1184 1583 1229 eam
1632 1164 1823 1229 etiam
1879 1166 2440 1249 pulchritudinem,
2498 1186 2687 1249 quam

401 1290 542 1335 cum
607 1273 778 1336 recto
841 1271 1037 1335 latere
1101 1274 1304 1337 terrae
1367 1272 1629 1337 luminis
1693 1271 1905 1357 potuit
1968 1273 2197 1338 habere
2264 1292 2683 1341 communem.

401 1378 560 1451 hanc
609 1397 758 1462 ergo
807 1378 1096 1442 auferens
1135 1381 1202 1443 et
1239 1379 1314 1443 de
1351 1383 1526 1445 recto
1561 1398 1833 1462 prauum
1870 1379 2129 1457 faciens,
2168 1382 2243 1443 ut
2280 1379 2685 1455 discordaret,

401 1485 567 1567 quod
624 1484 1063 1563 concordabat,
1121 1487 1187 1550 et
1246 1483 1629 1563 abhorreret,
1688 1486 1855 1569 quod
1916 1487 2324 1571 congruebat,
2382 1486 2687 1569 numquid

313 1616 365 1655 ιο
401 1592 676 1675 aliquam
721 1592 868 1656 inde
915 1592 1189 1657 auferret
1235 1592 1711 1657 substantiam?
1760 1593 1853 1658 sic
1891 1612 2040 1677 ergo
2098 1594 2327 1659 discite
2372 1613 2497 1659 non
2544 1593 2691 1660 sub·

405 1698 704 1763 stantiam
731 1698 974 1762 malum
1005 1716 1166 1777 esse,
1202 1698 1315 1763 sed
1344 1698 1514 1763 sicut
1547 1699 1613 1763 in
1653 1718 1907 1783 corpore
1947 1701 2419 1767 conmutatione
2454 1702 2691 1767 formae

402 1803 468 1868 in
515 1804 792 1869 deterius
841 1804 1050 1869 amitti
1097 1805 1374 1889 speciem
1422 1804 1532 1870 uel
1586 1805 1800 1890 potius
1855 1806 2056 1871 minui
2115 1809 2181 1870 et
2232 1804 2491 1871 foedum
2546 1806 2691 1883 dici,

406 1911 572 1993 quod
635 1910 975 1995 pulchrum
1039 1914 1222 1977 antea
1287 1912 1634 1991 dicebatur,
1703 1915 1769 1977 et
1824 1912 2161 1997 displicere
2216 1932 2464 1997 corpus,
2523 1914 2692 1996 quod

407 2020 548 2082 ante
595 2019 956 2101 placuerat:
1007 2020 1100 2083 sic
1143 2020 1209 2084 in
1259 2018 1470 2085 animo
1514 2022 1729 2085 rectae
1774 2020 2127 2086 uoluntatis
2177 2020 2390 2099 decus,
2428 2038 2553 2104 quo
2589 2021 2693 2104 pie

317 2148 368 2187 15
401 2125 698 2207 iusteque
744 2125 1011 2203 uiuitur,
1071 2130 1439 2191 conmutata
1493 2127 1557 2191 in
1615 2127 1895 2192 deterius
1950 2128 2282 2193 uoluntate
2328 2127 2692 2212 deprauari3

405 2250 527 2315 quo
593 2236 854 2315 peccato
921 2232 1088 2298 effici
1153 2234 1428 2298 animam
1492 2234 1812 2314 miseram,
1880 2254 2039 2317 quae
2097 2233 2433 2301 honestate
2485 2242 2695 2300 rectae

403 2340 756 2405 uoluntatis
802 2339 1172 2405 beatitatem
1222 2341 1569 2421 obtinebat,
1630 2343 1807 2407 nulla
1862 2342 2079 2407 addita
2132 2342 2496 2407 detractaue
2544 2328 2694 2406 sub-

407 2446 658 2512 stantia.

492 2553 734 2619 Deinde
801 2554 992 2618 etiam
1055 2554 1218 2619 illud
1285 2555 1596 2639 cogitate,
1664 2556 1811 2639 quia
1876 2556 2000 2620 etsi
2067 2554 2487 2621 concedamus
2552 2553 2695 2619 aliis

315 2682 370 2723 ao
407 2662 615 2726 causis
661 2661 832 2727 latus
879 2664 1080 2726 terrae
1125 2662 1528 2727 tenebrarum
1583 2663 1829 2727 malum
1886 2680 2049 2741 esse,
2106 2661 2277 2743 quod
2333 2660 2694 2737 obscurum,

411 2768 578 2850 quod
623 2770 1032 2835 tenebrosum
1078 2770 1186 2835 uel
1235 2770 1291 2834 si
1338 2769 1488 2852 quid
1537 2768 1710 2834 aliud
1760 2768 1885 2834 dici
1930 2771 2163 2853 potest,
2202 2786 2326 2834 non
2372 2770 2587 2832 tamen
2630 2766 2695 2831 in

409 2895 504 2953 eo,
552 2876 722 2957 quod
763 2880 1010 2941 rectum
1059 2880 1176 2955 est,
1228 2876 1468 2940 malum
1519 2878 1636 2941 est.
1706 2876 1875 2941 sicut
1922 2894 2071 2959 ergo
2121 2874 2395 2940 concedo
2444 2892 2583 2938 esse
2626 2873 2695 2959 in

409 2982 544 3046 eius
611 2984 818 3048 colore
884 2982 1121 3066 aliquid
1187 2982 1358 3059 mali,
1407 2982 1500 3047 sic
1547 3000 1809 3047 necesse
1874 2984 1976 3047 est
2040 2983 2105 3045 et
2159 2998 2277 3044 uos
2335 2978 2697 3044 concedatis

410 3074 564 3155 esse'
603 3089 667 3153 in
727 3089 863 3153 eius
919 3088 1300 3155 rectitudine
1359 3088 1601 3171 aliquid
1657 3088 1825 3154 boni.
1892 3089 2069 3153 nefas
2136 3090 2236 3151 est
2298 3085 2511 3168 itaque
2575 3086 2699 3151 hoc

315 3218 372 3257 25
408 3198 990 3277 quantumcumque
1035 3194 1187 3261 boni
1235 3198 1336 3261 est
1381 3196 1653 3261 alienare
1702 3195 1778 3259 ab
1828 3194 2069 3259 artifice
2116 3194 2253 3274 deo,
2302 3212 2339 3257 a
2386 3212 2509 3275 quo
2558 3210 2697 3257 esse

407 3320 590 3365 omne
635 3302 894 3378 bonum,
948 3302 1116 3383 quod
1161 3301 1225 3366 in
1272 3320 1673 3384 quacumque
1721 3304 1947 3367 natura
2004 3306 2121 3379 est,
2178 3300 2301 3366 nisi
2358 3299 2694 3375 credimus,

403 3408 938 3491 perniciosissime
971 3427 1273 3473 erramus.
1313 3409 1630 3491 quomodo
1663 3428 1809 3493 ergo
1845 3409 1954 3473 ille
1996 3412 2059 3475 et
2096 3428 2421 3473 summum
2456 3407 2696 3471 malum

407 3532 550 3579 esse
607 3513 764 3579 dicit
817 3513 977 3578 hanc
1034 3516 1285 3591 terram,
1344 3515 1408 3578 in
1469 3514 1653 3580 cuius
1708 3515 1927 3579 lateris
1983 3513 2363 3579 rectitudine
2418 3511 2696 3587 inueni0,

408 3622 716 3702 quantum
764 3620 845 3684 ad
881 3640 1108 3703 corpus
1149 3620 1411 3699 adtinet,
1449 3640 1573 3686 non
1612 3638 1845 3705 paruae
1882 3617 2378 3703 pulchritudinis
2434 3618 2693 3692 bonum,

481 3830 506 3882 1
547 3846 774 3899 paruum
822 3828 873 3882 V
1048 3830 1082 3883 2
1117 3828 1468 3901 modesteque
1517 3829 1567 3885 T
1745 3829 1777 3883 3
1814 3829 1985 3883 latere
2034 3828 2083 3880 T
2259 3829 2293 3879 4
2332 3825 2600 3879 adimere?
2650 3825 2701 3877 V

405 3918 440 3970 5
477 3918 548 3987 ei]
587 3922 643 3972 et
688 3918 771 3972 Tb
917 3918 949 3972 6
987 3918 1403 3988 pulcritudinem
1441 3919 1509 3972 H
1667 3917 1779 3971 etia
1818 3934 1935 3971 eam
1984 3916 2037 3969 V
2128 3934 2131 3939 ·
2167 3918 2201 3970 9
2236 3915 2517 3984 numquid]
2558 3931 2690 3967 non·

408 4006 657 4077 quidTV
687 4007 933 4078 nunquid
971 4009 1002 4061 b
1175 4008 1242 4063 10
1280 4008 1494 4079 discite]
1531 4008 1734 4062 malum
1772 4008 1963 4061 discite
2002 4006 2225 4079 (malum
2261 4022 2329 4058 m.
2370 4008 2411 4058 2
2449 4002 2601 4073 add.)
2650 4004 2703 4053 V

409 4095 473 4147 11
514 4096 879 4149 cornutatione
919 4096 950 4149 b
1095 4095 1262 4149 forme
1311 4097 1361 4149 T
1492 4096 1561 4149 12
1598 4095 1781 4166 fedum
1827 4096 1880 4149 T
2005 4096 2071 4147 14
2106 4096 2254 4147 recte
2289 4092 2358 4145 H
2479 4093 2547 4146 15
2583 4092 2695 4145 ius-

406 4185 604 4253 taeque
641 4185 697 4237 P
807 4185 872 4237 16
908 4188 1052 4239 recte
1099 4186 1150 4239 T
1254 4186 1320 4239 21
1364 4185 1512 4255 quid]
1555 4184 1700 4255 quod
1736 4185 1791 4239 P
1825 4183 2034 4255 aliquid
2070 4184 2102 4237 b
2231 4182 2301 4235 22
2339 4199 2465 4250 ergo
2506 4198 2605 4250 ego
2655 4180 2705 4234 T

411 4288 526 4326 esse
565 4290 666 4327 om.
715 4274 765 4327 T
975 4276 1032 4327 in
1072 4275 1188 4327 eius
1225 4274 1399 4327 colore
1440 4290 1556 4327 esse
1596 4274 1626 4326 b
1808 4273 1878 4326 23
1918 4272 2100 4325 dolore
2148 4271 2200 4324 T
2365 4270 2433 4323 25
2481 4268 2629 4323 bonu
2667 4270 2699 4323 b

410 4360 630 4416 alienari
667 4363 722 4417 P
828 4364 896 4417 26
936 4363 1210 4418 credamus
1251 4362 1282 4417 b
1393 4363 1462 4416 28
1505 4363 1637 4416 dicit
1677 4379 1791 4415 esse
1838 4362 1893 4414 V
2033 4360 2203 4429 cuius]
2244 4360 2440 4430 quuius
2477 4360 2533 4413 P

2499 4466 2593 4519 15*
