3159 4984
937 503 1006 556 ΙΙ.
1064 504 1162 558 De
1220 503 1518 560 duabus
1575 504 2003 558 animabus,
2511 504 2592 569 61

289 703 588 783 egestate
635 700 926 769 uitiosae,
985 719 1106 764 non
1165 704 1378 765 tamen
1436 719 1548 784 per
1604 701 1923 766 defectum
1982 701 2247 778 animae,
2306 699 2455 782 quia
2501 701 2582 764 ui·

287 805 506 871 uendo
553 805 820 894 animae.
887 825 1001 871 nec
1047 807 1182 871 fieri
1228 811 1464 890 potest,
1513 810 1589 871 ut
1632 807 1805 872 uitae
1852 807 2210 890 praesentia
2266 807 2353 872 sit
2408 825 2606 872 causa

289 912 654 987 deficiendi,
705 932 852 978 cum
897 917 1076 979 tanto
1125 913 1404 996 quidque
1453 913 1725 988 deficiat,
1775 916 2011 995 quanto
2070 912 2383 978 deseritur
2437 913 2595 978 uita.

389 1021 448 1084 9.
519 1019 710 1084 Omni
756 1019 943 1086 modo
990 1020 1189 1104 igitur
1236 1039 1382 1085 cum
1428 1023 1675 1103 pateret
1732 1038 1854 1085 non
1902 1039 2093 1103 posse
2140 1021 2308 1084 ullas
2356 1019 2601 1084 animas

215 1148 246 1187 5
291 1127 380 1190 ab
427 1144 499 1190 eo
549 1129 808 1192 auctore
855 1126 1150 1209 separari,
1199 1145 1238 1190 a
1284 1145 1408 1209 quo
1465 1128 1570 1191 lux
1630 1125 1755 1190 ista
1809 1146 1933 1192 non
1997 1129 2413 1209 separaretur,
2472 1125 2601 1190 iam

291 1232 600 1316 quicquid
647 1233 978 1310 adferrent,
1047 1253 1169 1300 non
1227 1234 1576 1317 acciperem
1636 1234 2167 1316 admoneremque
2233 1233 2468 1318 potius,
2528 1236 2605 1298 ut

290 1359 406 1405 eos
452 1359 708 1406 mecum
756 1342 937 1423 sequi
982 1342 1266 1418 mallent,
1305 1343 1414 1424 qui
1464 1361 1671 1418 omne,
1720 1342 2023 1425 quicquid
2070 1345 2261 1419 esset,
2303 1342 2601 1424 quoniam

289 1451 488 1521 esset,
537 1447 600 1511 in
651 1451 1234 1531 quantumcumque
1282 1452 1474 1524 esset,
1525 1467 1599 1513 ex
1635 1467 1761 1514 uno
1802 1449 1920 1514 deo
1960 1468 2103 1514 esse
2137 1448 2597 1533 praedicarent.

387 1553 749 1618 Recitarent
793 1553 1134 1620 aduersum
1169 1573 1271 1619 me
1310 1573 1502 1620 uoces
1537 1555 1685 1620 illas
1725 1555 2159 1640 euangelicas:
2204 1573 2341 1620 uos
2388 1573 2601 1638 prop-

183 1681 250 1722 ιο
287 1665 510 1724 terea
593 1681 732 1726 non
818 1661 1134 1740 auditiS,
1221 1662 1396 1744 quia
1457 1681 1599 1727 non
1669 1662 1860 1726 estis
1927 1680 2007 1726 ex
2074 1661 2238 1738 deo;
2316 1679 2453 1727 uos
2521 1682 2605 1728 ex

289 1771 512 1852 patre
562 1768 866 1835 diabolo
915 1770 1128 1834 estis.
1179 1789 1296 1854 ego
1344 1788 1597 1852 quoque
1649 1773 1869 1834 contra
1913 1769 2283 1834 recitarem:
2352 1769 2605 1834 omnia

289 1895 428 1959 per
489 1876 740 1958 ipsum
805 1877 1008 1942 facta
1073 1879 1250 1941 sunt
1306 1879 1380 1940 et
1436 1876 1598 1941 sine
1654 1875 1821 1958 ipso
1881 1875 2166 1940 factum
2218 1875 2600 1952 estnihil,

293 1986 368 2047 et
411 1983 574 2047 illud
621 1984 932 2066 apostoli:
982 2002 1175 2048 unus
1224 1983 1431 2058 dene,
1481 2001 1561 2047 ex
1610 2002 1753 2065 quo
1803 1983 2067 2060 omnia,
2118 1985 2194 2047 et
2237 2001 2433 2046 unus
2482 1981 2599 2046 do-

291 2089 548 2154 minus
595 2091 814 2154 Iesus
864 2089 1240 2168 ChristuS‚
1289 2109 1418 2173 per
1464 2109 1681 2171 quem
1731 2090 1993 2168 omnia,
2043 2092 2108 2154 et
2152 2089 2387 2154 iterum
2434 2087 2599 2154 eius-

187 2215 248 2255 15
293 2196 445 2261 dem
493 2197 805 2280 apostoli:
873 2216 954 2262 ex
1001 2216 1144 2279 quo
1195 2197 1469 2273 omnia,
1527 2215 1657 2280 per
1713 2215 1928 2279 quem
1990 2196 2262 2274 omnia,
2319 2195 2393 2260 in
2452 2216 2601 2279 quo

302 2303 576 2382 omnia,
611 2305 764 2370 insi
802 2305 1063 2388 gloria,
1103 2304 1508 2385 hortarerque
1545 2304 1835 2368 homines
1865 2341 1951 2352 -
1983 2304 2037 2368 si
2065 2307 2280 2368 tamen
2309 2301 2602 2368 homines

301 2411 660 2476 inuenirem
696 2449 805 2489 ——,
853 2411 1010 2476 nihil
1058 2430 1172 2477 nos
1216 2413 1346 2476 iam
1392 2411 1574 2494 quasi
1620 2411 1981 2494 conperisse
2026 2427 2599 2493 praesumeremuS,

305 2519 424 2584 sed
472 2538 914 2602 quaereremus
960 2519 1176 2603 potius
1221 2519 1586 2603 magistrOS,
1642 2518 1751 2600 qui
1809 2515 2266 2582 sententiarum
2312 2515 2604 2595 istarum,

305 2645 474 2709 quae
520 2627 702 2692 nobis
747 2626 911 2692 inter
955 2645 1024 2691 se
1069 2644 1350 2710 pugnare
1395 2626 1783 2702 uiderentur,
1820 2643 2041 2708 pacem
2080 2621 2607 2706 concordiamque

197 2747 260 2786 ³⁰
303 2737 751 2800 monstrarent.
797 2753 921 2798 non
958 2733 1020 2796 in
1060 2750 1187 2796 una
1222 2735 1412 2814 atque
1460 2730 1681 2796 eadem
1727 2731 2105 2796 auctoritate
2152 2731 2605 2814 scripturarum

301 2860 454 2906 cnm
501 2840 653 2906 alibi
699 2842 987 2906 sonaret:
1047 2837 1294 2904 omnia
1341 2857 1422 2902 ex
1469 2837 1626 2915 deO,
1677 2841 1741 2902 et
1786 2837 1978 2901 alibi:
2034 2857 2172 2904 uos
2218 2857 2361 2903 non
2410 2837 2602 2902 estis

300 2969 387 3013 ex
435 2948 590 3024 deo,
639 2947 935 3029 quoniam
979 2945 1177 3011 libros
1223 2948 1462 3009 temere
1510 2944 1929 3009 condemnare
1977 2943 2155 3010 nefas
2204 2946 2395 3020 esset,
2453 2943 2600 3025 quis

297 3075 428 3120 non
477 3055 722 3119 uideret
767 3052 1040 3136 peritum
1098 3052 1441 3127 doctorem,
1501 3051 1603 3116 cui
1660 3051 2052 3133 quaestionis
2108 3049 2302 3116 huius
2359 3049 2597 3116 solutio

297 3167 454 3227 nota
499 3165 690 3237 esset,
739 3161 1190 3227 inueniendum
1235 3160 1488 3226 fuisse?
1556 3160 1664 3242 qui
1722 3159 2003 3242 profecto
2061 3156 2115 3222 si
2172 3158 2345 3222 esset
2386 3155 2598 3220 bonus

480 3409 512 3462 9
551 3409 668 3462 Ioh.
707 3408 756 3472 8,
795 3409 864 3461 47
903 3411 958 3460 et
992 3408 1063 3460 44
1211 3406 1271 3458 11
1314 3405 1429 3459 Ioh.
1470 3407 1518 3469 1,
1559 3405 1592 3458 3
1758 3405 1824 3459 13
1852 3405 1879 3458 I
1907 3403 2028 3460 Cor.
2058 3403 2109 3468 8,
2139 3403 2175 3456 6
2340 3403 2406 3456 15
2441 3401 2599 3460 Rom.

293 3501 386 3562 11,
415 3499 484 3552 36
629 3497 698 3551 21
738 3497 763 3550 Ι
804 3495 924 3552 Cor.
968 3498 1049 3562 11,
1091 3497 1157 3550 12

365 3693 400 3747 3
457 3693 686 3764 quisque
716 3692 749 3746 b
929 3711 961 3748 a
1014 3694 1130 3748 uita
1158 3688 1290 3746 BaS'b
1455 3690 1490 3743 4
1529 3695 1585 3746 et
1621 3709 1727 3746 non
1765 3693 1951 3762 posset
1976 3689 2031 3742 A
2070 3691 2128 3742 et
2163 3704 2271 3741 non
2308 3701 2467 3756 posse
2496 3686 2599 3740 BS

289 3783 329 3836 5
366 3781 434 3870 alf
474 3799 538 3872 eo
569 3783 748 3871 animo
787 3781 853 3838 ab
894 3799 956 3838 eo
996 3787 1213 3838 auctore
1241 3783 1318 3836 M
1461 3783 1572 3836 ista
1607 3781 1698 3835 lux
1728 3779 1767 3832 S
1872 3779 1905 3834 6
1946 3778 2173 3833 afferent
2196 3776 2252 3829 B
2402 3793 2594 3830 mone-

285 3951 511 4005 remque
549 3935 739 3992 BASb
849 3936 878 3988 7
917 3893 1124 3991 maient
1157 3936 1213 3989 Β
1321 3937 1355 3990 8
1393 3951 1512 3990 esse
1549 3951 1652 3989 om.
1690 3934 1747 3988 A
1854 3935 1887 3987 9
1927 3931 2185 3987 aduersus
2223 3929 2267 3983 S
2388 3928 2453 3982 10
2493 3945 2591 3980 au-

285 4021 452 4090 distis
487 4023 568 4076 Β)
731 4041 791 4078 ex
830 4022 930 4078 deo
968 4041 1078 4078 non
1117 4023 1250 4078 estis
1287 4023 1419 4078 ASb
1566 4040 1599 4077 a
1635 4025 1789 4092 patre
1826 4019 1930 4074 Mb
2060 4018 2125 4072 12
2164 4019 2280 4072 sine
2318 4015 2493 4086 ipsum
2532 4019 2587 4074 Α

290 4139 360 4192 14
397 4143 458 4192 et
490 4138 998 4211 iterum—apostoli
1034 4157 1136 4194 om.
1167 4139 1200 4192 b
1347 4139 1412 4193 15
1450 4157 1485 4209 p
1525 4145 1629 4208 que
1669 4144 1812 4190 omia
1847 4137 1909 4190 in
1944 4152 2115 4205 mary.
2150 4134 2198 4186 A
2345 4094 2588 4188 wunnihss

286 4263 378 4326 (ut
411 4277 480 4312 m.
520 4262 560 4312 2
598 4260 752 4326 add.)
791 4258 847 4311 B
986 4255 1051 4310 18
1109 4271 1426 4326 quaeremus
1462 4254 1518 4307 B
1543 4218 1859 4358 ¹queremus
1897 4251 1951 4304 A
2095 4249 2385 4318 magistros
2422 4253 2511 4303 nfs
2552 4249 2587 4303 b

277 4380 512 4434 istarum
555 4379 616 4441 (s.
659 4375 693 4429 1.
731 4391 800 4428 m.
839 4376 898 4442 2)
927 4373 983 4426 B
1021 4388 1124 4426 om.
1153 4371 1198 4426 s
1348 4371 1418 4426 20
1457 4335 1585 4441 atq?
1616 4368 1749 4423 eade
1779 4369 1857 4422 Λα
2003 4366 2071 4419 22
2110 4363 2277 4418 libros
2318 4367 2381 4430 (a.
2422 4365 2477 4432 ι.)
2510 4364 2586 4418 Μ

280 4467 678 4536 condempnare
725 4465 779 4518 A
1031 4461 1100 4516 23
1156 4460 1426 4516 doctorem
1487 4461 1574 4526 (in
1626 4461 1769 4525 ras.)
1817 4459 1871 4512 A
2018 4453 2218 4508 solutio
2277 4459 2345 4519 (s.
2404 4453 2467 4521 Ζ.)
2515 4453 2591 4510 Μ
