3159 4984
1112 525 1154 578 1.
1213 525 1314 578 De
1371 525 1757 578 utilitate
1815 492 2192 577 credendi
2246 493 2470 577 liber.
2814 527 2851 589 5

559 723 624 784 et
669 722 874 786 certos
921 723 1222 784 manere?
1273 719 1385 784 sed
1432 719 1508 784 de
1554 739 1657 784 me
1706 718 1860 802 quid
1906 718 2131 795 dicam,
2173 718 2283 801 qui
2326 718 2453 782 iam
2500 719 2851 784 catholicus

557 825 938 890 christianus
985 828 1205 888 eram?
1255 843 1414 908 quae
1480 843 1647 889 nunc
1712 825 1907 888 ubera
1967 828 2117 907 post
2188 823 2629 908 longissimam
2676 825 2853 890 sitim

555 951 754 1016 paene
820 932 1162 997 exhaustus
1229 935 1418 1015 atque
1484 931 1697 997 aridus
1765 928 1902 996 t'ota
1968 930 2272 994 auiditate
2336 931 2608 1012 repetiui
2656 951 2853 1014 eaque

559 1039 752 1103 altius
807 1039 964 1104 flens
1031 1042 1094 1103 et
1157 1058 1416 1122 gemens
1483 1039 1775 1104 concussi
1824 1042 1889 1102 et
1936 1038 2230 1121 expressi,
2277 1041 2353 1102 ut
2396 1037 2463 1102 id
2507 1041 2851 1116 manarent,

473 1171 501 1210 5
558 1146 726 1229 quod
773 1147 930 1210 mihi
977 1147 1070 1211 sic
1123 1145 1372 1212 adfecto
1438 1145 1518 1210 ad
1579 1145 2033 1210 recreationem
2108 1145 2263 1209 satis
2320 1164 2461 1210 esse
2516 1147 2735 1228 posset
2790 1149 2853 1209 et

558 1252 637 1317 ad
676 1272 850 1336 spem
902 1253 1324 1318 reducendam
1371 1253 1540 1316 uitae
1592 1271 1663 1317 ac
1728 1251 1975 1316 salutis.
2044 1251 2195 1334 quid
2243 1270 2391 1335 ergo
2441 1251 2517 1315 de
2562 1271 2667 1315 me
2712 1251 2852 1334 ipso

555 1359 810 1424 dicam?
876 1363 951 1423 tu
1014 1359 1294 1424 nondum
1361 1360 1764 1437 christianus,
1815 1360 1923 1443 qui
1986 1359 2243 1423 hortatu
2306 1379 2470 1434 meo,
2533 1379 2679 1425 cum
2746 1377 2853 1424 eos

555 1466 966 1531 uehementer
1031 1468 1421 1543 execrareris,
1489 1467 1595 1531 uix
1662 1467 1976 1532 adductus
2052 1485 2140 1544 es,
2216 1470 2291 1530 ut
2364 1466 2660 1531 audiendi
2732 1466 2855 1530 tibi

556 1575 743 1654 atque
783 1574 1144 1657 explorandi
1180 1573 1565 1650 uiderentur,
1598 1593 1741 1657 qua,
1774 1591 2030 1656 quaeso,
2072 1573 2195 1636 alia
2238 1593 2303 1638 re
2353 1573 2705 1638 delectatus
2760 1591 2849 1646 οε,

446 1707 500 1746 ιο
554 1679 897 1746 recordare.
959 1683 1252 1774 obsecro,
1285 1683 1368 1744 te.
1427 1680 1550 1744 nisi
1613 1699 1847 1762 magna
1902 1679 2170 1763 quadam
2219 1679 2727 1762 praesumptione
2776 1697 2850 1742 ac

551 1786 1008 1870 pollicitatione
1080 1788 1446 1852 rationum?
1532 1787 1644 1852 sed
1692 1789 1841 1870 quia
1886 1785 1995 1849 diu
2042 1787 2443 1869 multumque
2492 1785 2567 1849 de
2623 1784 2849 1867 inperi-

549 1895 764 1959 torum
826 1893 1140 1959 erroribus
1195 1893 1508 1958 latissime
1557 1911 1631 1957 ac
1677 1891 2242 1957 uehementissime
2301 1891 2713 1974 disputabant
2760 1927 2849 1938 —

551 1999 720 2081 quod
757 1998 964 2064 cuiuis
1008 1995 1411 2064 mediocriter
1454 1998 1701 2064 erudito
1752 2017 1892 2063 esse
1936 1997 2315 2062 facillimum
2354 2017 2492 2062 sero
2532 1997 2725 2062 didici
2756 2033 2844 2044 -—

551 2106 608 2170 si
655 2105 806 2189 quid
845 2106 1034 2170 etiam
1074 2125 1333 2170 snorum
1372 2106 1553 2172 nobis
1592 2106 1969 2184 inserebant,
2008 2103 2389 2170 necessitate
2426 2103 2845 2180 retinendum,

443 2237 494 2276 15
551 2230 696 2276 cum
745 2211 869 2275 alia
913 2232 1038 2277 non
1085 2213 1502 2284 occurrerent,
1551 2212 1616 2276 in
1665 2212 1895 2295 quibus
1962 2212 2533 2294 adquiesceremus‚
2583 2209 2842 2273 arbitra-

547 2319 791 2384 bamur.
839 2319 1052 2402 itaque
1099 2317 1284 2384 nobis
1346 2318 1680 2396 faciebant,
1729 2317 1900 2401 quod
1944 2317 2235 2383 insidiosi
2284 2335 2561 2398 aucupes
2612 2315 2841 2392 solent,

550 2424 658 2506 qui
695 2425 976 2490 uiscatos
1014 2425 1304 2490 surculos
1340 2429 1597 2508 propter
1640 2443 1867 2507 aquam
1907 2425 2212 2508 defigunt,
2249 2427 2326 2488 ut
2362 2423 2652 2488 sitientes
2690 2441 2843 2486 aues

548 2529 883 2614 decipiant.
934 2531 1210 2595 obruunt
1247 2532 1414 2596 enim
1451 2534 1517 2596 et
1552 2550 1805 2614 quoquo
1842 2529 2031 2596 modo
2072 2530 2440 2613 cooperiunt
2484 2528 2641 2592 alias
2680 2547 2839 2610 quae

546 2637 714 2701 circa
776 2639 927 2702 sunt
990 2655 1206 2720 aquas,
1273 2638 1380 2702 uel
1441 2637 1587 2702 inde
1654 2637 1845 2701 etiam
1908 2635 2336 2701 formidolosis
2400 2634 2841 2699 molitionibus

435 2775 492 2813 20
545 2742 881 2820 deterrent,
912 2746 988 2807 ut
1021 2743 1083 2807 in
1124 2763 1342 2808 eorum
1381 2743 1560 2809 dolos
1598 2763 1721 2808 non
1761 2744 2089 2820 electione,
2129 2743 2239 2807 sed
2277 2742 2489 2824 inopia
2526 2740 2840 2805 decidant.
2890 2791 2905 2812 ,

637 2851 695 2916 3.
747 2848 870 2914 Sed
918 2869 1030 2914 cur
1075 2869 1198 2914 non
1243 2851 1381 2933 ipse
1427 2850 1585 2913 mihi
1650 2849 2019 2933 respondeo,
2069 2848 2239 2931 quod
2293 2848 2455 2912 istae
2500 2847 2712 2911 lautae
2771 2865 2846 2912 ac

541 2954 786 3037 lepidae
817 2955 1266 3020 similitudines
1297 2959 1484 3038 atque
1515 2955 1881 3020 huiusmodi
1916 2955 2433 3038 reprehensiones
2480 2953 2544 3017 in
2594 2972 2837 3032 omme,

544 3061 652 3143 qui
699 3060 938 3144 aliquid
1004 3061 1251 3140 docent,
1300 3080 1338 3125 a
1391 3062 1621 3145 quouis
1686 3061 2044 3126 aduersario
2113 3059 2349 3125 effundi
2414 3058 2839 3124 urbanissime

543 3186 616 3231 ac
663 3167 1059 3232 dicacissime
1105 3170 1426 3250 possunt?
1465 3167 1577 3232 sed
1617 3168 1695 3232 ob
1744 3167 1866 3232 hoc
1911 3166 2134 3250 putaui
2191 3164 2431 3248 aliquid
2487 3165 2617 3228 tale
2675 3164 2839 3229 inse-

429 3311 486 3351 2⁵
540 3273 804 3338 rendum
840 3273 1070 3338 litteris
1109 3274 1289 3349 meis,
1329 3275 1403 3338 ut
1443 3293 1550 3338 eos
1586 3273 1979 3348 admoneam,
2013 3272 2303 3336 desinant
2339 3271 2581 3336 talibus
2629 3289 2837 3354 agere,

540 3383 632 3449 ut.
671 3380 1206 3463 quemadmodum
1251 3381 1359 3445 ille
1399 3381 1506 3454 ait,
1539 3381 1845 3462 separatis
1875 3381 2061 3463 nugis
2088 3380 2374 3444 locorum
2405 3377 2835 3443 communium

609 3601 642 3652 2
699 3603 856 3672 quae]
897 3603 990 3673 qui
1028 3602 1128 3656 VP
1163 3605 1213 3663 (e
1249 3603 1313 3655 in
1348 3602 1367 3654 i
1405 3605 1563 3670 corr.)
1631 3563 1845 3655 ribei-‘gn
1871 3603 1924 3654 P
2066 3569 2391 3654 2‘3'exaustus
2427 3596 2563 3664 Chp
2636 3593 2845 3662 aridus]

538 3715 728 3770 auidus
780 3717 871 3770 zib.
913 3718 943 3770 b
1161 3721 1195 3772 4
1243 3723 1488 3773 manaret
1525 3717 1605 3786 Sp
1651 3684 1897 3783 maneret
1921 3715 1977 3769 P
2018 3717 2263 3768 maneret
2290 3711 2364 3764 Μ
2376 3711 2481 3765 mb
2522 3711 2759 3778 manfret
2798 3709 2851 3763 V

537 3831 568 3884 6
608 3831 1002 3886 redducendam
1037 3833 1118 3888 Ch
1230 3833 1260 3886 7
1297 3834 1520 3888 hortatu
1559 3850 1621 3888 eo
1657 3831 1738 3886 ch
1855 3833 1887 3886 8
1927 3813 2255 3895 execrat-{eris
2292 3846 2345 3881 m
2401 3826 2757 3882 exsecraueris
2795 3825 2848 3879 V

533 3912 712 4008 uis²P
856 3949 922 4002 10
963 3948 1029 4003 ob
1069 3966 1216 4004 secro
1257 3950 1310 4003 V
1417 3950 1482 4004 13
1520 3953 1662 4020 esse]
1701 3955 1847 4004 esset
1880 3949 1961 4003 Ch
1988 3949 2121 4017 hob
2195 3944 2393 3999 dichici
2429 3943 2482 3997 V
2588 3943 2657 3996 15
2696 3939 2841 3994 arbi—

531 4035 812 4105 trabamus
849 4037 930 4092 ch
1111 4039 1176 4092 17
1217 4039 1456 4108 propter]
1495 4053 1663 4108 prope
1702 4037 1733 4090 b
1918 4036 1985 4090 18
2042 4037 2171 4106 etsll
2225 4051 2329 4104 quo
2390 4035 2517 4103 (quo
2548 4035 2709 4098 erae.)
2748 4030 2841 4085 ch

533 4129 828 4194 coeperunt
861 4125 949 4179 Oh
1019 4125 1128 4179 alia
1165 4125 1218 4178 V
1321 4127 1389 4180 19
1417 4126 1783 4180 formidulosis
1820 4124 1907 4179 oh
2051 4123 2120 4178 20
2150 4121 2443 4176 electiones
2480 4119 2568 4174 Ch
2693 4117 2839 4172 deci-

534 4211 692 4282 dant]
730 4210 949 4266 decidat
983 4213 1064 4268 Ch
1093 4213 1146 4266 V
1179 4213 1460 4267 decidatur
1488 4213 1615 4268 SM
1624 4215 1674 4267 P
1687 4231 1740 4267 m
1748 4231 1795 4282 p
1816 4214 1847 4266 b
2036 4213 2099 4265 21
2140 4209 2476 4282 respondebo
2517 4209 2571 4262 V
2617 4208 2721 4261 iste
2757 4206 2847 4261 Oh.

531 4328 682 4383 laute
721 4345 782 4383 ac
816 4327 1000 4399 lapide
1036 4328 1126 4383 oh
1279 4329 1348 4383 25
1387 4346 1721 4384 ammoneam
1757 4327 1845 4383 Oh
1883 4283 2215 4382 ammonem
2242 4327 2319 4380 Ρ2
2462 4325 2531 4379 26
2562 4339 2836 4394 quemam—

535 4442 752 4497 modum
789 4444 868 4498 012
879 4462 924 4513 p
963 4415 1428 4514 quemammodum
1463 4445 1512 4497 P
