3159 4984
869 441 969 496 ⁴V1.
1027 441 1316 497 Contra
1371 443 1743 496 Faustum
1804 399 2163 498 libsxxn.
2528 447 2656 510 693

357 639 478 703 bus
537 638 837 722 gentibus
897 637 1220 702 adamauit
1275 638 1612 703 ecclesiam
1669 658 1862 722 super
1904 641 2144 704 tectum
2197 659 2263 705 se
2310 640 2656 719 leuantem,

356 745 423 809 id
483 749 582 810 est
635 745 1050 810 mundantem
1109 765 1177 811 se
1235 765 1271 810 a
1326 745 1621 811 sordibus
1679 747 1921 812 saeculi
1976 750 2041 811 et
2096 746 2355 811 domum
2420 747 2658 812 luteam

361 852 640 936 spiritali
706 852 1242 936 contemplatione
1307 852 1866 918 transcendentem
1922 857 2111 936 atque
2166 853 2537 932 calcantem,
2597 856 2662 918 et

361 959 661 1024 inchoata
708 978 855 1023 cum
901 960 1016 1024 illa
1059 960 1297 1043 primae
1338 960 1779 1026 conuentionis
1832 961 2063 1026 notitia
2105 964 2255 1044 post
2312 961 2387 1025 ab
2436 980 2511 1025 ea
2556 979 2661 1043 pe-

293 1087 322 1126 5
363 1066 538 1130 nitus
569 1069 933 1151 separatum
965 1066 1290 1132 diabolum
1325 1067 1560 1133 occidit
1589 1086 1853 1150 eamque
1884 1069 2008 1133 sibi
2041 1072 2348 1153 perpetuo
2389 1067 2659 1134 conubio

361 1173 709 1257 copulauit.
782 1173 1103 1238 oderimus
1154 1193 1305 1258 ergo
1352 1177 1711 1258 peccatum,
1772 1174 1886 1244 sed
1938 1175 2335 1259 prophetiam
2391 1195 2515 1240 non
2565 1194 2662 1238 ex-

360 1279 772 1363 tinguamus;
823 1300 1111 1345 amemus
1159 1281 1343 1348 illum
1390 1280 1625 1360 Dauid,
1676 1284 1983 1365 quantum
2031 1282 2337 1347 amandus
2386 1285 2504 1360 est,
2554 1281 2662 1364 qui

361 1407 476 1452 nos
527 1406 562 1450 a
611 1385 863 1451 diabolo
911 1406 1023 1470 per
1068 1387 1568 1453 misericordiam
1614 1388 1950 1465 liberauit3
2020 1408 2307 1454 amemus
2356 1393 2421 1454 et
2465 1389 2663 1454 istum

360 1494 592 1572 Dauid,
655 1494 763 1576 qui
817 1496 950 1557 tam
1007 1513 1200 1578 graue
1257 1495 1322 1558 in
1380 1515 1448 1559 se
1487 1490 1755 1559 ‘uulnus
1819 1494 2177 1578 iniquitatis
2238 1495 2662 1579 paenitentiae

271 1618 326 1657 ιο
364 1601 728 1665 humilitate
779 1601 1048 1665 sanauit.

454 1708 556 1771 88.
606 1707 744 1771 Iam
785 1706 862 1771 de
905 1707 1243 1773 Salomone
1285 1707 1436 1790 quid
1475 1706 1733 1773 dicam?
1782 1728 1969 1790 quem
2008 1708 2420 1774 uehementer
2456 1711 2666 1794 arguit

364 1818 586 1880 sancta
633 1814 949 1897 scriptura
996 1817 1187 1897 atque
1238 1815 1617 1880 condemnat
1665 1814 1949 1898 nihilque
1989 1816 2065 1880 de
2100 1815 2491 1899 paenitentia
2527 1817 2665 1881 eius'

361 1922 469 1985 uel
523 1923 588 1986 in
649 1941 796 1986 eum
852 1921 1256 2006 indulgentia
1312 1921 1414 1986 dei
1473 1921 1732 1986 omnino
1793 1925 2270 1988 commemorat.
2338 1942 2454 1988 nec
2506 1923 2668 1987 mihi

362 2048 623 2111 prorsus
674 2029 969 2107 occurrit,
1012 2029 1166 2112 quid
1213 2029 1444 2094 saltem
1489 2028 1553 2093 in
1604 2029 1909 2113 allegoria
1954 2030 2101 2096 boni
2148 2029 2467 2114 significet
2510 2031 2667 2096 haec

271 2151 324 2190 1⁵
366 2135 503 2200 eius
561 2135 769 2200 flenda
826 2135 1206 2204 submersio.
1265 2135 1388 2200 nisi
1442 2133 1605 2200 forte
1664 2135 1805 2217 quis
1865 2123 2035 2200 dicat
2086 2137 2385 2202 mulieres
2452 2137 2668 2202 alieni-

363 2261 583 2326 genaS‚
654 2261 921 2325 quarum
980 2261 1192 2306 amore
1250 2245 1586 2320 exarserat,
1646 2241 2003 2326 significare
2069 2242 2373 2308 ecclesias
2432 2244 2669 2309 electas

310 2377 317 2383 ·
367 2349 444 2414 de
484 2349 806 2434 gentibus.
852 2351 1080 2432 posset
1122 2348 1246 2414 hoc
1291 2349 1564 2414 fortasse
1604 2367 1727 2412 non
1766 2349 2039 2413 absurde
2076 2349 2387 2434 intellegi,
2429 2350 2484 2415 si
2520 2351 2669 2416 illae

363 2462 622 2540 propter
679 2455 1088 2520 Salomonem
1156 2456 1517 2520 desererent
1585 2455 1736 2520 deos
1803 2475 1955 2521 suos
2013 2461 2078 2520 et
2132 2457 2415 2521 colerent
2478 2456 2669 2523 deum

367 2564 530 2627 eius.
611 2583 757 2628 cum
823 2582 974 2627 uero
1040 2563 1178 2646 ipse
1245 2566 1503 2647 propter
1563 2563 1710 2626 illas
1779 2561 2040 2628 offendit
2104 2563 2293 2627 deum
2360 2583 2549 2628 suum
2606 2567 2673 2628 et

282 2681 337 2722 2⁰
373 2668 574 2734 coluit
620 2668 773 2732 deos
824 2686 1060 2746 earum,
1111 2687 1234 2732 non
1285 2671 1403 2746 est,
1454 2666 1607 2748 quid
1651 2666 1799 2731 inde
1844 2666 1995 2733 boni
2052 2668 2407 2732 coniectare
2464 2670 2670 2753 possi-

366 2795 533 2840 mus.
605 2795 720 2840 nec
768 2778 983 2838 tamen
1031 2773 1192 2838 nihil
1249 2774 1518 2838 arbitror
1571 2773 1950 2857 significare.
2010 2773 2121 2838 sed
2176 2775 2440 2854 malum,
2499 2775 2671 2840 sicut

367 2880 445 2946 de
493 2902 686 2947 uxore
733 2881 1116 2963 filiabusque
1163 2881 1328 2946 Loth
1380 2881 1677 2947 diximus,
1745 2881 2007 2964 adparet
2053 2881 2218 2946 enim
2279 2883 2344 2946 in
2398 2901 2671 2966 persona

363 2989 555 3052 huius
605 2989 968 3054 Salomonis
1017 2987 1178 3051 mira
1226 2991 1290 3052 et
1338 2986 1713 3052 excellentia
1761 2989 1825 3050 et
1870 2986 2033 3050 mira
2079 2988 2433 3054 subuersio.
2501 2989 2670 3072 quod

361 3096 565 3180 igitur
608 3097 672 3160 in
719 3097 833 3161 illo
886 3094 1157 3160 diuersis
1207 3093 1605 3176 temporibus
1655 3094 1883 3173 extitit,
1940 3094 2118 3177 piius
2164 3095 2405 3160 bonum
2453 3099 2517 3160 et
2560 3116 2670 3178 po-

271 3215 324 3256 ’ὁ
362 3203 597 3267 sterius
645 3203 909 3280 malum,
968 3203 1089 3267 hoc
1143 3202 1209 3266 in
1269 3201 1544 3266 ecclesia
1597 3201 1661 3266 in
1718 3201 1845 3267 isto
1904 3201 2111 3265 adhuc
2168 3202 2425 3268 saeculo
2474 3202 2671 3267 simul
2764 3285 2771 3292 .

361 3329 488 3376 uno
555 3312 842 3393 tempore
911 3308 1288 3374 ostenditur.
1366 3327 1512 3372 nam
1574 3310 1743 3374 bono
1808 3308 1987 3373 illius
2062 3310 2261 3374 bonos
2337 3309 2666 3388 ecclesiae,

361 3417 530 3480 malo
580 3419 796 3480 autem
842 3415 1020 3480 illius
1067 3416 1273 3479 malos
1322 3415 1635 3480 ecclesiae
1684 3415 2076 3499 significatos
2122 3417 2301 3497 puto,
2339 3418 2667 3497 tamquam

544 3607 610 3660 12
648 3607 715 3661 cf.
752 3607 834 3660 111
869 3607 1005 3676 neg.
1045 3608 1110 3660 11

434 3732 463 3785 1
508 3731 802 3786 oecclesiam
844 3734 944 3801 (pr.
985 3749 1012 3785 0
1049 3748 1092 3785 ε.
1133 3732 1166 3787 Ζ.
1209 3749 1245 3785 a
1281 3748 1350 3785 m.
1390 3735 1439 3798 1)
1473 3733 1518 3785 (J
1765 3731 2043 3786 lauantem
2082 3733 2139 3798 (u
2176 3746 2312 3784 corr.
2352 3746 2417 3784 ex
2452 3728 2509 3799 b)
2547 3729 2671 3783 LM

358 3823 394 3874 2
430 3820 600 3875 seculi
643 3820 689 3874 0
793 3823 827 3876 3
864 3821 1136 3892 spirituali
1180 3821 1229 3875 G
1333 3821 1792 3891 contemplatione
1832 3821 1907 3888 (m
1945 3824 2039 3888 er.)
2078 3819 2132 3872 L
2241 3820 2276 3871 4
2313 3817 2567 3872 inchoata
2610 3817 2667 3884 (h

358 3925 404 3963 8.
445 3910 480 3964 l.
512 3927 551 3964 a
576 3927 645 3965 m.
675 3909 730 3977 2)
763 3909 946 3964 LMG·
1087 3905 1322 3963 'noticia
1349 3909 1395 3963 G
1527 3909 1745 3980 penitus
1793 3908 1839 3962 Ο
1971 3909 2003 3962 5
2042 3907 2322 3978 copulauit
2357 3905 2585 3960 conubio
2625 3904 2672 3960 C

365 3999 432 4052 12
469 3997 808 4068 paenitentia
845 3997 910 4053 δ’*
1023 3997 1088 4050 13
1125 3994 1471 4066 indulgentia
1506 3997 1586 4064 (in
1620 3997 1685 4050 in
1718 4012 1851 4063 ras‚·
1890 3995 2037 4066 dulg-
2078 4011 2147 4050 ex
2195 3993 2487 4065 diligentia
2522 4009 2593 4047 m.
2632 3993 2666 4046 2

360 4091 523 4156 corr.)
561 4087 614 4141 L
787 4087 855 4140 14
893 4085 1075 4140 saltim
1115 4088 1168 4141 L
1312 4085 1575 4156 allegoria
1610 4089 1663 4141 L
1839 4085 1906 4141 15
1943 4084 2224 4138 subuersio
2262 4083 2343 4138 ed.
2384 4082 2666 4137 Mam-ina

369 4176 431 4230 16
470 4174 726 4247 ecclesias
771 4173 819 4228 G
957 4173 1027 4229 17
1067 4172 1295 4244 absurde
1331 4171 1386 4226 L
1529 4173 1771 4243 intelligi
1808 4173 1854 4228 C
1994 4172 2087 4226 ille
2128 4170 2221 4226 ΟΒ
2350 4169 2419 4224 20
2458 4170 2665 4224 coniec-

358 4264 466 4318 tari
509 4262 764 4318 GLMSb
874 4261 943 4315 23
982 4264 1039 4315 et
1065 4277 1155 4329 pr.
1193 4277 1296 4316 om.
1341 4260 1421 4315 Cb
1565 4261 1765 4324 mira„
1806 4263 1886 4330 (et
1924 4264 2015 4327 er.)
2059 4259 2125 4312 M
2236 4259 2304 4312 25
2343 4258 2581 4314 aecclesia
2612 4257 2673 4317 ,0

363 4352 577 4406 saetulo
617 4352 670 4404 L
782 4351 851 4405 26
891 4349 1160 4405 aecclesiae
1204 4349 1253 4404 G
1355 4351 1424 4404 27
1465 4350 1738 4405 aecclesiae
1777 4354 1889 4418 (pr.
1932 4365 1958 4402 c
1996 4363 2038 4401 ε.
2079 4348 2115 4404 Ζ.
2156 4365 2189 4402 α
2230 4365 2297 4402 m.
2336 4353 2386 4414 1)
2434 4347 2481 4402 C
