3159 4984
569 455 695 516 122
1265 454 1316 503 S.
1373 451 1646 503 Aureli
1701 450 2136 519 Augustini

561 654 965 731 praecepta
1039 668 1194 711 mea
1260 652 1333 711 et
1398 648 1774 731 elegerint
1840 647 2018 725 sibi,
2085 668 2271 730 quae
2339 666 2473 731 ego
2540 646 2741 711 uolo.
2794 650 2864 709 et

565 772 879 837 capaces
945 754 1236 818 fuerint
1299 754 1747 819 testamenti
1802 755 1967 825 mei,
2028 755 2216 845 dabo
2278 753 2445 818 illis
2508 754 2581 817 in
2640 753 2861 817 domo

561 880 723 925 mea
763 865 836 924 et
871 861 943 924 in
983 881 1190 924 muro
1231 880 1388 925 meo
1427 860 1675 925 locum
1716 860 2428 931 nominatissimum.
2468 859 2861 924 meliorem

561 970 882 1033 multum
958 967 1299 1032 filiorum
1383 970 1609 1049 atque
1688 968 2055 1033 filiarum:
2132 986 2397 1033 nomen
2474 970 2861 1031 aeternum

563 1075 753 1139 dabo
821 1074 987 1139 illis
1054 1093 1208 1138 nec·
1251 1093 1600 1155 umquam
1668 1074 1926 1139 deerit.
1998 1074 2184 1138 certis
2251 1074 2420 1137 enim
2477 1073 2859 1155 quibusdam
2908 1086 2927 1123 ⁵

561 1180 802 1245 umbris
851 1183 915 1244 et
963 1181 1179 1263 figuris
1226 1200 1432 1244 rerum
1485 1183 1627 1244 ante
1677 1180 1913 1245 domini
1962 1179 2309 1244 aduentum
2357 1178 2702 1244 secundum
2746 1178 2859 1242 mi-

560 1287 823 1351 rabilem
855 1292 1042 1368 atque
1076 1286 1609 1351 ordinatissimam
1648 1286 2157 1351 distributionem
2186 1290 2547 1369 temporum
2583 1285 2860 1367 populus

559 1393 670 1457 ille
729 1394 1082 1469 tenebatur,
1143 1394 1250 1475 qui
1305 1396 1761 1458 testamentum
1816 1398 2005 1459 uetus
2064 1394 2343 1477 accepit3
2401 1398 2615 1457 tamen
2671 1392 2737 1455 in
2788 1410 2857 1455 eo

560 1503 738 1564 tanta
782 1500 1166 1584 praedicatio
1216 1504 1280 1565 et
1315 1501 1780 1583 praenuntiatio
1821 1502 1972 1566 noui
2010 1500 2377 1565 testamenti
2418 1502 2533 1566 est.
2573 1502 2649 1562 ut
2686 1498 2859 1561 nulla

559 1606 622 1670 in
672 1608 1003 1691 euangelio
1071 1610 1258 1690 atque
1325 1606 1677 1691 apostolica
1721 1608 2056 1691 disciplina
2100 1608 2491 1690 reperiantur
2554 1605 2846 1688 quamuis
2883 1620 2923 1660 1⁰

561 1713 755 1776 ardua
803 1718 867 1778 et
914 1714 1128 1778 diuina
1171 1718 1506 1798 praecepta
1563 1719 1629 1779 et
1671 1715 2006 1797 promissa.
2056 1734 2214 1797 quae
2262 1714 2393 1779 illis
2441 1713 2631 1777 etiam
2681 1712 2854 1775 libris

559 1820 884 1885 ueteribus
952 1822 1178 1886 desint.
1256 1822 1368 1886 sed
1434 1824 1689 1885 sanctae
1758 1821 2105 1904 scripturae
2170 1840 2293 1885 non
2358 1820 2727 1884 temerarios
2796 1821 2855 1882 et

562 1927 868 2009 superbos
899 1931 1317 1996 accusatores.
1360 1928 1472 1993 sed
1512 1928 1847 2012 diligentes
1888 1931 1951 1993 et
1986 1928 2125 2010 pios
2160 1929 2433 1992 lectores
2474 1925 2846 1991 desiderant.

651 2037 711 2099 4.
761 2034 857 2098 De
914 2054 986 2099 eo
1045 2035 1213 2116 quod
1271 2035 1579 2119 scriptum
1638 2038 1737 2099 est
1789 2036 1852 2099 in
1894 2035 2151 2119 genesi:
2202 2038 2277 2098 et
2324 2033 2515 2097 dixit
2560 2032 2743 2095 deus
2774 2030 2854 2093 ad

563 2138 772 2205 Cain:
831 2140 1013 2223 quid
1071 2141 1376 2205 fecisti?
1445 2161 1585 2206 uox
1644 2142 2038 2225 sanguinis
2100 2140 2361 2204 fratris
2420 2139 2535 2203 tui
2584 2139 2925 2202 clamatu

563 2245 652 2309 ad
697 2266 808 2310 me
859 2247 944 2311 de
991 2252 1210 2311 terra.
1261 2267 1453 2313 nunc
1499 2248 1959 2313 maledictus
2009 2267 2085 2313 es
2132 2250 2213 2311 tu
2263 2266 2299 2310 a
2344 2244 2541 2311 facie
2589 2250 2848 2310 terrae.

561 2371 744 2433 quae
811 2354 1216 2420 absorbuit
1282 2359 1356 2419 et
1411 2356 1709 2439 recepit
1766 2356 2215 2441 sanguinem
2278 2352 2549 2418 fratris
2606 2352 2717 2416 tui
2776 2370 2849 2414 ex

558 2458 789 2524 caede
827 2480 1088 2527 manus
1129 2465 1336 2530 tuae:
1377 2466 1449 2527 te
1490 2462 1685 2527 enim
1726 2464 2017 2547 operari
2056 2482 2371 2529 necesse
2413 2464 2529 2525 est
2565 2463 2843 2524 terram.

559 2566 738 2649 quia
785 2568 1100 2633 steriles
1147 2568 1294 2632 tibi
1339 2572 1638 2635 fructus
1706 2569 1933 2635 dabit.
1991 2571 2141 2635 huic
2200 2570 2479 2652 capitulo
2528 2586 2847 2652 geneseoS‚

558 2692 681 2757 quo
729 2674 1143 2739 maledictum
1203 2676 1448 2759 accepit
1494 2676 1669 2746 Cain,
1726 2682 1802 2742 ut
1855 2681 2056 2742 terrae
2114 2678 2450 2742 sterilitate
2505 2676 2843 2759 puniretur.
2880 2688 2925 2727 ω

557 2780 1017 2845 calumniantes
1063 2782 1421 2847 Manichaei
1476 2785 1541 2847 et
1597 2784 1926 2868 euangelio
1984 2784 2363 2849 contrarium
2427 2783 2845 2848 demonstrare

557 2886 884 2969 cupientes
931 2906 1052 2951 non
1103 2906 1254 2953 sane
1299 2888 1457 2952 mihi
1502 2889 1803 2953 uidentur
1849 2890 2126 2973 cogitare
2176 2908 2321 2954 cum
2367 2888 2724 2954 hominibus
2772 2904 2835 2950 se

561 3013 765 3078 agere,
816 2994 927 3058 sed
973 3014 1232 3078 prorsus
1282 2995 1463 3077 quasi
1509 3016 1737 3079 pecora
1784 3001 2016 3063 essent.
2077 2998 2183 3078 qui
2242 3015 2350 3060 eos
2408 2996 2693 3060 audirent
2744 2992 2841 3057 uel

559 3120 777 3166 eorum
845 3101 1084 3184 scripta
1146 3102 1466 3185 legerent:
1553 3102 1647 3167 sic
1710 3102 1893 3167 abusi
1961 3107 2111 3169 sunt
2164 3103 2459 3186 inperitia
2520 3122 2723 3167 eorum
2784 3104 2842 3163 et

557 3206 852 3272 tarditate
907 3208 1148 3292 ingenii
1203 3209 1309 3272 uel
1363 3208 1576 3292 potius
1634 3210 1827 3273 animi
1885 3210 2202 3274 caecitate
2281 3210 2515 3292 quippe
2564 3208 2837 3273 dixerunt
2882 3218 2922 3256 ‘⁵

557 3314 706 3377 huic
746 3314 1024 3397 capitulo
1062 3314 1225 3378 illud
1264 3315 1326 3377 in
1369 3316 1701 3399 euangelio
1742 3335 1883 3380 esse
1924 3316 2326 3393 contrarium.
2359 3314 2527 3398 quod
2568 3314 2840 3379 dominus

558 3420 649 3485 ait
721 3420 1054 3503 discipulis
1136 3420 1310 3485 suis:
1391 3422 1634 3486 nolite
1702 3422 2039 3505 cogitare
2109 3421 2194 3485 de
2260 3422 2624 3490 crastino:
2695 3438 2845 3483 nam

741 3604 806 3657 14
843 3602 976 3657 Gen.
1015 3604 1066 3667 4,
1111 3603 1176 3658 10
1213 3620 1330 3673 sqq.
1439 3604 1509 3657 27
1545 3604 1745 3659 Matth.
1784 3604 1835 3667 6,
1874 3605 1963 3658 34.
2002 3606 2072 3659 26

633 3773 656 3826 1
701 3770 978 3841 elegerent
1007 3770 1059 3823 1>
1131 3771 1163 3823 6
1204 3770 1427 3841 umbris]
1457 3771 1637 3825 uerbis
1672 3772 1719 3825 0
1860 3738 2045 3841 figeris
2068 3772 2120 3825 P
2200 3772 2265 3826 10
2286 3773 2603 3843 euangelica
2628 3772 2753 3826 TPS'
2769 3769 2837 3821 l'b

554 3861 929 3931 repperiantur
951 3860 1004 3913 P
1119 3862 1180 3914 11
1228 3860 1372 3984 ipsis
1399 3860 1447 3915 G
1588 3861 1741 3915 libris
1779 3878 1880 3917 om.
1911 3862 1968 3916 P
2080 3864 2145 3918 12
2186 3862 2329 3917 desit
2366 3862 2419 3914 P
2558 3878 2643 3931 sce
2678 3876 2757 3939 sce
2784 3856 2836 3909 P

557 3994 809 4048 temerios
847 3994 902 4047 P
1057 3996 1124 4049 14
1179 3995 1298 4064 gesi
1337 3994 1414 4045 P²
1612 3994 1707 4048 dns
1770 3994 2005 4051 TOSVb
2194 3996 2262 4050 15
2300 4012 2434 4065 cayn
2506 3996 2553 4047 V
2600 4010 2739 4049 cavm
2798 3990 2839 4043 S

559 4110 626 4162 16
647 4126 702 4161 es
723 4109 806 4177 tu]
833 4108 936 4163 eris
972 4107 1116 4162 TGS
1126 4109 1211 4163 Vb
1347 4110 1484 4180 facie
1511 4110 1564 4162 P
1663 4109 1726 4163 17
1747 4109 2030 4179 apsorbuit
2061 4110 2110 4161 V
2187 4112 2253 4165 19
2293 4130 2360 4181 q:
2390 4113 2596 4181 Pquae
2624 4108 2787 4164 Tosl
2782 4106 2831 4161 b

559 4196 715 4250 dabit
766 4197 972 4251 fructus
1020 4196 1074 4250 V
1175 4198 1244 4252 20
1299 4197 1735 4253 maledictionem
1780 4199 1913 4252 TGb
2058 4216 2211 4269 caym
2248 4198 2295 4254 S
2320 4217 2455 4271 cayn
2506 4202 2553 4253 V
2654 4200 2711 4253 21
2750 4212 2829 4249 ca·

557 4284 923 4355 lumpniantes
971 4284 1025 4338 V
1190 4286 1259 4339 22
1300 4287 1536 4355 cogitare
1577 4292 1644 4353 (8.
1688 4288 1722 4340 l.
1761 4304 1829 4340 m.
1870 4291 1935 4355 2)
1976 4287 2030 4339 P
2200 4289 2270 4341 23
2308 4296 2491 4343 essent
2526 4306 2625 4344 om.
2668 4288 2711 4337 (
2720 4282 2828 4337 le

561 4372 630 4427 23
668 4373 778 4442 uel]
817 4378 872 4426 et
923 4371 972 4422 V
