3159 4984
472 434 600 497 240
1159 434 1211 483 S.
1269 431 1534 485 Aureli
1598 432 2040 500 Augustini

469 625 856 709 integritatis
906 625 1201 691 discissio
1267 629 1380 689 aut
1422 626 1699 691 fractura
1756 628 1869 690 aut
1922 626 2278 695 diminutio.
2345 629 2609 711 longum
2665 628 2767 691 est

471 734 536 797 et
599 732 856 798 difficile
915 734 980 796 et
1036 732 1261 795 harum
1317 750 1550 810 rerum,
1610 751 1769 813 quas
1827 734 2340 811 commemoraui,
2390 738 2455 799 et
2499 734 2767 798 aliarum

466 836 1025 902 innumerabilium
1073 855 1290 901 omnes
1339 838 1781 921 corruptiones
1820 839 2194 903 nominatim
2234 840 2579 911 enuntiare,
2618 858 2765 903 cum

471 946 662 1009 etiam
707 945 968 1021 multae,
1019 962 1177 1026 quae
1225 944 1523 1007 dicuntur
1571 946 1638 1009 in
1698 964 1993 1029 corpore,
2046 946 2299 1029 possint
2341 949 2408 1009 et
2448 945 2513 1009 in
2560 946 2768 1009 anima

469 1052 595 1117 dici
642 1056 706 1116 et
749 1050 1232 1115 innumerabilia
1259 1051 1407 1127 sint,
1437 1051 1504 1115 in
1533 1050 1767 1133 quibus
1800 1052 2063 1135 propria
2096 1052 2415 1118 uocabula
2450 1051 2765 1135 corruptio
2828 1076 2857 1115 ⁵

467 1162 697 1224 teneat.
753 1161 1188 1222 uerumtamen
1241 1158 1458 1223 uidere
1493 1157 1625 1222 iam
1671 1158 1863 1223 facile
1904 1162 2007 1223 est
2040 1159 2199 1223 nihil
2244 1178 2467 1225 nocere
2515 1178 2764 1242 corrup—

469 1266 728 1343 tionem,
795 1265 918 1331 nisi
984 1264 1153 1347 quod
1209 1265 1510 1330 labefacit
1554 1266 1910 1329 naturalem
1967 1268 2228 1343 statum,
2296 1268 2362 1331 et
2424 1266 2569 1331 ideo
2626 1284 2765 1331 eam

470 1392 592 1438 non
643 1392 784 1437 esse
833 1374 1142 1448 naturam,
1191 1370 1304 1436 sed
1351 1374 1570 1436 contra
1616 1373 1930 1437 naturam.
1979 1373 2209 1454 quodsi
2262 1393 2387 1439 non
2441 1372 2765 1437 inuenitur

472 1480 534 1543 in
580 1480 770 1545 rebus
839 1479 1081 1541 malum
1147 1476 1270 1542 nisi
1325 1478 1647 1562 corruptio
1698 1481 1765 1543 et
1810 1479 2125 1561 corruptio
2184 1498 2307 1544 non
2366 1482 2467 1544 est
2518 1480 2761 1556 natm-a,

473 1587 652 1651 nulla
695 1586 918 1669 utique
965 1587 1190 1649 natura
1233 1585 1476 1650 malum
1524 1590 1643 1650 est.
2802 1610 2855 1649 ιο

567 1692 691 1758 Sed
749 1694 804 1759 si
863 1694 986 1758 hoc
1041 1694 1203 1759 forte
1257 1694 1629 1778 intellegere
1686 1713 1809 1760 non
1872 1695 2128 1768 ualetis,
2192 1695 2354 1759 illud
2419 1694 2761 1768 adtendite,

475 1800 644 1881 quod
695 1820 900 1876 omne,
949 1801 1119 1883 quod
1165 1801 1608 1884 corrumpitur,
1656 1802 1825 1867 bono
1873 1801 2087 1883 aliquo
2132 1801 2460 1879 minuitur,
2510 1800 2663 1883 quia
2706 1800 2764 1864 si

474 1926 596 1971 non
664 1910 1187 1989 corrumperetur,
1251 1907 1689 1990 incorruptum
1758 1910 1967 1983 esset;
2044 1907 2099 1972 si
2162 1926 2313 1971 uero
2380 1906 2573 1971 etiam
2636 1924 2761 1971 non

472 2016 694 2096 posset
767 2012 1022 2077 omnino
1101 2012 1444 2095 corrumpi,
1519 2012 1999 2097 incorruptibile
2075 2016 2264 2079 esset.
2338 2030 2599 2077 necesse
2664 2018 2765 2077 est

476 2122 709 2195 autem,
766 2122 842 2181 ut
897 2119 1033 2183 siue
1088 2119 1475 2203 incorruptio
1535 2120 1675 2184 siue
1730 2120 2297 2203 incorruptibilitas
2360 2118 2599 2185 bonum
2654 2119 2763 2201 sit,
2806 2140 2855 2179 ιε.

475 2226 530 2290 si
591 2226 836 2290 malum
902 2230 1002 2291 est
1067 2226 1404 2309 corruptio.
1473 2226 1589 2291 sed
1654 2246 1822 2292 nunc
1880 2227 1957 2291 de
2012 2226 2478 2310 incorruptibili
2538 2228 2765 2291 natura

471 2334 646 2398 nulla
709 2334 1002 2415 quaesito
1072 2336 1210 2409 est3
1276 2334 1351 2397 de
1405 2334 1506 2399 his
1565 2335 1798 2418 agitur,
1868 2353 2031 2417 quae
2094 2337 2369 2416 possunt
2432 2326 2769 2416 corrumpi

473 2458 632 2523 quae
681 2440 832 2505 dum
879 2459 1004 2505 non
1051 2444 1564 2524 corrumpuntur,
1614 2441 1981 2524 incorrupta
2038 2440 2163 2505 dici
2218 2443 2508 2523 possunt,
2564 2439 2764 2505 incor—
2814 2516 2821 2525 ,

469 2544 802 2628 ruptibilia
835 2563 964 2610 non
1001 2548 1290 2628 possunt.
1338 2544 1502 2609 illud
1546 2544 1717 2609 enim
1754 2547 1963 2611 solum
2000 2545 2479 2628 incorruptibile
2516 2544 2765 2627 proprie

471 2653 723 2731 dicitur,
786 2653 954 2736 quod
1011 2672 1136 2719 non
1191 2655 1441 2716 tantum
1494 2672 1621 2718 non
1680 2653 2125 2735 corrumpitur,
2184 2653 2295 2717 sed
2352 2650 2543 2717 etiam
2590 2651 2767 2715 nulla
2800 2672 2855 2711 ιο

471 2778 542 2823 ex
597 2762 774 2841 parte
833 2759 1152 2841 corrumpi
1203 2761 1438 2842 potest.
1503 2758 1872 2840 incorrupta
1928 2778 2076 2842 ergo
2128 2776 2565 2840 quaecumque
2612 2760 2765 2821 sunt

469 2869 535 2930 et
577 2869 789 2930 tamen
841 2866 1156 2947 corrumpi
1201 2868 1492 2948 possunt,
1541 2884 1689 2929 cum
1742 2865 2059 2947 corrumpi
2108 2864 2447 2947 coeperint,
2500 2883 2573 2929 eo
2619 2863 2761 2946 ipso

466 2973 630 3038 bono
668 2972 1064 3047 minuuntur,
1105 2990 1228 3053 quo
1267 2971 1635 3056 incorrupta
1672 2976 1867 3042 erant,
1910 2974 1976 3035 et
2010 2988 2241 3054 magno
2280 2971 2539 3053 quidem
2573 2969 2763 3047 bono,

469 3077 618 3160 quia
661 3096 967 3161 magnum
1015 3078 1256 3142 malum
1305 3080 1405 3141 est
1449 3078 1811 3161 corrupti03
1862 3081 1928 3141 et
1974 3076 2275 3160 quamdiu
2310 3078 2375 3141 in
2416 3076 2507 3140 eis
2546 3073 2765 3159 augeri

469 3184 786 3267 corruptio
834 3186 1069 3268 potest,
1117 3183 1360 3248 tamdiu
1408 3185 1647 3249 habent
1690 3186 1951 3263 bonum,
2001 3204 2125 3267 quo
2172 3184 2561 3249 minuantur.
2610 3200 2761 3264 qua·
2802 3204 2855 3243 25

465 3293 724 3376 propter
757 3294 1021 3355 naturae
1056 3291 1225 3358 illae.
1257 3309 1414 3373 quas
1451 3291 1515 3355 in
1555 3294 1721 3355 terra
1756 3292 2161 3356 tenebrarum
2197 3290 2397 3355 fuisse
2437 3288 2761 3371 confingit.

469 3402 581 3463 aut
623 3400 920 3481 poterant
963 3398 1279 3481 corrumpi
1327 3402 1440 3463 aut
1483 3418 1609 3465 non
1655 3401 1972 3482 poterant.
2040 3398 2097 3463 si
2142 3416 2267 3463 non
2310 3397 2623 3480 poterant,
2668 3394 2763 3457 in-

469 3504 912 3586 corruptibiles
959 3507 1158 3575 erant,
1207 3524 1332 3587 quo
1379 3505 1544 3569 bono
1594 3506 1890 3588 superius
1939 3504 2099 3569 nihil
2156 3506 2276 3569 est.
2342 3502 2398 3569 si
2450 3503 2761 3585 poterant,

467 3613 580 3675 aut
643 3611 1229 3694 corrumpebantur,
1296 3615 1409 3676 aut
1469 3631 1595 3677 non
1655 3612 2255 3695 corrumpebantur3
2322 3609 2379 3675 si
2440 3626 2567 3673 non
2632 3624 2763 3671 cor·

465 3718 940 3802 rumpebantur,
977 3718 1380 3802 incorruptae
1419 3720 1615 3797 erant,
1656 3718 1827 3801 quod
1864 3718 2163 3784 uidemus
2201 3717 2327 3782 dici
2362 3716 2499 3781 sine
2532 3730 2763 3797 magna
2798 3738 2854 3778 so

464 3824 653 3889 laude
699 3842 826 3889 non
873 3842 1100 3907 posse;
1161 3825 1216 3889 si
1263 3826 1478 3889 autem
1523 3825 2107 3908 corrumpebantur,
2154 3823 2603 3888 minuebantur
2644 3820 2759 3885 illo

529 3982 554 4035 1
580 3980 876 4036 deminutio
886 3980 955 4033 H
958 3981 1009 4033 Τ
1016 3980 1068 4034 V
1135 3982 1167 4035 2
1187 3980 1462 4036 dificileH
1528 3983 1561 4037 3
1582 3982 1813 4053 quumP
1880 3980 2366 4037 5innumera1iaH
2469 3976 2759 4033 suntHTb

468 4098 497 4149 7
535 4062 793 4162 labefiat
817 4097 893 4150 Ρι
1029 4096 1063 4150 s
1099 4096 1152 4151 K
1175 4096 1245 4150 H
1383 4098 1451 4151 12
1481 4097 1611 4167 quia
1638 4099 1678 4169 (i
1702 4114 1746 4153 s.
1778 4098 1837 4169 ι.)
1874 4098 1925 4152 T
2067 4099 2133 4153 16
2171 4098 2218 4151 si
2246 4114 2349 4153 om.
2376 4096 2435 4149 Ρ
2563 4098 2759 4147 natm

463 4184 860 4256 incorruptibili
907 4186 938 4239 b
1084 4184 1154 4239 22
1201 4184 1442 4256 ceperint
1495 4185 1546 4239 T
1687 4187 1757 4240 24
1802 4190 1861 4241 et
1908 4183 2507 4257 quamdiu—corruptio
2556 4198 2657 4235 om.
2700 4180 2761 4233 P

463 4276 532 4329 25
569 4275 864 4329 miniantur
897 4274 966 4329 Η
971 4276 984 4309 ¹
1058 4274 1126 4327 26
1163 4276 1220 4329 in
1257 4274 1597 4329 tenebrarum
1636 4280 1780 4329 terra
1825 4275 1909 4329 Vb
1982 4276 2051 4329 30
2090 4274 2197 4329 dici
2216 4280 2349 4344 post
2372 4272 2533 4327 laude
2564 4270 2761 4339 leyitur

463 4365 524 4417 in
561 4364 592 4417 b
703 4364 770 4417 31
813 4363 880 4418 de
918 4363 1015 4417 illo
1065 4363 1116 4416 V
