3159 4984
483 484 617 545 474
1194 483 1245 534 S.
1304 482 1579 535 Aureli
1636 483 2068 551 Augustini

486 694 603 741 uos
662 696 809 759 ergo
870 676 1177 744 crudeles,
1236 677 1345 758 qui
1400 676 1521 742 hoc
1577 696 1702 741 non
1757 676 1992 741 facitis.
2061 677 2175 741 sed
2239 676 2545 741 uidelicet
2607 677 2792 741 nouit

484 784 763 847 Faustus
829 782 1149 847 destruere
1206 784 1564 861 sabbatum,
1623 783 1774 866 quia
1831 783 1954 847 scit
2015 783 2322 847 uirtutem
2380 783 2482 847 dei
2541 802 2792 866 semper

486 893 675 971 atque
739 890 1223 973 infatigabiliter
1288 892 1548 973 operari.
1615 890 1712 955 illi
1768 890 1890 955 hoc
1948 890 2180 964 dicant,
2236 890 2344 973 qui
2402 890 2792 973 intellegunt

488 997 677 1061 deum
746 998 879 1061 sine
944 997 1279 1079 temporali
1344 998 1679 1063 uoluntate
1733 998 2034 1063 uniuersa
2089 1000 2378 1080 tempora
2429 996 2788 1061 facientem.

486 1104 607 1168 hoc
654 1103 732 1167 ad
780 1124 899 1169 uos
946 1105 1225 1168 multum
1272 1108 1390 1171 est.
1452 1104 1561 1186 qui
1619 1104 1722 1169 dei
1780 1104 1982 1169 uestri
2037 1104 2320 1186 requiem
2377 1103 2790 1168 rebellatione
2851 1121 2878 1161 ⁵

486 1210 697 1293 gentis
754 1212 1154 1275 tenebrarum
1209 1211 1557 1295 perhibetis
1616 1230 1946 1277 excussam
2004 1214 2068 1275 et
2121 1210 2406 1277 hostium
2461 1211 2788 1294 repentino

486 1316 706 1399 inpetu
772 1318 1223 1399 perturbatam.
1292 1338 1368 1382 an
1427 1337 1499 1382 ex
1556 1321 1808 1383 aeterno
1875 1317 2252 1402 praeuidens
2315 1317 2440 1382 hoo
2501 1317 2788 1381 futurum

486 1442 831 1504 numquam
898 1422 1123 1487 habuit
1184 1424 1487 1506 requiem,
1547 1424 1696 1506 quia
1754 1442 2100 1505 numquam
2156 1406 2422 1488 securus
2480 1423 2622 1489 fuit.
2683 1424 2792 1505 qui

489 1548 557 1594 se
605 1529 932 1613 cogitabat
974 1532 1107 1593 tam
1147 1549 1341 1613 graue
1380 1532 1624 1595 bellum
1664 1549 1808 1595 cum
1846 1534 2026 1595 tanta
2061 1532 2490 1595 membrorum
2529 1549 2791 1594 suorum

485 1637 627 1701 labe
677 1636 1036 1718 damnoque
1085 1639 1417 1719 gesturum
1441 1642 1469 1700 ⁸?
2833 1654 2884 1691 ιο

580 1745 685 1809 29.
764 1741 1060 1807 Ceterum
1128 1743 1291 1807 illud
1356 1745 1696 1808 sabbatum
1721 1795 1735 1820 ,
1801 1744 1969 1826 quod
2031 1744 2300 1827 inperite
2365 1746 2556 1825 atque
2619 1743 2792 1826 inpie

490 1850 821 1927 deridetis,
888 1848 1013 1914 nisi
1078 1852 1143 1913 et
1204 1850 1416 1933 ipsum
1481 1851 1647 1914 inter
1709 1850 2105 1935 prophetias,
2174 1869 2334 1931 quae
2402 1849 2478 1915 de
2540 1849 2793 1915 Christo

490 1958 763 2039 scriptae
832 1958 1002 2024 sunt.
1068 1954 1333 2021 haberet
1395 1958 1818 2023 intellectum.
1887 1977 2008 2022 non
2067 1957 2124 2020 ei
2184 1956 2478 2022 Christus
2537 1957 2632 2021 sic
2688 1958 2796 2021 ad-

487 2067 849 2130 testaretur.
920 2064 1027 2145 qui
1113 2082 1258 2127 oum
1342 2066 1596 2147 propria
1659 2064 2014 2131 uoluntate.
2083 2064 2254 2129 sicut
2314 2064 2454 2147 ipse
2519 2065 2584 2128 in
2651 2064 2794 2129 eius

488 2170 679 2235 laude
724 2170 1021 2254 posuisti,
1070 2172 1394 2253 pateretur
1437 2171 1710 2253 ideoque
1756 2177 2044 2253 tempora
2087 2170 2402 2253 passionis
2459 2174 2526 2235 et
2579 2190 2788 2235 resur·
2833 2184 2888 2221 15

490 2276 791 2341 rectionis
840 2294 993 2340 suae
1040 2276 1302 2340 haberet
1354 2276 1419 2339 in
1476 2280 1818 2359 potestate.
1875 2278 1942 2341 id
2000 2276 2149 2360 egit,
2207 2279 2283 2340 ut
2338 2296 2481 2342 caro
2540 2277 2680 2342 eius
2724 2278 2793 2340 in

492 2382 824 2465 sepultura
870 2383 1131 2447 sabbato
1179 2382 1608 2465 requiesceret
1662 2384 1741 2447 ab
1799 2384 2094 2449 omnibus
2151 2384 2448 2466 operibus
2507 2384 2664 2462 suis,
2720 2388 2798 2449 ut

493 2489 680 2553 tertio
731 2489 829 2553 die
877 2508 1237 2573 resurgens,
1280 2510 1469 2572 quem
1512 2490 1908 2555 dominicum
1957 2490 2252 2568 dicimuS.
2303 2492 2410 2573 qui
2456 2494 2608 2573 post
2655 2492 2797 2555 sab-

491 2596 714 2660 batum
770 2599 1139 2661 numeratur
1195 2602 1483 2674 octauuS‚
1544 2598 1735 2662 etiam
1793 2596 2340 2662 circumcisionem
2399 2597 2612 2662 octaui
2671 2596 2796 2661 diei

494 2702 573 2766 ad
622 2720 690 2767 se
737 2702 1243 2786 prophetandum
1290 2704 1602 2786 pertinere
1650 2704 2014 2768 declararet.
2065 2702 2216 2784 quid
2264 2702 2430 2767 enim
2479 2702 2799 2786 significat
2831 2720 2886 2759 ευ

494 2809 893 2874 circumcisio
933 2809 1181 2874 carnis?
1221 2810 1413 2891 quid?
1452 2810 1578 2874 nisi
1617 2808 2098 2892 expoliationem
2139 2809 2571 2881 mortalitatis.
2605 2827 2798 2891 quam

496 2916 573 2980 de
621 2916 856 2980 carnali
903 2916 1307 2999 generatione
1354 2919 1703 3000 portamus.
1752 2918 2010 2998 propter
2053 2916 2175 2980 hoc
2223 2915 2379 2979 dicit
2425 2915 2796 2996 apostolus:

498 3041 781 3087 exuens
832 3042 907 3087 se
959 3041 1253 3086 carnem
1302 3023 1785 3106 principatus
1836 3025 1908 3086 et
1952 3023 2386 3103 potestates
2435 3022 2800 3104 exempla-

496 3129 613 3191 uit
666 3129 1175 3197 fiducialiter.
1232 3130 1714 3212 triumphans
1774 3148 1898 3193 eos
1958 3129 2028 3192 in
2089 3131 2328 3193 semet
2372 3129 2560 3211 ipso,
2630 3128 2804 3209 quod

497 3234 665 3298 enim
725 3235 882 3298 dicit
937 3236 1185 3300 exuisse
1242 3256 1311 3300 se
1370 3255 1641 3313 carnem.
1703 3254 1776 3300 eo
1831 3236 1974 3299 loco
2031 3254 2282 3299 carnem
2345 3234 2802 3300 mortalitatem
2832 3252 2884 3292 ss

500 3341 704 3405 carnis
749 3341 1205 3425 intellegimus.
1269 3342 1624 3407 secundum
1673 3361 1862 3425 quam
1910 3341 2158 3425 proprie
2208 3360 2436 3425 corpus
2483 3342 2606 3407 hoc
2655 3360 2800 3407 caro

495 3436 878 3511 nominatur.
930 3466 1092 3529 quae
1138 3449 1496 3514 mortalitas
1544 3448 1792 3531 proprie
1841 3466 1984 3514 caro
2035 3451 2135 3513 est
2172 3449 2509 3531 appellata.
2550 3448 2702 3530 quia
2735 3447 2802 3511 in

668 3638 736 3691 23
774 3637 890 3693 Col.
928 3640 978 3702 2,
1020 3640 1083 3693 15

570 3763 603 3815 3
666 3763 997 3833 intellegunt
1064 3770 1119 3817 (u
1188 3783 1322 3823 corr.
1389 3784 1454 3822 ex
1510 3774 1561 3831 a)
1621 3766 1666 3821 S
1845 3768 1876 3819 5
1941 3765 2276 3820 reuelatione
2332 3767 2422 3835 (m.
2471 3766 2564 3833 er.)
2631 3764 2800 3817 L¹M¹

496 3854 883 3922 reuelationem
924 3853 1023 3909 SG
1150 3856 1185 3909 6
1224 3872 1498 3910 excussam
1540 3858 1593 3921 (x
1628 3871 1672 3910 s.
1713 3854 1747 3909 Ζ.
1788 3874 1855 3911 m.
1895 3860 1934 3908 2
1973 3854 2127 3922 add.)
2166 3854 2221 3907 L
2357 3856 2388 3907 7
2425 3853 2716 3925 preuidens
2759 3852 2810 3907 G

498 3944 531 3997 9
558 3943 901 3999 menbrorum
937 3943 1030 3999 08
1136 3945 1201 3998 10
1228 3944 1717 4015 labe‚dampnoque
1757 3946 1791 4013 (,
1814 3951 1864 3999 et
1900 3964 1933 4015 p
1975 3962 2012 3998 a
2048 3962 2118 4000 m.
2147 3946 2203 4012 2)
2225 3946 2300 3999 Μ
2439 3941 2707 4012 (lamnam
2738 3942 2802 3996 S’

504 4032 567 4084 12
604 4032 897 4102 prophetas
936 4032 1234 4089 L¹S¹M¹G
1364 4035 1429 4087 13
1468 4034 1670 4104 scripta
1709 4034 1740 4087 b
1886 4036 2240 4088 attestaretur
2273 4032 2346 4086 12²
2486 4035 2552 4085 14
2589 4030 2806 4101 propria

499 4122 542 4185 (i
575 4138 619 4175 s.
659 4122 717 4188 l.)
756 4121 805 4176 0
912 4122 977 4176 18
1004 4123 1172 4177 tercio
1210 4122 1259 4177 0
1395 4140 1624 4193 surgens
1653 4123 1755 4178 SG
1867 4126 1932 4177 19
1963 4126 2156 4178 octauo
2187 4122 2274 4177 die
2303 4122 2376 4175 L¹
2411 4120 2684 4175 octauidei
2711 4120 2805 4173 Μι

496 4212 567 4264 20
604 4211 842 4265 declaret
876 4211 925 4267 S
1044 4214 1103 4263 21
1152 4211 1283 4282 quid
1317 4212 1395 4265 12¹
1434 4215 1573 4282 (exp.
1615 4230 1680 4266 m.
1720 4214 1782 4281 2)
1909 4214 1978 4266 23
2027 4228 2282 4267 exuensse
2322 4212 2430 4279 (pr.
2470 4228 2512 4264 s,
2549 4227 2592 4265 s.
2633 4210 2698 4275 1.)
2751 4208 2808 4263 G

500 4300 570 4352 24
608 4298 927 4355 fidutialiter
948 4302 993 4353 (J
1099 4302 1167 4353 25
1208 4301 1447 4369 exuisses
1470 4301 1523 4355 G
1669 4318 1726 4355 se
1755 4318 1858 4359 om.
1879 4302 1928 4357 S
2029 4302 2099 4354 26
2129 4302 2208 4370 (et
2236 4301 2327 4363 27)
2359 4300 2606 4370 propriae
2627 4298 2806 4352 L²SG

500 4392 714 4460 proprie
754 4389 798 4437 (⁷
904 4393 971 4442 27
1012 4394 1095 4444 est
1132 4408 1235 4445 om.
1276 4390 1515 4445 essm!
1658 4392 1932 4462 appellata
1971 4394 2054 4444 est
2092 4392 2124 4445 b
2271 4392 2364 4459 qui
2403 4386 2468 4443 8¹
