3159 4984
461 468 584 530 180
1149 460 1201 513 S.
1259 457 1534 513 Aureli
1590 456 2025 525 Augustini

457 676 753 721 crucem
819 659 1022 719 tuam
1088 658 1160 718 et
1216 671 1530 735 sequere
1586 671 1717 717 me.
1784 651 1890 715 hic
1953 654 2199 733 praeter
2264 651 2431 733 quod
2499 668 2747 715 crucem

456 762 760 839 nominat,
809 760 966 825 nihil
1016 758 1300 824 adtendit
1357 778 1495 823 esse
1546 758 1927 822 contrarium
1977 757 2053 833 ei,
2104 757 2272 839 quod
2321 757 2563 821 dictum
2610 759 2745 820 est:

457 868 919 933 maledictus
968 865 1228 941 omnis,
1281 864 1406 947 qui
1451 864 1526 927 in
1573 864 1785 948 ligno
1833 863 2301 947 pependerit.
2360 862 2543 945 quasi
2596 881 2747 927 uero

455 976 651 1039 talem
699 992 950 1039 crucem
995 975 1212 1055 potest
1257 972 1526 1054 quisque
1583 972 1811 1035 tollere
1866 975 1932 1035 et
1987 970 2167 1052 sequi
2223 970 2587 1040 dominum:
2638 968 2749 1033 sed

453 1082 568 1145 illa
613 1080 882 1158 tollitur,
933 1098 1078 1143 cum
1125 1078 1452 1159 sequimur
1498 1078 1845 1155 dominum,
1886 1076 1961 1143 de
2011 1096 2137 1159 qua
2182 1075 2339 1140 dicit
2382 1075 2747 1159 apostolus:
2804 1096 2833 1135 5

456 1188 586 1269 qui
645 1191 893 1251 autem
951 1186 1125 1249 lesu
1185 1184 1475 1251 Christi
1532 1188 1729 1261 sunt,
1798 1202 2092 1249 carnem
2172 1201 2377 1248 suam
2456 1182 2751 1247 crucifi-

455 1296 732 1358 xerunt
762 1311 924 1357 cum
955 1291 1441 1376 passionibus
1491 1290 2160 1374 concupiscentiis.
2209 1290 2323 1354 tali
2362 1289 2527 1354 enim
2568 1308 2751 1355 cruce

461 1403 654 1465 uetus
720 1398 930 1474 homo,
997 1397 1063 1461 id
1127 1400 1227 1461 est
1289 1400 1478 1461 uetus
1545 1396 1681 1460 uita
1744 1396 2094 1479 perimitur,
2162 1414 2349 1478 quam
2416 1395 2493 1460 de
2548 1394 2751 1460 Adam

455 1505 790 1581 traximuS,
847 1507 924 1569 ut
979 1502 1148 1585 quod
1203 1502 1268 1566 in
1325 1502 1438 1567 illo
1505 1502 1629 1567 fuit
1682 1503 2135 1581 uoluntarium,
2200 1503 2262 1567 in
2328 1502 2511 1567 nobis
2576 1502 2755 1567 fieret

459 1612 771 1678 naturale.
843 1610 1012 1692 quod
1079 1609 1360 1675 ostendit
1422 1609 1751 1693 apostolus
1816 1610 2069 1674 dicens:
2136 1608 2417 1674 fuimus
2484 1611 2559 1672 et
2621 1628 2752 1673 nos
2792 1626 2847 1667 ιο

465 1716 878 1800 aliquando
925 1719 1195 1780 natura
1239 1716 1394 1779 filii
1431 1716 1589 1780 irae
1627 1716 1833 1781 sicut
1869 1719 1941 1780 et
1980 1716 2233 1780 ceteri.
2284 1716 2339 1779 si
2378 1734 2525 1799 ergo
2563 1720 2754 1779 uetus

460 1824 596 1889 uita
661 1824 738 1888 de
793 1822 1017 1899 Adam,
1084 1821 1251 1885 unde
1311 1827 1375 1886 et
1429 1822 1679 1887 nomine
1744 1822 1981 1887 ueteris
2045 1822 2319 1887 hominis
2376 1826 2564 1887 uetus
2620 1822 2756 1885 uita

463 1931 767 2015 signatur,
836 1927 987 2010 quid
1053 1928 1399 1993 absurdum
1463 1927 1674 2003 habet,
1742 1928 1910 2009 quod
1964 1928 2029 1992 in
2086 1931 2367 1993 ueterem
2434 1928 2753 1993 hominem

470 2035 887 2100 maledictum
937 2035 1252 2118 prolatum
1303 2038 1420 2109 est,
1481 2054 1671 2115 quem
1720 2034 2013 2100 dominus
2066 2034 2404 2117 suspendit
2447 2035 2510 2098 in
2558 2034 2755 2119 lign0,

464 2141 612 2223 quia
677 2160 748 2205 ex
812 2140 954 2222 ipsa
1027 2138 1430 2203 successione
1503 2138 1955 2203 mortalitatem
2022 2139 2304 2222 gestauit
2366 2139 2443 2203 de
2510 2139 2757 2225 uirgine
2796 2156 2847 2197 15

465 2247 666 2312 Maria
709 2246 1063 2311 mortaliter
1107 2248 1317 2322 natus,
1366 2245 1605 2310 habens
1664 2262 1911 2309 carnem
1969 2264 2091 2311 non
2146 2246 2586 2329 peccatricem,
2644 2246 2755 2311 sed

461 2357 674 2417 tamen
717 2351 1198 2417 similitudinem
1238 2352 1558 2435 gerentem
1600 2350 1804 2416 carnis
1842 2352 2106 2435 peccati,
2138 2352 2285 2433 quia
2312 2352 2472 2419 mori
2509 2356 2759 2435 poterat

463 2463 527 2524 et
581 2478 754 2524 mors
812 2458 888 2522 de
943 2460 1225 2541 peccato.
1293 2456 1460 2521 unde
1517 2460 1618 2521 est
1664 2456 1854 2521 etiam
1912 2457 2111 2523 illud:
2180 2459 2513 2523 scientes
2584 2460 2759 2540 quia

480 2570 708 2629 uetus
755 2564 973 2629 homo
1021 2566 1282 2629 noster
1327 2561 1558 2627 simul
1607 2562 1953 2628 confixus
2002 2568 2120 2628 est
2166 2566 2375 2630 cruci
2414 2584 2576 2629 cum
2616 2564 2755 2629 illo

465 2676 550 2736 ut
596 2673 1014 2736 euacuetur
1059 2688 1330 2753 corpus
1387 2669 1702 2751 peccati.
1774 2688 1897 2735 non
1946 2688 2095 2753 ergo
2144 2671 2437 2737 dominus
2484 2692 2597 2755 per
2638 2671 2755 2736 lin·
2792 2690 2847 2732 20

467 2795 655 2862 guam
712 2776 924 2860 Moysi
980 2776 1204 2840 famuli
1263 2774 1386 2851 dei,
1448 2775 1556 2839 sed
1614 2795 1786 2841 mors
1843 2776 1985 2859 ipsa
2037 2778 2272 2842 meruit
2339 2778 2756 2845 maledictum

467 2902 656 2966 quam
703 2882 997 2948 dominus
1043 2886 1261 2947 noster
1307 2881 1709 2965 suscipiendo
1758 2883 2113 2948 euacuauit.
2170 2904 2341 2949 mors
2387 2884 2601 2967 itaque
2648 2885 2761 2949 illa

464 2988 764 3073 pependit
807 2989 871 3052 in
918 2988 1114 3073 ligno,
1165 3006 1324 3069 quae
1373 3007 1484 3071 per
1527 2988 1859 3053 mulierem
1908 2990 1986 3053 ad
2031 2990 2355 3056 hominem
2402 2992 2759 3075 serpentina

462 3094 869 3180 persuasione
907 3094 1216 3179 peruenit.
1265 3095 1432 3160 unde
1472 3094 1663 3159 etiam
1702 3100 2055 3178 serpentem
2106 3097 2184 3161 ad
2231 3097 2758 3181 significationem

463 3201 668 3285 ipsius
715 3200 940 3265 mortis
975 3200 1234 3284 Moyses
1279 3200 1344 3265 in
1383 3202 1638 3266 heremo
1678 3202 1979 3267 exaltauit
2014 3203 2077 3267 in
2114 3203 2309 3287 ligno.
2360 3209 2425 3269 et
2461 3204 2754 3287 quoniam
2796 3222 2851 3263 25

462 3325 500 3370 a
553 3306 897 3372 mortiferis
955 3307 1414 3390 cupiditatibus
1469 3325 1582 3389 per
1636 3307 1827 3372 fidem
1884 3328 2179 3375 sanamur
2244 3311 2449 3376 crucis
2517 3310 2753 3376 domini

461 3430 584 3495 qua
649 3432 832 3478 cruce
895 3432 1067 3479 mors
1115 3414 1288 3497 ligno
1338 3432 1648 3497 suspensa
1694 3418 1810 3492 est,
1858 3419 2189 3500 propterea
2235 3418 2345 3501 qui
2392 3420 2755 3500 serpentum

460 3518 779 3585 morsibus
854 3520 1346 3597 uenenabantur,
1429 3524 1771 3605 conspecto
1846 3526 2157 3605 serpente,
2224 3524 2332 3605 qui
2398 3524 2558 3589 fixus
2624 3528 2758 3589 erat

463 3628 652 3707 atque
703 3626 1012 3690 exaltatus
1049 3625 1114 3689 in
1152 3625 1348 3710 lign0,
1389 3626 1688 3692 continuo
1728 3628 2127 3693 sanabantur.
2178 3629 2326 3694 huic
2365 3634 2755 3697 sacramento

455 3730 593 3815 ipse
666 3730 959 3798 dominus
1024 3732 1381 3798 adtestatus
1447 3736 1546 3797 est
1612 3732 1864 3799 dicens:
1933 3734 2139 3799 sicut
2204 3736 2397 3800 enim
2453 3738 2755 3821 Moyses
2794 3758 2852 3797 ao

638 3940 671 3994 6
710 3940 828 3995 Gal.
869 3940 920 4005 5,
958 3940 1028 3995 24
1141 3942 1208 3997 10
1244 3941 1442 4011 Ephes.
1482 3942 1532 4008 2,
1571 3943 1609 3997 3
1710 3944 1777 3999 17
1818 3944 1884 3999 cf.
1922 3944 2075 3999 Rom.
2116 3945 2167 4009 8,
2204 3946 2240 3999 3
2332 3946 2400 3999 18
2438 3946 2590 3999 Rom.
2630 3946 2680 4011 6,
2719 3946 2752 3997 6

461 4028 528 4082 29
567 4028 634 4081 cf.
673 4026 836 4082 Num.
875 4027 962 4093 21,
1001 4028 1034 4082 9
1145 4028 1214 4083 30
1251 4030 1366 4084 Ioh.
1407 4030 1457 4097 3,
1499 4032 1568 4085 14

531 4166 598 4221 13
635 4165 910 4236 significat
948 4168 980 4220 b
1118 4168 1184 4221 17
1223 4168 1395 4223 carnis
1431 4186 1534 4225 om.
1569 4154 1865 4227 GTGSVb'
1997 4172 2064 4226 18
2091 4178 2313 4243 peccato
2344 4178 2429 4228 est
2460 4172 2755 4228 GTGSVb

458 4254 624 4309 ctiam
681 4260 765 4309 est
807 4256 907 4311 To
1013 4258 1080 4313 19
1137 4256 1371 4313 confixus
1429 4263 1588 4328 (corr.
1644 4276 1710 4315 ex
1764 4261 2063 4333 crucifixus)
2100 4262 2157 4316 P
2263 4262 2457 4317 21doi
2500 4267 2563 4329 (s.
2603 4263 2665 4327 1.)
2705 4264 2761 4317 P

457 4370 528 4423 24
553 4336 832 4425 ¹'sniasione
869 4370 924 4424 P
1031 4370 1100 4426 28
1138 4388 1292 4437 uene,
1333 4372 1565 4428 abantur
1603 4374 1651 4429 S
