3159 4984
861 466 953 519 Vl.
1012 465 1304 521 Contra
1357 424 1730 519 Faustum
1785 462 1918 517 lib.
1977 461 2214 517 XVIIII.
2569 464 2700 527 497

397 663 758 729 conculcari
825 662 1117 727 uidentes
1180 661 1660 745 indignarentur
1722 678 1996 742 eumque
2062 678 2134 723 ac
2200 658 2255 723 si
2318 658 2562 741 inpium
2627 676 2700 722 ac

402 771 797 834 malesanum
836 788 913 832 ne
953 768 1334 833 audiendum
1376 768 1637 849 quidem
1676 767 2124 844 existimarent,
2163 763 2396 830 nedum
2435 783 2700 847 sequen-

404 876 577 953 dum,
636 895 713 939 an
770 878 845 939 ut
899 894 1035 948 nos,
1095 874 1207 957 qui
1264 875 1321 938 ei
1378 873 1789 939 credebamus
1847 892 1918 936 ex
1973 872 2292 956 gentibus,
2338 870 2714 936 institueret

402 987 593 1065 atque
658 982 1027 1047 informaret
1089 981 1405 1065 patienter
1468 1000 1540 1045 ac
1605 981 1917 1064 morigere
1981 978 2423 1043 mandatorum
2489 976 2700 1043 subire

332 1112 368 1149 5
399 1089 645 1173 iugum,
676 1087 845 1171 quod
876 1088 1231 1161 ceruicibus
1261 1087 1495 1153 nostris
1532 1087 1914 1152 Iudaeorum
1951 1087 2050 1149 lex
2085 1085 2418 1167 inponeret
2452 1102 2525 1149 ac
2560 1104 2700 1167 pro-

401 1195 650 1278 phetae.
702 1195 814 1260 sed
854 1194 975 1259 hoc
1015 1193 1271 1276 quidem
1309 1213 1425 1258 nec
1464 1197 1529 1258 te
1566 1194 1779 1276 ipsum
1817 1196 2038 1276 putare
2079 1190 2284 1269 credo,
2324 1189 2494 1273 quod
2533 1190 2700 1254 enim

401 1301 583 1365 Iesus
649 1301 771 1367 hoc
835 1302 1104 1366 uerbum
1183 1302 1539 1384 protulerit,
1597 1304 1674 1365 ut
1745 1320 1860 1365 nos
1915 1300 2348 1364 Hebraeorum
2412 1296 2544 1381 legi
2598 1296 2702 1360 ad-

404 1407 641 1471 diceret
694 1409 815 1473 ,aut
876 1406 1222 1490 prophetis,
1290 1425 1362 1471 ac
1426 1425 1539 1489 per
1601 1406 1744 1483 hoc,
1812 1406 1868 1470 si
1932 1406 2087 1470 haec
2149 1425 2272 1470 non
2328 1405 2455 1468 fuit
2511 1421 2701 1467 causa

404 1513 671 1591 dicendi,
719 1514 834 1577 illa
881 1513 1004 1576 alia
1052 1513 1243 1577 debet
1289 1532 1451 1589 esse,
1502 1530 1694 1593 quam
1744 1510 1890 1575 dixi.
1957 1509 2227 1575 Iudaeos
2275 1509 2442 1573 enim
2488 1510 2701 1573 uerbis

310 1648 362 1684 ω
404 1638 653 1703 semper
688 1622 879 1701 atque
922 1619 1215 1703 operibus
1249 1619 1485 1685 Christi
1523 1619 1935 1682 uehementer
1965 1617 2299 1682 insidiatos
2338 1620 2478 1680 e'sse
2515 1635 2699 1681 nemo

405 1726 515 1808 qui
563 1726 826 1791 nesciat.
898 1746 969 1790 ex
1027 1726 1261 1808 quibus
1321 1745 1467 1791 cum
1522 1725 1693 1789 idem
1753 1724 2126 1806 colligerent
2177 1724 2384 1806 legem
2446 1740 2518 1785 ac
2564 1742 2701 1805 pro-

401 1833 629 1914 phetas
680 1852 833 1898 suos
883 1834 961 1897 ab
1011 1832 1235 1897 eodem
1285 1833 1473 1909 solui,
1514 1831 1993 1915 indignarentur
2027 1848 2286 1894 necesse
2327 1830 2444 1903 est,
2485 1848 2556 1893 ac
2592 1848 2705 1912 per

404 1940 523 2003 hoc
568 1940 954 2022 reprimendi
998 1940 1229 2004 furoris
1281 1959 1497 2004 eorum
1544 1938 1748 2023 gratia
1791 1956 1916 2003 non
1965 1937 2041 2000 ab
2089 1955 2156 2001 re
2201 1935 2394 1999 fuerit
2447 1934 2700 2013 dixisse,

402 2047 500 2111 uti
545 2066 623 2112 ne
672 2049 988 2129 putarent,
1049 2047 1201 2128 quia
1255 2046 1544 2111 uenisset
1598 2046 1807 2128 legem
1865 2046 2132 2115 soluere,
2193 2044 2304 2108 sed
2361 2042 2699 2126 adinplere.

312 2177 367 2214 15
401 2172 517 2218 nec
561 2154 685 2219 hoc
732 2154 945 2237 ipsum
994 2153 1301 2218 mentitus
1350 2155 1450 2217 est
1495 2169 1611 2217 nec
1657 2152 1920 2217 fefellit:
1969 2151 2394 2216 indifferenter
2432 2150 2596 2213 enim
2638 2154 2702 2213 et

400 2260 688 2325 absolute
738 2261 1097 2325 nominauit
1140 2260 1373 2343 legem.

490 2368 548 2429 2.
611 2365 773 2431 Sunt
821 2370 1035 2431 autem
1080 2368 1300 2450 legum
1351 2386 1581 2449 genera
1625 2366 1781 2429 tria:
1831 2384 2026 2429 unum
2078 2363 2336 2445 quidem
2383 2364 2698 2427 Hebraeo-

398 2492 574 2548 rum,
644 2473 813 2554 quod
881 2472 1127 2555 peccati
1194 2475 1257 2535 et
1320 2471 1545 2535 mortis
1611 2471 1852 2534 Paulus
1921 2470 2234 2552 appellat;
2313 2466 2485 2531 alind
2549 2486 2700 2532 uero

400 2578 703 2660 gentium,
754 2579 926 2661 quod
966 2579 1251 2642 naturale
1290 2580 1498 2643 uocat.
1550 2580 1819 2661 gentes
1870 2576 2086 2644 enim.
2133 2562 2359 2657 inquit.
2410 2576 2698 2637 natura-

298 2707 361 2746 20
400 2684 600 2760 liter,
642 2704 831 2766 quae
870 2685 1071 2767 legis
1115 2688 1315 2750 sunt.
1356 2684 1683 2759 faciunt3
1737 2686 1811 2747 et
1849 2682 2223 2747 eiusmodi
2270 2682 2513 2764 legem
2560 2700 2698 2743 non

398 2790 765 2855 habentes
814 2792 966 2874 ipsi
1016 2791 1165 2855 sibi
1214 2793 1393 2855 sunt
1438 2792 1577 2867 lex,
1629 2791 1758 2873 qui
1807 2789 2222 2855 ostendunt
2271 2806 2456 2869 opus
2502 2787 2697 2869 legis

400 2897 774 2980 scriptum
833 2898 906 2961 in
966 2897 1322 2961 cordibus
1383 2897 1565 2962 suis.
1635 2896 1897 2959 tertium
1944 2914 2095 2960 uero
2143 2912 2343 2979 genus
2388 2891 2553 2976 legis
2601 2896 2701 2957 est

397 3003 655 3080 ueritas,
715 3004 888 3086 quod
946 3004 1203 3087 perinde
1263 3004 1627 3087 significans
1687 3003 2015 3086 apostolus
2073 3000 2261 3065 dicit:
2332 2999 2448 3063 lex
2507 2999 2696 3063 enim

400 3110 722 3192 spiritus
790 3110 999 3173 uitae
1066 3110 1137 3173 in
1209 3109 1515 3175 Christo
1585 3111 1758 3174 Iesu
1823 3106 2189 3173 liberauit
2251 3126 2361 3170 me
2429 3126 2465 3169 a
2527 3106 2696 3189 lege

309 3243 364 3280 ‹25
397 3217 696 3299 peccati
746 3220 819 3281 et
866 3216 1157 3283 mortis„
1227 3216 1431 3281 tribus
1481 3236 1628 3301 ergo
1678 3215 2094 3280 existentibus
2138 3214 2390 3297 legibus
2441 3217 2506 3276 et
2549 3214 2694 3277 Iesu

344 3382 353 3391 .
398 3322 807 3387 adseuerante
843 3323 1047 3401 nobis»,
1079 3323 1229 3404 quia
1267 3342 1389 3387 non
1431 3322 1610 3387 uenit
1647 3323 1894 3387 soluere
1931 3323 2162 3404 legem.
2205 3318 2316 3383 sed
2356 3318 2694 3401 adinplere,
2749 3362 2752 3367 -

398 3448 522 3493 non
569 3449 765 3512 parua
814 3448 963 3493 cura
1011 3449 1081 3492 ac
1131 3429 1462 3513 diligentia
1511 3448 1670 3513 opus
1721 3433 1837 3493 est.
1899 3429 1974 3491 de
2031 3446 2156 3509 qua
2214 3444 2425 3490 earum
2477 3424 2700 3488 dixerit

392 3535 783 3619 intellegere.
835 3536 988 3598 item
1036 3536 1379 3619 prophetae
1430 3536 1537 3599 alii
1586 3539 1736 3600 sunt
1781 3536 2178 3602 Iudaeorum.
2228 3531 2335 3595 alii
2385 3530 2691 3615 gentium.

579 3710 639 3761 18
680 3709 743 3762 cf.
783 3709 935 3764 Rom.
977 3710 1027 3773 8,
1066 3710 1098 3760 2
1212 3713 1277 3763 19
1317 3711 1471 3763 Rom.
1510 3710 1559 3773 2,
1603 3712 1672 3763 14
1710 3728 1787 3779 sq.
1901 3710 1970 3761 23
2009 3708 2161 3759 Rom.
2202 3706 2250 3767 8,
2293 3707 2326 3758 2

462 3816 493 3865 ’2
532 3815 752 3884 nedum]
788 3832 963 3886 neque
1006 3815 1036 3869 b
1184 3817 1215 3870 6
1257 3816 1419 3886 quod]
1461 3834 1564 3886 quo
1605 3816 1730 3870 SG2
1877 3817 1906 3868 7
1947 3816 2005 3868 in
2042 3814 2144 3867 hoc
2184 3813 2276 3866 lib.
2425 3810 2587 3865 uerbo
2618 3812 2691 3863 P¹

388 3904 502 3973 legi
552 3904 590 3968 (i
637 3920 701 3956 er
748 3907 797 3971 e)
849 3902 905 3957 L
1119 3905 1151 3957 8
1212 3905 1324 3973 aut]
1385 3910 1481 3957 aut
1540 3906 1592 3973 (a
1645 3921 1688 3959 s,
1739 3904 1794 3971 l.)
1845 3904 1912 3957 M
1959 3920 2019 3955 ac
2073 3900 2120 3954 C'
2303 3900 2457 3969 haec]
2501 3899 2601 3952 hoc
2639 3898 2692 3951 L

389 3988 422 4045 9
460 3992 555 4046 illa
584 3994 638 4063 (a
666 4009 731 4045 er·
761 3992 808 4061 e)
841 3993 883 4045 S
1027 3992 1215 4046 iudeos
1248 3993 1290 4045 Ο
1438 3995 1496 4045 11
1544 3994 1664 4062 quis
1712 3993 1845 4047 CGb
1888 3994 1979 4061 qui
2019 3995 2064 4061 (8
2103 3992 2196 4055 er.)
2230 3988 2393 4042 LSM
2540 3988 2689 4041 colli-

388 4082 581 4149 gerent
619 4082 724 4148 (pr.
761 4080 780 4132 1
816 4097 859 4133 8.
902 4080 957 4148 l.)
998 4080 1049 4133 L
1196 4081 1259 4133 13
1302 4081 1366 4133 ab
1406 4083 1485 4149 re]
1525 4081 1654 4134 *ab
1658 4098 1712 4133 re
1753 4080 1807 4151 (h
1849 4087 1897 4133 et
1936 4098 1963 4133 e
2003 4080 2095 4144 er.)
2136 4078 2189 4130 L
2233 4077 2431 4130 habere
2470 4075 2690 4130 PSMG

390 4169 455 4221 14
496 4170 619 4222 uun
658 4170 911 4238 putarent
952 4170 990 4233 (i
1042 4171 1133 4232 er.)
1184 4169 1259 4222 13²
1306 4174 1368 4222 ut
1412 4170 1670 4238 putarent
1709 4169 1753 4223 S
1808 4174 1870 4223 ut
1916 4170 2228 4265 inputarent
2277 4165 2402 4218 MG
2583 4182 2689 4217 non

385 4284 629 4338 uenisset
683 4286 713 4338 b
826 4286 892 4338 15
932 4284 1107 4353 ipsum
1146 4302 1246 4339 om
1293 4286 1339 4337 G
1482 4286 1544 4337 17
1604 4284 1921 4337 hebreorum
1985 4283 2031 4335 C
2146 4283 2212 4335 19
2269 4279 2604 4344 naturaleter
2649 4279 2695 4334 S
2751 4270 2756 4275 ⁹

384 4374 457 4427 28
492 4373 771 4427 iudeorum
812 4373 858 4425 G
1425 4368 1437 4392 ¹

444 4498 577 4536 xxv.
610 4498 730 4546 Aug.
762 4501 875 4537 sect.
901 4500 940 4539 8.
2405 4476 2476 4529 32
