3159 4984
501 425 628 487 202
1189 422 1242 475 S.
1302 422 1572 475 Aureli
1631 422 2065 491 Augustini

495 617 814 682 catholica
861 636 1028 693 eum,
1079 617 1142 681 in
1192 636 1315 699 quo
1364 618 1542 683 uenit
1588 617 1802 683 diuina
1849 620 2177 702 sapientia,
2234 626 2457 686 natum
2514 644 2653 689 esse
2710 626 2787 690 de

496 723 765 808 uirgine,
815 744 959 789 cum
1008 742 1126 789 uos
1176 743 1341 802 eum,
1390 724 1455 789 in
1494 744 1619 807 quo
1660 725 1955 809 spiritum
1996 730 2287 792 sanctum
2329 730 2583 795 uenisse
2618 750 2793 814 prae-

496 830 744 908 dicatis,
793 835 1014 895 natum
1067 831 1143 895 de
1193 831 1428 896 femina
1472 832 1611 897 uiro
1649 832 1845 897 mixta
1881 833 2041 898 nihil
2078 834 2406 900 horreatis.
2456 836 2607 920 quid
2646 857 2791 923 ergo

495 937 669 1003 aliud
735 937 1024 1021 suspicer
1087 940 1335 1015 nescio,
1403 939 1528 1005 nisi
1596 940 1745 1021 quia
1808 940 1933 1005 iste
1998 940 2442 1017 Manichacus,
2511 944 2621 1025 qui
2683 965 2795 1027 per

499 1044 736 1110 Christi
781 1064 1010 1110 nomen
1059 1044 1141 1108 ad
1177 1045 1589 1128 inperitorum
1631 1047 1877 1113 animos
1916 1047 2160 1111 aditum
2200 1048 2465 1129 quaerit,
2502 1069 2614 1132 pro
2650 1049 2791 1133 ipso
2826 1074 2852 1115 s

495 1149 746 1218 Christo
815 1170 884 1217 se
941 1151 1064 1218 coli
1121 1152 1352 1217 uoluit.
1420 1152 1543 1219 hoc
1600 1153 1768 1218 unde
1827 1153 2157 1231 coniciam,
2222 1154 2503 1220 breuiter
2566 1156 2789 1221 dicam.

495 1277 641 1323 cum
689 1277 954 1342 saepe-a
989 1258 1178 1324 uobis
1219 1276 1585 1341 quaererem
1622 1259 1735 1325 illo
1774 1263 2078 1342 tempore.
2118 1280 2243 1343 quo
2280 1280 2399 1327 uos
2440 1262 2789 1338 audiebam,

495 1384 655 1447 quae
705 1326 916 1431 caus}
945 1368 1138 1443 esset,
1188 1366 1358 1448 quod
1405 1366 1644 1448 pascha
1682 1366 1923 1431 domini
1958 1367 2331 1449 plerumque
2369 1368 2565 1445 nulla,
2604 1370 2791 1435 inter-

495 1471 648 1535 dum
724 1492 758 1536 a
833 1472 1052 1555 paucis
1131 1472 1536 1555 tepidissima
1610 1474 1977 1539 celebritate
2049 1474 2534 1557 frequentaretis
2596 1477 2791 1541 nullis

501 1579 768 1663 uigiliis,
807 1580 984 1643 nullo
1024 1579 1357 1662 prolixiore
1395 1578 1632 1645 ieiunio
1668 1578 1908 1644 indicto
1949 1580 2365 1659 auditoribus,
2406 1583 2582 1646 nullo
2621 1583 2791 1648 deni·
2828 1606 2881 1645 ιο

494 1705 616 1769 que
663 1686 992 1751 festiuiore
1039 1686 1364 1769 adparatu,
1415 1704 1562 1749 cum
1609 1685 1795 1749 bema
1840 1690 2149 1763 uestrum,
2176 1687 2263 1754 ¹id
2302 1691 2402 1753 est
2438 1688 2627 1764 diem,
2666 1709 2789 1772 quo

496 1793 909 1858 Manichacus
958 1793 1211 1858 occisus
1262 1796 1380 1870 est,
1430 1794 1708 1876 quinque
1767 1794 2069 1878 gradibus
2124 1796 2437 1861 instructo
2493 1795 2793 1860 tribunali

497 1904 564 1963 et
619 1900 916 1983 pretiosis
973 1900 1188 1966 linteis
1248 1900 1548 1987 adornato
1606 1902 1798 1983 atque
1854 1901 1917 1965 iu
1973 1905 2271 1986 promptu
2317 1901 2527 1984 posito
2576 1905 2641 1967 et
2686 1902 2791 1967 ob-

495 2004 664 2071 iecto
721 2006 1130 2072 adorantibus
1185 2008 1434 2091 magnis
1488 2006 1838 2072 honoribus
1894 2007 2400 2090 prosequamini:
2466 2006 2589 2072 hoc
2644 2027 2791 2093 ergo

498 2131 644 2176 cum
693 2132 1078 2195 quaererem,
1129 2114 1629 2198 respondebatur
1684 2114 1821 2179 eius
1879 2114 2046 2179 diem
2102 2114 2419 2197 passionis
2476 2115 2791 2179 celebran-
2833 2138 2883 2177 15

499 2219 650 2283 dum
699 2238 860 2296 esse,
911 2220 1020 2302 qui
1065 2239 1215 2285 uere
1260 2239 1488 2303 passus
1537 2224 1745 2296 esset3
1797 2220 2121 2285 Christum
2168 2223 2401 2297 autem,
2449 2221 2559 2302 qui
2604 2225 2791 2286 natus

498 2346 620 2391 non
659 2330 851 2404 esset,
891 2347 1093 2410 neque
1134 2346 1370 2405 ueram,
1411 2328 1524 2393 sed
1561 2328 1927 2393 simulatam
1965 2347 2217 2393 carnem
2254 2328 2549 2393 humanis
2589 2327 2791 2393 oculis

499 2434 905 2509 ostendisset,
973 2454 1095 2500 non
1150 2435 1512 2518 pertulisse,
1571 2434 1685 2499 sed
1740 2434 1991 2500 finxisse
2046 2436 2427 2518 passionem.
2477 2434 2621 2518 quis
2668 2455 2793 2501 non

499 2544 827 2624 gemescat
871 2541 1181 2611 homines,
1232 2541 1342 2623 qui
1387 2560 1458 2605 se
1503 2540 1882 2607 christianos
1940 2540 2064 2605 dici
2119 2542 2366 2612 uolunt,
2423 2541 2665 2615 timere,
2714 2562 2793 2607 ne

499 2646 822 2729 polluatur
859 2648 1098 2711 ueritas
1139 2647 1213 2712 de
1253 2647 1523 2731 uirginis
1561 2650 1765 2723 utem,
1806 2651 1872 2713 et
1901 2647 1977 2711 de
2006 2647 2337 2713 mendacio
2366 2666 2489 2715 non
2518 2649 2741 2714 timere
2763 2654 2793 2713 ‘e
2828 2670 2882 2709 ω

497 2752 610 2817 sed
657 2757 734 2818 ut
780 2753 860 2819 ad
906 2773 1042 2818 rem
1088 2753 1362 2829 redeam,
1423 2754 1596 2835 quis-
1624 2774 1749 2819 non
1810 2753 2191 2837 suspicetur,
2251 2771 2401 2819 cum
2458 2754 2798 2839 diligenter

500 2859 875 2938 adtenderit,
923 2860 1068 2926 ideo
1117 2861 1332 2944 negari
1381 2880 1416 2924 a
1460 2860 1834 2927 Manichaeo
1884 2860 2207 2926 Christum
2258 2865 2480 2926 natum
2528 2880 2669 2927 esse
2718 2862 2794 2926 de

497 2966 733 3031 femina
789 2973 852 3033 et
908 2967 1258 3032 humanum
1317 2986 1546 3050 corpus
1602 2967 1926 3043 habuisse,
1992 2988 2072 3033 ne
2138 2968 2351 3052 passio
2410 2968 2569 3046 eius,
2626 2968 2795 3051 quod

497 3072 701 3137 totius
765 3074 891 3138 iam
961 3074 1128 3139 orbis
1196 3074 1619 3139 festissimum
1684 3078 1939 3158 tempus
2006 3077 2127 3141 est.
2184 3074 2261 3139 ab
2321 3075 2433 3151 eis,
2500 3074 2611 3157 qui
2672 3073 2796 3139 sibi

501 3178 936 3257 credidissent,
987 3180 1413 3246 celebraretur
1458 3184 1522 3245 et
1567 3200 1692 3246 non
1738 3184 1913 3246 tanta
1972 3180 2310 3247 deuotione
2359 3182 2527 3247 diem
2572 3180 2795 3245 mortis
2832 3200 2883 3240 25

570 3338 600 3392 1
643 3336 928 3408 catholica]
971 3338 1240 3393 catholica
1296 3338 1524 3393 ecclesia
1567 3338 1790 3393 TSGRo
1992 3356 2111 3393 esse
2148 3355 2250 3393 om.
2290 3340 2322 3393 b
2468 3338 2501 3392 2
2540 3354 2705 3409 quum
2741 3338 2798 3391 P

495 3427 531 3480 5
568 3425 938 3497 imperitorum
964 3428 1021 3481 P
1161 3426 1401 3481 animum
1428 3427 1484 3481 P
1627 3426 1873 3482 additum
1902 3427 1955 3481 V
2060 3416 2169 3499 iffi
2192 3428 2311 3499 ipso
2338 3426 2421 3480 Tb
2522 3426 2554 3479 ¹7
2592 3440 2719 3495 sepe
2747 3424 2799 3477 T

497 3532 528 3569 a
562 3516 626 3573 (s,
657 3515 716 3578 1.)
738 3513 801 3567 H
931 3513 1216 3569 audiebam
1249 3516 1289 3581 (i
1314 3532 1356 3569 s.
1387 3517 1444 3583 l.)
1477 3516 1541 3569 H
1646 3516 1681 3570 8
1720 3516 1920 3586 pascha
1948 3520 2096 3585 esset
2136 3514 2187 3567 V
2328 3513 2534 3567 domiui
2574 3513 2616 3579 (i
2652 3528 2789 3567 corr.

496 3620 564 3659 ex
602 3616 651 3671 e)
691 3604 756 3659 H
896 3602 1046 3658 nulla
1087 3606 1140 3671 (a
1175 3606 1238 3659 in
1271 3620 1386 3659 ras.
1422 3604 1540 3659 uid.
1597 3620 1734 3659 corr.
1789 3620 1900 3659 esse
1952 3620 2018 3659 ex
2072 3602 2305 3671 nullum)
2356 3602 2424 3657 H
2452 3601 2664 3657 nullum
2706 3600 2789 3655 Tb

496 3694 529 3747 9
560 3693 875 3765 celebritate
901 3692 950 3746 T
1091 3693 1524 3764 frequentaretur
1553 3693 1656 3746 VT
1762 3694 1833 3748 10
1851 3692 2060 3763 uigiliis
2084 3692 2123 3759 (i
2141 3694 2239 3759 fin.
2260 3708 2304 3747 s.
2327 3692 2384 3753 1.)
2405 3690 2473 3745 H
2612 3688 2787 3745 audit.

495 3783 691 3838 uestris
713 3782 744 3837 b
861 3784 925 3837 11
946 3782 1245 3845 festiuiore,
1267 3801 1298 3836 a
1318 3786 1512 3852 paratu
1529 3781 1598 3835 H
1736 3785 1999 3853 apparatu
2019 3782 2074 3836 P
2163 3798 2329 3852 quum
2347 3781 2404 3834 P
2545 3784 2790 3834 uestrum

493 3870 654 3926 bema
690 3871 723 3926 b
872 3872 938 3926 13
994 3871 1281 3943 praetiosis
1320 3872 1438 3925 ΡΗ
1444 3872 1493 3924 T
1635 3870 1898 3925 adornat-u
1926 3871 1982 3923 P
2140 3871 2329 3940 atque]
2384 3886 2445 3923 ac
2498 3867 2790 3925 TRSGVb

493 3966 745 4034 promptu
784 3970 846 4031 (p
881 3978 926 4015 s.
966 3961 1024 4028 l.)
1072 3960 1135 4024 T,
1176 3964 1229 4029 (ο
1267 3962 1330 4014 in
1367 3978 1400 4014 11
1439 3967 1596 4025 corr.)
1648 3960 1701 4011 V
1732 3964 1947 4030 promtu
1983 3960 2040 4013 P
2210 3958 2279 4014 14
2316 3958 2701 4013 adornantibus
2738 3956 2795 4011 P

495 4068 596 4122 ego
627 4052 658 4105 b
771 4052 836 4105 15
875 4052 1018 4121 cum]
1057 4067 1219 4120 quum
1249 4051 1306 4104 P
1338 4066 1440 4105 om.
1479 4048 1533 4102 V
1671 4048 2086 4119 respontebatur
2121 4048 2176 4102 V
2282 4046 2349 4102 16
2388 4048 2552 4115 esset]
2592 4050 2676 4100 est
2710 4046 2757 4099 T
2756 4044 2789 4099 ὸ

497 4168 561 4220 17
601 4184 730 4221 uera
757 4167 812 4220 P
953 4164 1243 4220 similanda
1260 4164 1324 4219 H
1369 4164 1673 4219 simulanda
1690 4165 1799 4218 LT
1819 4131 2127 4231 simulatzm
2166 4164 2219 4217 V
2250 4128 2618 4228 simulatam(m
2658 4162 2788 4216 add.

491 4272 562 4311 m.
587 4257 636 4323 1)
659 4256 716 4309 P
787 4256 853 4310 19
872 4256 1206 4326 ingemescat
1223 4253 1290 4307 H
1312 4254 1636 4324 ingemiscat
1658 4253 1893 4309 TGSVb
1965 4254 2037 4308 20
2062 4252 2336 4307 mendatio
2356 4251 2482 4305 HV
2549 4252 2611 4305 21
2647 4253 2789 4321 cum]

494 4344 586 4415 qui
607 4344 671 4397 H
677 4344 726 4398 Τ
731 4344 821 4398 OS
829 4343 912 4397 Vb
986 4342 1342 4435 220aspiceret
1361 4342 1667 4397 attenderet
1688 4342 1739 4397 V
1754 4342 2051 4398 attenderit
2070 4342 2123 4395 P
2194 4344 2261 4395 24
2281 4342 2456 4395 tocius
2483 4340 2531 4393 Τ
2546 4339 2792 4411 potiusP
