3159 4984
511 466 641 531 206
1208 466 1260 518 S.
1319 465 1593 519 Aureli
1650 466 2093 535 Augustini

508 666 848 744 postquam
912 659 1200 725 ascendit
1253 659 1318 723 in
1367 660 1609 723 caelum
1672 659 1891 724 decem
1958 660 2183 726 diebus
2246 662 2625 725 transactis:
2693 661 2812 743 qui

507 786 809 831 numerus
856 766 1308 850 perfectionem
1357 764 1694 849 significat.
1744 784 1889 831 cum
1939 766 2293 849 septenario
2342 786 2625 832 numero,
2676 786 2801 849 quo

509 874 764 939 condita
828 874 1131 937 uniuersa
1197 873 1588 949 consistunt,
1658 871 1913 935 additur
1974 872 2225 937 trinitas
2292 873 2663 939 conditoris,
2733 874 2811 939 de

508 980 740 1063 quibus
795 981 986 1044 rebus
1043 980 1207 1043 inter
1263 978 1578 1061 spiritales
1636 978 1809 1043 uiros
1867 977 1969 1061 pie
2028 982 2336 1061 cauteque
2392 980 2599 1043 multa
2644 983 2807 1043 trac·

506 1092 740 1151 tantur.
793 1087 905 1151 sed
953 1106 1070 1170 ego
1120 1104 1156 1149 a
1201 1085 1525 1168 proposito
1572 1104 1697 1149 non
1745 1086 2072 1154 recedam:
2125 1086 2381 1167 suscepi
2418 1086 2587 1149 enim
2626 1087 2802 1169 prius
2844 1108 2871 1147 5

507 1194 841 1259 uobiscum
892 1194 984 1258 sic
1032 1211 1239 1276 agere.
1279 1194 1354 1256 ut
1398 1210 1522 1256 non
1570 1210 1690 1255 uos
1740 1210 1859 1274 ego
1907 1191 2191 1266 doceam,
2240 1191 2409 1274 quod
2458 1194 2803 1276 superbum

505 1301 773 1366 fortasse
825 1300 1235 1364 arbitramini.
1285 1298 1398 1363 sed
1445 1302 1773 1381 tamquam
1824 1299 1959 1382 ipse
2010 1318 2045 1362 a
2100 1300 2285 1364 uobis
2355 1299 2595 1363 discere
2674 1304 2807 1363 stu-

514 1407 715 1485 deam,
764 1407 934 1489 quod
979 1426 1211 1471 nouem
1251 1406 1428 1470 annis
1466 1426 1591 1471 non
1629 1406 1829 1488 potui.
1879 1410 2259 1489 quapropter
2303 1407 2527 1483 habeo,
2576 1406 2808 1488 quibus

505 1514 736 1578 litteris
787 1514 1041 1577 credam
1089 1512 1166 1577 de
1215 1512 1493 1577 aduentu
1543 1512 1807 1595 spiritus
1848 1514 2088 1579 sancti:
2140 1514 2370 1595 quibus
2409 1534 2511 1577 me
2550 1513 2802 1579 credere

510 1623 562 1685 si
627 1621 998 1703 prohibetis.
1068 1639 1144 1683 ne
1210 1624 1446 1683 temere
1513 1620 1763 1683 credam
1829 1620 1997 1701 quod
2064 1622 2276 1685 nescio
2334 1658 2421 1667 —
2480 1620 2572 1685 sic
2638 1620 2805 1683 enim
2846 1639 2903 1679 ιο

509 1728 729 1793 soletis
779 1747 1033 1794 monere
1073 1764 1180 1803 -.,
1231 1728 1434 1793 multo
1483 1728 1695 1792 minus
1742 1729 1976 1793 uestris
2015 1728 2249 1793 litteris
2288 1727 2559 1793 credam.
2609 1746 2801 1809 quare

510 1838 620 1899 aut
667 1853 884 1899 omnes
931 1834 1128 1899 libros
1178 1834 1417 1898 auferte
1464 1833 1541 1897 de
1592 1834 1799 1899 medio
1850 1838 1915 1898 et
1961 1834 2341 1917 disputando
2388 1834 2645 1918 pandite
2696 1852 2804 1898 ue-

505 1941 781 2010 ritatem.
833 1940 910 2005 de
959 1958 1084 2022 qua
1121 1939 1410 2005 dubitare
1448 1959 1570 2004 non
1608 1940 1873 2022 possim,
1914 1944 2027 2003 aut
2060 1941 2226 2004 tales
2264 1941 2535 2023 proferte
2575 1940 2801 2017 libros,

507 2046 740 2128 quibus
807 2066 930 2111 non
995 2047 1155 2111 mihi
1223 2066 1366 2111 cum
1433 2046 1805 2130 adrogantia
1866 2047 2225 2129 inponatur,
2292 2046 2460 2129 quod
2527 2046 2803 2123 credam,

506 2152 618 2215 sed
667 2152 1036 2217 exhibeatur
1081 2155 1216 2219 sine
1263 2154 1503 2219 fraude.
1553 2154 1724 2236 quod
1774 2154 2037 2220 discam.
2102 2154 2393 2219 fortasse.
2450 2153 2684 2235 inquis,
2736 2154 2803 2216 et
2844 2170 2897 2211 ιο

505 2258 658 2323 haee
709 2261 988 2342 epistula
1033 2261 1182 2327 talis
1231 2264 1348 2326 est.
1417 2261 1561 2325 nolo
1622 2279 1772 2343 ergo
1830 2261 1893 2323 in
1944 2261 2081 2325 eius
2126 2260 2345 2324 limine
2390 2260 2663 2325 ulterius
2711 2260 2803 2323 in-

503 2365 775 2431 morari:
825 2366 1122 2429 interiora
1168 2365 1519 2429 uideamus.

603 2473 702 2535 11.
756 2472 966 2535 Haec
1015 2474 1210 2543 sunt,
1258 2472 1525 2553 inquit,
1575 2473 1917 2537 salubria
1962 2475 2190 2537 uerba
2241 2494 2317 2537 ex
2366 2473 2675 2557 perenni
2722 2491 2805 2537 ac

505 2578 689 2641 uiuo
729 2578 974 2645 fonte:
1027 2597 1212 2660 quae
1261 2580 1386 2661 qui
1437 2580 1771 2644 audierit
1820 2584 1893 2645 et
1938 2580 2175 2645 isdem
2214 2581 2531 2663 primum
2572 2579 2803 2645 credi-

503 2683 716 2754 derit.
776 2684 944 2750 dein
971 2686 1076 2756 de.
1136 2706 1320 2768 quae
1377 2687 1793 2755 insinuant.
1854 2688 2335 2764 custodierit,
2394 2706 2795 2770 numquam
2842 2704 2901 2743 ²⁰

502 2792 652 2855 erit
704 2794 938 2858 morti
996 2794 1382 2868 obnoxius,
1440 2812 1700 2858 uerum
1760 2798 2071 2860 aeterna
2127 2799 2201 2860 et
2256 2795 2597 2879 gloriosa
2640 2794 2805 2859 uita

503 2898 824 2963 fruetur.
876 2918 1040 2963 nam
1088 2900 1430 2983 profecto
1477 2900 1749 2965 beatus
1800 2904 1921 2965 est
1966 2902 2442 2977 iudicandus,
2492 2900 2619 2983 qui
2666 2900 2803 2963 hac

504 3004 768 3069 diuina
821 3006 1258 3070 instructus
1317 3005 1761 3089 cognitione
1819 3008 2087 3083 fuerit,
2153 3028 2283 3090 per
2347 3026 2563 3090 quam
2620 3007 2803 3071 libe-

507 3115 722 3176 ratus
762 3113 834 3175 in
876 3112 1338 3195 sempiterna
1380 3114 1542 3176 uita
1578 3115 2071 3196 permanebit.
2114 3114 2390 3191 ethaeo,
2430 3116 2506 3178 ut
2540 3113 2801 3189 uidetis,

507 3218 888 3299 pollicitatio
957 3222 1074 3288 est.
1141 3220 1422 3285 nondum
1489 3219 1791 3285 exhibitio
1848 3221 2177 3288 ueritatis:
2247 3225 2313 3285 et
2364 3239 2483 3285 uos
2549 3238 2803 3302 quoque
2834 3238 2889 3278 ιτ,

509 3324 1006 3389 animaduertere
1037 3326 1340 3391 facillime
1371 3327 1646 3409 potestis
1684 3327 1811 3392 isto
1850 3328 2165 3391 uelamine
2203 3328 2524 3411 quoslibet
2562 3346 2800 3393 errores

505 3430 706 3494 fucari
733 3450 945 3513 posse,
975 3435 1050 3495 ut
1077 3432 1490 3516 inperitorum
1530 3434 1757 3497 animis
1794 3453 1907 3517 per
1936 3437 2217 3498 ornatam
2247 3434 2499 3498 ianuam
2532 3435 2804 3498 latenter

505 3536 816 3620 inrepant.
871 3538 924 3602 si
973 3540 1140 3603 enim
1191 3539 1460 3604 diceret:
1509 3540 1667 3604 haec
1716 3544 1867 3605 sunt
1911 3541 2212 3623 pestifera
2256 3541 2453 3605 uerba
2498 3560 2569 3604 ex
2616 3558 2803 3604 uene-

506 3663 661 3709 noso
708 3645 918 3719 fonte3
991 3665 1150 3728 quae
1208 3646 1317 3727 qui
1375 3646 1645 3709 audierit
1702 3651 1768 3710 et
1840 3648 2044 3712 isdem
2100 3647 2373 3731 primum
2447 3646 2803 3723 crediderit,

580 3863 605 3916 1
664 3862 952 3917 transactis
1011 3869 1168 3927 (corr.
1225 3880 1290 3918 ex
1343 3863 1612 3931 tractatis)
1664 3863 1716 3916 V
1856 3865 1891 3917 4
1946 3864 2361 3933 interspiritales
2399 3863 2467 3915 H
2606 3864 2638 3915 5
2678 3866 2809 3915 ante

506 3951 600 4005 sed
637 3952 686 4006 K
725 3952 790 4006 H
964 3970 997 4006 a
1037 3956 1098 4020 (s.
1139 3954 1196 4019 l.)
1236 3952 1306 4005 H
1461 3951 1681 4006 disceda
1718 3952 1750 4005 b
1886 3953 1919 4005 6
1960 3968 2060 4021 ego
2098 3968 2195 4004 uos
2233 3952 2301 4004 H
2308 3950 2441 4003 VTb
2582 3952 2648 4004 12
2686 3952 2805 4019 aut]

508 4045 688 4094 autem
728 4044 770 4095 S
913 4046 1123 4096 uestros
1161 4041 1325 4094 libros
1365 4047 1456 4095 ces
1496 4040 1528 4093 b
1671 4040 1735 4094 13
1772 4057 1879 4093 non
1922 4042 1983 4098 (8.
2024 4042 2082 4097 1.)
2123 4040 2189 4093 H
2294 4040 2365 4093 14
2402 4040 2713 4109 arrogantia
2748 4040 2806 4093 P

505 4131 812 4201 imponatur
847 4132 902 4184 P
975 4132 1040 4183 15
1081 4130 1357 4183 exibeatur
1391 4130 1447 4183 P
1523 4130 1587 4182 16
1624 4130 1825 4183 lumine
1874 4132 1935 4182 1'1
2010 4130 2075 4182 17
2112 4130 2411 4199 posteriora
2449 4130 2530 4198 (in
2563 4133 2699 4195 rae.)
2750 4126 2803 4181 T

509 4220 576 4273 18
611 4219 798 4290 inquid
829 4220 897 4272 H
1035 4220 1292 4289 perhenni
1333 4219 1480 4272 sonte
1521 4236 1580 4272 ac
1619 4219 1746 4271 uiuo
1791 4219 1841 4272 T
1948 4218 2014 4271 19
2052 4217 2222 4271 isdem
2266 4217 2425 4271 TPH
2453 4216 2667 4271 hisdem
2714 4216 2797 4269 Vb

508 4310 574 4362 21
615 4308 856 4362 uerae-tia
895 4308 926 4361 b
1037 4310 1104 4362 25
1144 4308 1362 4361 exibitio
1401 4308 1456 4360 P
1560 4307 1629 4360 26
1670 4306 2087 4360 animaduertite
2122 4308 2178 4360 P
2310 4306 2566 4359 facillime
2604 4322 2707 4360 om.
2744 4304 2802 4358 P

508 4398 576 4450 27
597 4396 774 4466 fugari
797 4396 840 4447 1⁷
913 4395 1828 4465 imperitiorumHimperitorumP
1912 4394 2375 4462 animislannisP
2444 4392 2513 4445 ⁶29
2533 4390 2810 4446 hisdemT
