3159 4984
993 443 1086 497 VI.
1145 443 1438 499 Contra.
1493 444 1865 497 Faustum
1916 443 2047 497 lib.
2106 445 2209 498 111.
2599 449 2727 513 265

433 642 711 707 filiorum
759 638 928 722 apud
973 650 1184 721 patres
1231 641 1483 704 nostros
1533 642 1599 703 et
1644 639 1708 703 in
1756 639 2085 722 scripturis
2135 640 2374 704 sanctis
2423 641 2729 704 usitatum

437 750 542 815 sit.
610 766 774 831 quae
837 746 1167 829 inpietatis
1236 746 1556 811 dementia
1618 746 1997 829 praecipitat
2058 745 2237 828 prius
2302 748 2731 831 euangelistas

435 855 737 921 falsitatis
815 874 1109 937 arguere,
1187 853 1356 935 quod
1422 854 1709 918 diuersas
1774 854 2213 937 generationes
2282 874 2732 919 commemora-

435 966 686 1027 uerunt.
735 966 1061 1043 tamquam
1109 963 1379 1042 utraque
1427 980 1578 1025 uera
1616 979 1759 1025 esse
1796 980 1919 1025 non
1956 961 2183 1043 possit,
2224 980 2411 1043 quam
2452 963 2729 1045 cogitare

364 1091 396 1131 5
439 1076 506 1133 et
569 1068 906 1133 adtendere
972 1072 1039 1132 et
1101 1068 1340 1142 uidere,
1407 1067 1576 1149 quod
1638 1067 2017 1132 facillimum
2085 1072 2203 1145 est,
2271 1087 2456 1151 quam
2516 1071 2735 1135 crebra

435 1174 896 1241 consuetudine
945 1174 1197 1258 generis
1242 1174 1506 1239 humani
1552 1194 1721 1239 unus
1766 1175 1957 1239 homo
2017 1175 2177 1239 duos
2230 1178 2443 1258 patres
2502 1177 2731 1243 habere

433 1282 751 1366 potuerit:
802 1300 1020 1356 unum,
1065 1280 1248 1346 cuius
1295 1300 1480 1345 carne
1529 1282 1719 1347 homo
1768 1281 1855 1345 sit
1899 1282 2174 1365 genium,
2215 1282 2505 1351 alterum.
2546 1285 2730 1349 cuius

432 1391 788 1465 uoluntate,
840 1408 986 1453 cum
1033 1388 1160 1451 iam
1207 1388 1397 1453 homo
1445 1390 1638 1465 esset,
1695 1388 1867 1453 filius
1926 1389 2013 1453 sit
2066 1389 2455 1472 adoptatus?
2518 1392 2627 1473 qui
2676 1393 2731 1457 si

432 1515 552 1561 non
601 1499 772 1561 recte
814 1495 1047 1560 dicitur
1081 1498 1282 1577 pater,
1323 1514 1439 1559 nec
1475 1514 1592 1561 nos
1629 1503 1799 1560 recte
1840 1496 2150 1561 dicimus:
2197 1500 2413 1581 pater
2448 1501 2725 1575 noster,

341 1615 399 1654 1⁰
441 1604 566 1686 qui
614 1622 690 1668 es
737 1604 811 1667 in
861 1602 1122 1677 caelia,
1182 1602 1260 1677 ei,
1321 1603 1396 1666 de
1455 1603 1639 1667 cuius
1698 1604 2057 1667 substantia
2110 1603 2243 1667 nati
2298 1625 2421 1670 non
2478 1625 2723 1683 summ,

431 1711 544 1775 sed
592 1711 775 1775 cuius
826 1710 1030 1794 gratia
1077 1712 1142 1773 et
1177 1710 1775 1775 misericordissima
1810 1712 2143 1776 uoluntate
2182 1711 2465 1795 adoptati
2504 1731 2723 1777 secun-

364 1834 374 1841 ·
430 1816 582 1882 dum
633 1818 986 1883 doctrinam
1035 1818 1452 1902 apostolicam
1501 1819 1568 1883 et
1612 1817 2052 1883 fidelissimam
2101 1820 2453 1885 ueritatem.
2509 1820 2721 1901 ipsum

431 1925 664 2009 quippe
712 1926 1021 1989 habemus
1071 1927 1136 1989 et
1173 1924 1362 1989 deum
1403 1927 1470 1989 et
1504 1925 1831 1990 dominum
1872 1928 1937 1989 et
1970 1930 2254 2007 patrem:
2306 1924 2515 2000 deum,
2554 1925 2723 2007 quod

430 2031 506 2094 ab
553 2030 693 2113 ipso
744 2029 938 2093 etiam
987 2048 1059 2093 ex
1105 2030 1472 2095 hominibus
1519 2030 1889 2113 parentibus
1938 2030 2178 2096 conditi
2216 2050 2474 2104 sumus3
2525 2030 2721 2096 domi-

335 2148 390 2188 ¹⁵
431 2156 604 2205 num.
653 2136 824 2220 quod
881 2136 939 2200 ei
997 2137 1239 2201 subditi
1297 2156 1559 2213 sumus;
1626 2139 1893 2221 patrem,
1953 2136 2124 2219 quod
2188 2137 2325 2202 eius
2382 2138 2719 2222 adoptione

421 2246 618 2307 renati
671 2262 915 2307 sumus.

511 2350 726 2415 Facile
781 2350 908 2414 fuit
954 2369 1104 2433 ergo
1153 2350 1470 2433 religiosis
1517 2351 2095 2433 perscrutatoribus
2144 2351 2501 2417 diuinarum
2546 2353 2715 2417 litte-

423 2478 635 2521 rarum
684 2457 1153 2539 aliquantulum
1203 2456 1601 2521 considerare
1648 2461 1712 2522 et
1766 2458 1984 2523 uidere
2038 2458 2101 2523 in
2161 2458 2429 2523 diuersis
2478 2459 2715 2525 Christi

423 2564 943 2647 generationibus
992 2583 1028 2627 a
1077 2564 1327 2629 duobus
1367 2564 1785 2648 euangelistis
1825 2567 2357 2641 commemoratiS‚
2396 2567 2713 2647 quomodo

323 2678 385 2717 ²⁰
427 2670 587 2735 duos
635 2674 845 2753 patres
894 2669 1107 2753 potuit
1152 2671 1383 2735 habere
1429 2671 1681 2754 Ioseph,
1739 2690 2009 2754 quorum
2058 2677 2575 2755 progeneratores
2624 2674 2713 2737 di-

419 2777 593 2861 uersi
641 2778 1108 2841 enumerentur.
1175 2776 1296 2842 hoc
1355 2780 1420 2841 et
1473 2796 1613 2854 uoS‚
1672 2779 1726 2843 si
1784 2778 2069 2843 studium
2119 2780 2541 2844 contentionis
2588 2800 2711 2845 non

419 2886 804 2953 excaecaret,
853 2883 1040 2948 facile
1086 2884 1304 2948 uidere
1351 2886 1637 2967 possitis,
1687 2885 1799 2951 sed
1846 2885 1924 2949 ab
1968 2886 2100 2950 illis
2146 2885 2304 2949 uiris
2350 2886 2473 2949 alia
2521 2886 2711 2949 etiam

419 2992 710 3073 quaesita
777 2994 842 3055 et
905 2992 1165 3055 inuenta
1242 2995 1420 3067 sunt,
1497 3010 1644 3057 cum
1712 3011 1930 3057 omnes
1996 2992 2217 3055 harum
2282 2992 2706 3057 narrationum

417 3100 632 3181 partes
662 3100 1146 3181 pertractarent;
1186 3097 1344 3162 haec
1383 3101 1597 3163 autem
1637 3116 1674 3162 a
1713 3102 1925 3163 uestro
1964 3098 2297 3162 intellectu
2335 3099 2709 3182 longissime

327 3214 390 3255 ²⁵
433 3207 680 3269 remota
725 3207 896 3269 sunt.
961 3206 1178 3287 itaque
1227 3206 1418 3269 etiam
1463 3205 1526 3270 in
1573 3206 1931 3271 Manichaei
1987 3224 2191 3271 errore
2246 3206 2598 3278 constituti,
2645 3208 2708 3272 id

421 3312 592 3395 quod
659 3313 722 3375 in
791 3313 982 3376 rebus
1049 3312 1344 3377 humanis
1409 3312 1544 3377 fieri
1612 3314 1797 3389 solet,
1856 3316 1930 3377 ut
1984 3312 2149 3377 alius
2215 3331 2400 3377 carne
2454 3318 2714 3397 generet

418 3417 646 3493 filium,
695 3418 860 3483 alius
910 3438 1058 3483 eum
1107 3419 1440 3484 uoluntate
1491 3418 1770 3502 adoptet,
1820 3438 1893 3483 ac
1940 3419 2031 3483 sic
2078 3438 2245 3483 unus
2294 3419 2454 3485 duos
2500 3423 2710 3503 patres

418 3526 675 3599 habeat,
744 3526 799 3590 si
863 3545 986 3590 non
1053 3527 1320 3591 aduerso
1400 3525 1610 3591 animo
1685 3526 2014 3610 legeretiS‚
2092 3525 2427 3609 cogitando
2494 3526 2710 3592 uidere

413 3632 712 3716 possetis,

595 3806 628 3859 9
665 3805 862 3860 Matth.
902 3806 952 3871 6,
992 3808 1023 3859 9

487 3930 518 3982 3
559 3928 770 3999 diuerse
809 3930 840 3983 b
987 3932 1020 3982 4
1076 3930 1285 3999 possint
1340 3928 1549 3983 LCMb
1732 3930 1765 3983 8
1822 3929 1985 3999 esset]
2024 3929 2100 3982 sit
2135 3928 2181 3983 S
2323 3931 2392 3982 10
2447 3931 2518 3999 ei]
2558 3934 2615 3994 et
2656 3930 2706 3983 (τ’

415 4022 472 4072 et
508 4018 682 4079 LMb.
719 4036 819 4073 om.
861 4019 906 4073 S
1075 4020 1140 4072 14
1180 4019 1260 4087 ex]
1301 4023 1356 4072 et
1393 4016 1445 4070 L
1621 4018 1687 4071 17
1724 4018 2245 4089 praescrutatoribus
2281 4019 2335 4072 L
2370 4022 2706 4088 praescruta-

413 4107 621 4161 toribns
659 4108 731 4160 Μ
887 4108 1129 4161 litterum
1173 4107 1221 4161 0
1378 4108 1441 4160 21
1485 4110 1923 4161 enumerarentur
1966 4106 2013 4160 G
2153 4107 2220 4161 22
2258 4108 2490 4177 possetis
2536 4106 2705 4161 Cimb

409 4194 484 4249 23
521 4196 734 4265 quesita
776 4194 824 4249 0
997 4196 1268 4249 rationum
1308 4194 1407 4249 SG
1577 4194 1649 4247 25
1687 4195 1851 4249 etiam
1888 4195 1945 4247 in
1985 4195 2465 4263 Immanicecitatis
2502 4199 2703 4259 terrore

416 4284 620 4345 (citatis
669 4301 712 4338 a.
761 4284 818 4353 l.)
871 4284 922 4338 G
959 4283 1592 4354 &iainimmanicecitatis
1638 4300 1811 4337 errore
1862 4282 2013 4350 (inim
2062 4289 2111 4337 et
2157 4284 2339 4338 citatis
2375 4284 2439 4337 in
2480 4289 2621 4351 raa.)
2662 4284 2709 4338 S

407 4372 482 4425 26
519 4372 764 4427 hamanis
805 4376 869 4434 (a.
910 4389 942 4426 a
979 4390 1014 4425 u
1054 4390 1107 4427 a.
1145 4390 1213 4426 m.
1254 4372 1302 4441 1)
1339 4372 1393 4425 L
1538 4377 1823 4443 generaret
1850 4372 1903 4424 L
