3159 4984
403 464 531 528 252
1116 462 1168 515 S.
1225 460 1500 515 Aureli
1555 460 1993 530 Augustini

400 658 647 721 abunde
695 657 946 721 detecta
983 655 1236 720 fallacia
1272 674 1308 719 a
1347 654 1717 721 doctissimo
1757 656 2007 720 scilicet
2043 659 2109 719 et
2147 657 2283 722 solo
2322 656 2505 722 nobis
2542 659 2693 741 post

395 763 658 829 beatum
704 765 944 846 patrem
991 766 1280 828 nostrum
1325 762 1771 828 Manichaeum
1819 764 2130 829 studendo
2176 764 2515 829 Adimanto
2564 782 2687 829 non

402 872 479 935 ab
525 890 592 935 re
639 870 852 935 uisum
902 873 1018 945 est,
1068 870 1292 933 fratres
1342 868 1671 942 carissimi,
1719 868 1875 933 haec
1924 888 2173 951 quoque
2231 870 2453 935 breuia
2506 870 2691 935 uobis

409 981 476 1042 et
521 976 826 1041 concinna
869 995 1172 1059 responsa
1214 980 1471 1059 propter
1517 975 1779 1040 callidas
1828 980 1893 1040 et
1936 978 2181 1041 astutas
2230 976 2684 1041 conferentium

403 1084 739 1149 nobiscum
783 1083 1251 1167 propositiones
1300 1082 1593 1161 scribere,
1653 1102 1777 1165 quo
1826 1102 1972 1147 cum
2018 1083 2186 1148 idem
2232 1103 2350 1149 uos
2400 1102 2472 1147 ex
2515 1103 2691 1149 more
2756 1104 2784 1143 ⁵

407 1191 687 1276 parentis
755 1192 856 1257 sui
921 1190 1228 1274 serpentis
1303 1189 1604 1274 captiosis
1669 1189 2125 1255 circumuenire
2190 1190 2690 1274 quaestiunculis

403 1298 749 1375 noluerint,
781 1300 846 1362 et
871 1296 996 1379 ipsi
1025 1296 1104 1360 ad
1138 1294 1647 1378 respondendum
1685 1296 2027 1379 uigilanter
2065 1296 2156 1360 eis
2197 1296 2336 1361 sitis
2373 1296 2692 1361 instructi.
2807 1320 2816 1323 ·

405 1405 500 1469 ita
538 1404 706 1469 enim
741 1404 872 1468 fiet.
903 1405 978 1467 ut
1013 1402 1090 1467 ad
1131 1421 1202 1467 ea
1237 1403 1395 1485 ipsa,
1436 1421 1597 1484 quae
1634 1402 2092 1485 proposuerint,
2130 1401 2383 1485 religati
2420 1400 2689 1466 ulterius

404 1512 532 1577 huc
581 1515 769 1593 atque
815 1510 972 1573 illuc
1018 1508 1236 1593 uagari
1283 1528 1406 1573 non
1453 1508 1721 1592 possint.
1790 1527 1864 1573 ac
1919 1528 1997 1573 ne
2043 1508 2303 1591 profusa
2348 1508 2693 1573 confusaue

407 1617 689 1682 oratione
735 1614 1086 1699 legentium
1141 1614 1598 1678 inundarentur
1650 1614 1924 1698 ingenia,
1982 1618 2112 1679 tam
2170 1615 2451 1679 breuiter
2506 1634 2697 1697 quam
2734 1636 2785 1675 ιο

410 1722 710 1788 distincte
784 1740 855 1785 ex
929 1719 1195 1785 aduerso
1275 1720 1397 1785 sibi
1469 1719 1755 1803 ipsorum
1829 1724 2017 1803 atque
2082 1724 2438 1788 nostrorum
2504 1722 2700 1787 uerba

407 1828 731 1895 constitui.

499 1938 560 2001 3.
627 1935 1093 2005 AUGUSTINUS
1157 1932 1517 2015 respondit:
1596 1932 1691 1997 Tu
1766 1934 2304 2000 semichristianos
2380 1936 2697 2001 canendos

336 2084 346 2093 ·
414 2046 626 2128 putas,
673 2040 843 2125 quod
879 2059 994 2105 nos
1034 2058 1174 2105 esse
1214 2039 1406 2114 dicis;
1453 2058 1570 2105 nos
1610 2043 1823 2105 autem
1860 2042 2482 2123 pseudochristianos
2522 2060 2703 2107 caue-

413 2170 578 2227 muS‚
647 2148 818 2234 quod
877 2168 996 2215 uos
1055 2168 1194 2215 esse
1251 2144 1669 2216 ostendimus.
1732 2168 1877 2214 nam
1935 2151 2104 2233 quod
2160 2169 2404 2215 semum
2462 2152 2581 2226 est,
2629 2168 2701 2213 ex
2742 2166 2793 2209 ιε

413 2255 685 2339 quadam
731 2258 908 2338 parte
953 2253 1391 2338 inperfectum.
1442 2274 1514 2318 ex
1568 2256 1745 2321 nulla
1800 2260 2013 2321 tamen
2073 2257 2307 2321 falsum
2366 2260 2481 2321 est.
2549 2254 2701 2339 quid

413 2382 560 2446 ergo
583 2366 612 2425 ⁶?
680 2361 734 2425 si
783 2358 1023 2441 aliquid
1071 2359 1252 2423 deest
1294 2358 1444 2424 fidei
1492 2378 1731 2433 eorum,
1789 2379 1949 2443 quos
2007 2361 2461 2427 circumuenire
2518 2378 2701 2426 cona-

411 2468 587 2543 mini,
637 2465 946 2549 numquid
999 2466 1144 2531 ideo
1201 2465 1267 2530 id
1326 2466 1494 2548 quod
1552 2466 1645 2531 eis
1702 2467 1883 2533 adest
1938 2468 2410 2545 destruendum,
2460 2486 2533 2533 ac
2580 2486 2703 2534 non

411 2576 628 2660 potius
673 2574 740 2639 id
788 2573 958 2656 quod
1006 2573 1189 2639 deest
1233 2575 1648 2640 astruendum
1704 2577 1847 2640 est?
1917 2576 2087 2641 sicut
2130 2575 2209 2640 ad
2257 2574 2566 2657 quosdam
2614 2574 2704 2639 in-

417 2682 730 2767 perfectos
759 2681 1026 2764 loquens
1058 2681 1387 2764 apostolus
1419 2682 1535 2746 ait:
1578 2681 1915 2765 gaudens
1956 2685 2030 2747 et
2065 2682 2331 2747 uidens
2370 2684 2702 2748 uestram
2738 2700 2795 2739 ιο

417 2787 1078 2855 conuersationem
1155 2790 1230 2852 et
1303 2787 1378 2851 id
1453 2788 1663 2870 quod·
1726 2788 1943 2853 deest
2016 2789 2203 2854 fidei
2266 2792 2568 2854 uestrae
2632 2788 2707 2853 in

415 2895 740 2961 Christ0.
801 2894 1096 2960 cernebat
1139 2895 1359 2977 utique
1409 2896 1724 2978 quandam
1769 2895 2071 2961 fabricam
2118 2896 2486 2980 spiritalem,
2536 2895 2705 2960 sicut

415 3003 566 3068 alibi
607 3002 801 3067 dicit:
852 3001 974 3067 dei
1023 3002 1472 3068 aedificatio
1522 3002 1732 3075 estis,
1782 3006 1847 3066 et
1890 3002 1955 3066 in
2004 3022 2079 3067 ea
2124 3002 2419 3068 cernebat
2463 3005 2707 3067 utrum—

416 3129 576 3193 que:
645 3114 710 3173 et
763 3108 930 3173 unde
989 3106 1293 3193 gauderet
1348 3111 1413 3173 et
1468 3110 1634 3174 unde
1702 3112 2039 3194 satageret.
2107 3108 2427 3194 gaudebat
2480 3127 2552 3173 ex
2608 3126 2713 3202 ec,

415 3216 585 3299 quod
629 3216 756 3280 iam
813 3214 1218 3279 aedificatum
1273 3213 1557 3292 uidebat,
1618 3216 1950 3299 satagebat
2004 3235 2075 3280 ex
2132 3235 2225 3293 eo,
2282 3214 2453 3298 quod
2506 3234 2709 3299 usque
2742 3232 2793 3271 2⁵

416 3322 494 3387 ad
569 3322 822 3387 culmen
896 3321 1301 3404 perfectionis
1368 3321 1575 3387 adhuc
1640 3323 2099 3388 aedificandum
2170 3342 2309 3388 esse
2375 3322 2706 3387 sentiebat.

412 3429 628 3512 itaque
676 3448 792 3493 nos
839 3447 1062 3495 reuera
1119 3427 1468 3494 catholicos
1528 3429 1808 3495 nondum
1862 3430 2201 3513 perfectos,
2266 3430 2378 3495 sed
2435 3429 2709 3512 quodam

590 3620 664 3676 20
701 3619 814 3677 col.
856 3622 906 3681 2,
944 3620 977 3671 5
1087 3620 1155 3674 ‘23
1194 3620 1260 3674 cf.
1299 3620 1323 3673 1
1360 3619 1481 3675 Cor.
1526 3620 1574 3687 3,
1614 3622 1648 3675 9

489 3766 515 3816 l
557 3764 768 3819 deiecta
806 3764 906 3818 SG
1093 3762 1306 3819 fallatia
1348 3764 1396 3818 G
1571 3763 1894 3819 doctossimo
1943 3768 2011 3833 (s.
2060 3783 2089 3819 o
2140 3782 2179 3819 a
2222 3782 2291 3819 m.
2328 3770 2361 3819 1
2395 3765 2414 3817 i
2454 3763 2615 3831 add.)
2652 3762 2707 3817 L

414 3853 447 3906 2
484 3853 824 3907 manicheum
870 3850 918 3907 0
1093 3852 1356 3906 studendo
1397 3852 1460 3906 δ’*
1620 3852 1907 3907 adamanto
1946 3853 2071 3908 862
2106 3852 2392 3908 adimando
2430 3852 2559 3906 LM
2589 3852 2704 3906 adi·

413 3946 596 3996 manto
633 3942 786 3997 P¹G¹
907 3942 941 3995 3
977 3940 1174 3998 tii-sum
1211 3941 1264 3994 L
1406 3940 1677 3996 karissimi
1696 3942 1770 3995 M
1799 3931 1912 3996 k'x‘n‘i
1936 3943 1985 3997 G
2086 3944 2121 3996 4
2160 3941 2437 3996 calidasL
2580 3958 2711 3995 con-

415 4028 730 4085 ferrentium
773 4029 821 4086 0
905 4034 937 4081 5
975 4030 1120 4084 idem
1155 4030 1430 4084 LGSMG
1567 4032 1603 4085 8
1640 4048 1745 4101 que
1789 4032 1837 4085 0
1942 4034 2003 4085 11
2037 4032 2325 4087 distinctae
2354 4031 2409 4085 L
2541 4031 2711 4085 uerba

415 4136 516 4173 om.
548 4118 650 4183 Lb,
683 4120 836 4185 (add.
865 4136 932 4173 m.
963 4122 1005 4173 2
1031 4135 1153 4174 cum
1181 4136 1339 4173 enan.
1369 4120 1509 4187 uid.)
1546 4120 1596 4175 0
1662 4120 1730 4175 13
1758 4137 1873 4190 cap.
1910 4120 1995 4175 111
2022 4119 2299 4175 LPSMG
2374 4120 2443 4175 15
2469 4120 2631 4175 semis
2657 4118 2709 4174 G

419 4208 484 4263 19
523 4212 608 4263 est
642 4225 746 4264 om.
785 4208 884 4263 SG'
1029 4208 1094 4262 21
1135 4207 1263 4263 fidei
1299 4208 1358 4273 (fi
1385 4224 1568 4277 paene
1604 4212 1794 4277 cua-n.)
1841 4207 1889 4264 0
2026 4210 2091 4265 In
2128 4208 2344 4265 Christo
2384 4208 2639 4265 cernebat
2675 4209 2709 4263 b

416 4298 486 4350 22
513 4296 770 4351 fabricam
801 4296 878 4365 (fa
895 4312 1080 4365 paene
1106 4301 1295 4363 euan.)
1332 4296 1380 4351 G
1509 4298 1751 4367 spnalem
1782 4298 1815 4351 b
1890 4298 1957 4351 24
1990 4297 2263 4352 Gauderet
2292 4299 2323 4351 b
2398 4298 2464 4351 27
2495 4314 2594 4353 uos
2628 4296 2707 4351 cb

419 4388 578 4458 qdam
622 4388 686 4443 0¹
