3159 4984
957 481 1046 532 VI.
1105 479 1390 533 Contra
1451 479 1815 531 Faustum
1873 476 2000 529 lib.
2056 476 2132 529 ΙΙ.
2538 478 2717 539 259,

386 672 806 736 tenebrarum.
876 688 1020 735 ecce
1069 670 1174 751 qui
1224 688 1292 733 se
1339 670 1589 753 fingunt
1631 668 1961 753 indignari,
2020 670 2187 751 quod
2234 670 2364 734 filio
2413 670 2507 733 dei
2560 670 2669 733 fiat

385 776 632 853 iniuria,
682 775 830 859 quia
877 796 1018 841 eum
1060 780 1278 839 natum
1319 776 1506 840 stella
1543 775 2009 840 demonstrasse
2048 775 2310 850 dicatur,
2348 778 2665 858 tamquam

387 882 640 966 genesis
690 882 828 948 eius
877 882 995 948 sub
1042 883 1222 947 fatali
1271 882 1753 947 constellatione
1804 883 1889 947 sit
1936 882 2303 955 constituta,
2343 901 2487 946 cum
2526 902 2669 947 eum

386 994 512 1077 ipsi
577 1010 700 1056 non
765 992 1016 1053 tantum
1084 990 1202 1053 sub
1270 989 1603 1054 stellarum
1671 987 2032 1053 conexione.
2100 987 2212 1051 sed
2274 988 2337 1051 in
2395 989 2669 1053 uinculis

323 1106 352 1145 ⁶
389 1100 673 1166 omnium
737 1100 1128 1161 terrenorum
1196 1100 1262 1161 et
1332 1096 1396 1160 in
1473 1095 1647 1160 sucis
1722 1095 2003 1159 omnium
2083 1096 2416 1159 herbarum
2483 1100 2547 1159 et
2607 1096 2670 1160 in

387 1206 719 1291 putredine
780 1204 1064 1269 omnium
1121 1204 1404 1268 carnium
1463 1206 1528 1267 et
1582 1202 1983 1284 corruptione
2040 1202 2323 1265 omnium
2388 1202 2672 1267 ciborum

391 1313 480 1376 ita
524 1312 796 1392 ligatum
847 1310 1294 1392 pollutumque
1343 1310 1755 1383 constituant.
1795 1310 1871 1371 ut
1908 1328 1977 1371 ex
2014 1326 2262 1391 magna.
2302 1328 2423 1373 non
2462 1313 2672 1373 tamen

391 1438 462 1482 ex
511 1418 648 1481 tota
692 1419 870 1499 parte
921 1414 1088 1479 solui
1134 1414 1514 1497 purgarique
1561 1433 1685 1479 non
1729 1414 1954 1498 possit.
2002 1414 2125 1477 nisi
2173 1417 2238 1478 et
2282 1413 2358 1477 ab
2406 1413 2671 1478 homini·

390 1526 532 1591 buS.
582 1524 807 1588 electis
853 1521 1160 1585 uidelicet
1203 1521 1739 1590 Manichaeorum.
1782 1522 1969 1585 etiam
2008 1522 2070 1585 in
2108 1520 2308 1604 porris
2348 1521 2673 1585 radiculis-

301 1641 356 1681 10
394 1651 514 1713 que
562 1633 867 1695 ructetur.

480 1739 563 1802 Et
609 1756 723 1802 nos
772 1736 1027 1819 quidem
1076 1737 1194 1801 sub
1242 1738 1374 1801 fato
1423 1737 1751 1801 stellarum
1802 1736 2043 1800 nullius
2078 1736 2354 1801 hominis
2393 1736 2673 1819 genesim

391 1842 710 1927 ponimus,
759 1845 834 1905 ut
876 1841 1149 1906 liberum
1201 1842 1533 1907 arbitrium
1582 1842 1957 1919 uoluntatiS,
2017 1860 2141 1923 qua
2193 1842 2301 1905 uel
2358 1842 2514 1905 bene
2571 1842 2673 1905 uel

391 1949 557 2013 male
613 1948 877 2024 uiuitur,
933 1950 1193 2031 propter
1244 1948 1487 2012 iustum
1542 1947 1853 2013 iudicium
1909 1948 2011 2011 dei
2056 1949 2132 2012 ab
2183 1948 2354 2013 omni
2402 1948 2674 2013 necessi-

391 2056 547 2119 tatis
613 2055 870 2120 uinculo
937 2054 1373 2121 uindicemus:
1444 2058 1679 2137 quanto
1744 2055 1957 2120 minus
2022 2055 2196 2119 illius
2258 2054 2671 2138 temporalem

303 2172 357 2213 ιδ
395 2160 866 2245 generationem
913 2162 1033 2225 sub
1083 2163 1397 2225 astrorum
1452 2160 1821 2225 condicione
1880 2160 2193 2226 credimus
2247 2162 2501 2239 factam,
2569 2160 2673 2243 qui

395 2274 494 2333 est
533 2272 826 2333 aeternus
866 2268 1310 2333 uniuersorum
1349 2271 1594 2333 creator
1630 2271 1695 2333 et
1731 2268 2048 2333 dominus.
2086 2269 2299 2351 itaque
2328 2269 2441 2332 illa
2469 2268 2675 2345 stella,

395 2393 584 2457 quam
633 2373 936 2439 uiderunt
980 2375 1171 2458 magi,
1224 2372 1476 2439 Christo
1535 2376 1883 2439 secundum
1939 2394 2187 2439 carnem
2234 2379 2381 2439 nato
2431 2394 2553 2440 non
2602 2374 2679 2437 ad

395 2482 719 2546 decretum
768 2482 1229 2559 dominabatur,
1277 2482 1390 2546 sed
1438 2480 1516 2545 ad
1561 2482 2000 2547 testimonium
2056 2482 2500 2561 famulabatur,
2560 2502 2676 2547 nec

395 2608 541 2652 eum
591 2588 945 2653 subiciebat
988 2587 1273 2671 imperio,
1325 2589 1436 2653 sed
1480 2588 1803 2653 indicabat
1848 2589 2171 2670 obsequio.
2236 2590 2495 2673 proinde
2554 2610 2675 2654 non

303 2702 360 2741 ¹⁰
399 2715 468 2758 ex
515 2695 646 2759 illis
695 2698 830 2759 erat
883 2696 1042 2760 haec
1099 2695 1327 2769 stellis,
1387 2714 1547 2778 quae
1605 2696 1681 2759 ab
1747 2696 1930 2759 initio
1998 2698 2317 2760 creaturae
2380 2696 2673 2759 itinerum

396 2820 658 2867 suorum
706 2801 982 2865 ordinem
1033 2802 1152 2865 sub
1201 2801 1498 2867 creatoris
1543 2804 1687 2885 lege
1736 2802 2125 2877 custodiunt,
2184 2802 2295 2867 sed
2341 2821 2507 2867 nouo
2555 2802 2675 2867 uir-

396 2906 564 2991 ginis
609 2912 793 2989 partu
855 2927 1096 2973 nouum
1153 2907 1332 2973 sidus
1390 2908 1699 2990 adparuit.
1767 2908 1937 2990 quod
1999 2907 2423 2973 ministerium
2489 2908 2677 2974 officii

398 3015 499 3079 sui
545 3014 736 3078 etiam
781 3013 940 3098 ipsis
977 3015 1181 3099 magis
1221 3015 1668 3097 quaerentibus
1708 3014 2049 3094 Christum,
2089 3034 2232 3079 cum
2272 3022 2415 3079 ante
2452 3014 2677 3079 faciem

396 3121 685 3204 praeiret,
736 3122 1038 3199 exhibuit,
1090 3121 1288 3187 donec
1337 3140 1445 3186 eos
1490 3140 1697 3202 usque
1745 3121 1823 3185 ad
1869 3120 2081 3203 ipsum
2126 3123 2361 3199 locum,
2426 3122 2535 3187 ubi
2581 3120 2679 3186 dei

301 3230 362 3271 ²⁵
395 3228 662 3291 uerbum
709 3228 916 3291 infans
965 3230 1116 3303 erat,
1165 3227 1520 3310 praeeundo
1566 3227 1957 3309 perduceret.
2027 3228 2133 3310 qui
2180 3229 2437 3293 tandem
2486 3231 2680 3293 astro-

394 3334 529 3417 logi
583 3334 676 3397 ita
733 3332 1197 3398 constituerunt
1251 3332 1580 3397 hominum
1636 3334 2032 3397 nascentium
2090 3334 2220 3398 fata
2275 3336 2391 3399 sub
2453 3336 2678 3409 stelliS,

395 3446 472 3503 ut
507 3440 783 3523 aliquam
823 3439 1152 3504 stellarum
1189 3438 1443 3505 homine
1482 3439 1695 3522 aliquo
1733 3440 1881 3505 nato
1922 3440 2221 3505 circuitus
2261 3441 2361 3505 sui
2400 3441 2679 3506 ordinem

395 3546 728 3629 reliquisse
779 3548 844 3609 et
892 3546 971 3609 ad
1020 3565 1185 3622 eum,
1244 3545 1353 3628 qui
1411 3548 1600 3610 natus
1660 3550 1777 3621 est,
1834 3547 2201 3629 perrexisse,
2261 3546 2681 3613 adseuerent‘?

398 3658 631 3719 sortem
680 3653 913 3736 quippe
961 3652 1277 3717 nascentis
1325 3656 1638 3717 astrorum
1689 3652 1889 3716 ordini
1938 3652 2243 3738 conligari
2282 3653 2678 3721 arbitrantur.

469 3826 501 3878 2
540 3826 667 3895 quia.
705 3824 844 3895 eum]
887 3826 1016 3895 qnia
1051 3842 1171 3879 cum
1198 3824 1251 3877 L
1289 3842 1448 3895 quem
1487 3841 1607 3880 cum
1636 3824 1684 3880 S
1788 3826 1821 3879 3
1860 3826 2049 3893 fastali
2082 3824 2130 3879 Ο
2271 3826 2614 3881 constituunt
2642 3827 2687 3881 S

395 3914 432 3967 4
467 3917 652 3968 tantus
689 3914 743 3968 L
905 3916 938 3968 5
975 3917 1342 3968 terraenorum
1385 3914 1433 3967 0
1571 3914 1743 3969 succis
1781 3914 1883 3969 Mb
2073 3914 2105 3967 6
2142 3915 2199 3969 in
2238 3915 2576 3985 corruptione
2614 3916 2683 3969 M

2278 3988 2567 4028 cauliculi-quo

393 4030 649 4099 cyborum
693 4028 742 4083 (J
933 4030 962 4082 7
1003 4032 1183 4083 tamen
1220 4044 1322 4083 om.
1362 4029 1462 4083 SG
1660 4030 1693 4084 8
1750 4032 1827 4099 et]
1882 4034 1945 4085 ut
1982 4030 2013 4083 b
2168 4030 2201 4083 9
2239 4030 2593 4101 padicilisque
2631 4030 2685 4085 P

402 4118 464 4171 11
501 4118 768 4172 stillarum
803 4118 896 4171 M¹
1033 4117 1099 4172 12
1139 4119 1266 4187 qua]
1303 4135 1408 4188 quo
1452 4118 1576 4173 GM
1686 4119 1750 4173 13
1786 4118 2041 4172 iuditium
2084 4119 2131 4173 Ο
2238 4119 2303 4173 15
2332 4122 2542 4174 astroru
2566 4122 2683 4189 [ΙΙΙ]

393 4205 702 4260 conditione
734 4208 903 4275 (spat.
935 4206 1110 4259 decem
1139 4205 1242 4258 litt.
1271 4222 1394 4260 uac.
1422 4208 1546 4273 rel.)
1575 4206 1652 4259 M
1773 4206 1838 4259 17
1878 4206 2131 4260 uiderant
2164 4205 2211 4260 0
2322 4207 2393 4261 20
2426 4207 2681 4261 itinerum

401 4296 468 4361 (ti
502 4310 566 4349 ατ
591 4297 675 4362 tu)
706 4294 760 4348 L
931 4295 998 4347 22
1038 4298 1251 4365 partum
1280 4294 1333 4347 L
1503 4296 1572 4349 23
1612 4294 1961 4366 querentibus
1998 4294 2045 4347 0
2221 4295 2291 4347 24
2320 4294 2595 4364 praehirct
2631 4295 2683 4347 L

395 4386 466 4440 25
507 4402 602 4440 uos
641 4402 758 4440 cum
798 4386 830 4440 b
940 4386 1007 4439 27
1048 4386 1300 4440 circuitus
1339 4386 1368 4439 b

2486 4490 2575 4541 17*
