3159 4984
897 434 984 486 VI.
1035 433 1328 487 Contra.
1383 433 1753 485 Faustum
1808 432 1941 486 lib.
2000 432 2169 485 xxn.
2530 433 2659 496 675

361 629 812 694 aduersitatem
859 627 1326 709 patientissime
1366 627 1687 691 sustineri.
1736 628 1997 709 proinde
2044 647 2154 710 per
2201 646 2469 709 quorum
2514 647 2659 693 con-

361 736 696 812 fessioneS,
745 734 1076 816 passiones
1125 737 1189 798 et
1233 736 1472 798 mortes
1519 734 1640 798 hoc
1690 733 1807 798 deo
1855 734 2098 816 placuit
2135 734 2459 812 adtestari,
2498 753 2661 799 mar-

362 847 535 926 tyres
602 842 1032 925 appellantur,
1100 841 1208 924 qui
1270 842 1466 905 latine
1531 845 1733 906 testes
1796 841 2327 924 interpretantur:
2396 861 2665 924 quorum

363 968 666 1014 numerus
731 952 950 1014 tantus
1018 949 1313 1017 effloruit.
1379 951 1474 1024 ut,
1535 949 1591 1012 si
1648 968 1755 1013 eos
1816 948 2131 1020 Christus,
2190 951 2297 1032 qui
2355 949 2431 1016 de
2491 956 2666 1021 caelo

302 1077 328 1116 ⁵
365 1056 629 1122 Saulum
687 1056 947 1121 uocauit
1002 1059 1067 1120 et
1121 1075 1192 1120 ex
1225 1037 1399 1137 'lupo
1453 1055 1698 1119 factum
1756 1074 1940 1120 ouem
1998 1057 2063 1120 in
2110 1058 2319 1123 medio
2367 1059 2665 1144 luporum

363 1163 563 1242 misit,
631 1166 1048 1247 congregatos
1114 1163 1315 1227 uellet
1376 1180 1617 1226 armare
1683 1165 1871 1244 atque
1930 1163 2227 1229 adiuuare
2286 1170 2667 1250 pugnanteS,

367 1271 537 1335 sicut
581 1271 906 1334 Hebraeos
953 1272 1164 1352 patres
1213 1269 1478 1334 adiuuit.
1528 1288 1689 1351 quae
1737 1272 1959 1352 gentes
2013 1272 2434 1336 resisterent?
2501 1295 2661 1358 quae

366 1395 560 1461 regna
623 1395 747 1442 non
822 1374 1166 1439 cederent?
1241 1374 1352 1440 sed
1428 1378 1504 1438 ut
1573 1375 2152 1458 praeclarissimum
2226 1379 2665 1447 testimonium

365 1483 624 1549 ueritati
687 1481 1160 1565 perhiberetur,
1227 1499 1354 1564 qua
1412 1481 1541 1545 iam
1608 1480 1959 1546 docendum
2026 1487 2161 1548 erat
2225 1505 2348 1550 non
2411 1491 2667 1572 propter

279 1609 332 1646 ιο
365 1590 782 1673 temporalem
826 1589 893 1652 in
929 1589 1048 1652 hac
1085 1587 1242 1666 uita,
1282 1587 1392 1652 sed
1431 1591 1686 1671 propter
1723 1592 2043 1653 aeternam
2081 1594 2229 1673 post
2265 1591 2426 1658 hanc
2464 1595 2665 1661 uitam

366 1697 738 1762 felicitatem
788 1695 906 1759 deo
954 1713 1094 1759 esse
1142 1694 1569 1772 seruiendum,
1611 1712 1685 1759 ea
1732 1715 1891 1777 quae
1940 1699 2138 1782 uulgo
2186 1696 2527 1766 infelicitas
2578 1702 2667 1767 di-

369 1805 534 1869 citur
575 1823 688 1886 pro
733 1803 848 1866 illa
892 1801 1199 1866 felicitate
1247 1800 1578 1866 subeunda
1622 1802 1830 1866 fuerat
1876 1807 1941 1867 et
1984 1803 2259 1870 ferenda.
2326 1807 2545 1890 itaque
2604 1811 2669 1875 in

366 1909 760 1994 plenitudine
805 1911 1166 1990 temporum
1213 1906 1383 1972 filius
1432 1906 1532 1970 dei
1578 1907 1787 1972 factus
1837 1927 1907 1972 ex
1954 1910 2241 1990 muliere,
2287 1912 2498 1979 factus
2548 1917 2666 1981 sub

367 2021 530 2102 lege.
576 2020 652 2081 ut
699 2035 830 2094 e08,
879 2013 988 2097 qui
1035 2015 1154 2078 sub
1202 2015 1343 2098 lege
1392 2019 1589 2091 erant,
1635 2015 1993 2096 redimeret,
2051 2017 2259 2084 factus
2309 2039 2381 2084 ex
2428 2021 2667 2087 semine

281 2141 331 2178 1⁵
369 2125 578 2190 Dauid
625 2121 976 2189 secundum
1024 2140 1276 2186 carnem
1311 2121 1516 2186 mittit
1553 2122 1905 2206 discipulos
1943 2125 2129 2189 uelut
2164 2145 2319 2191 oues
2355 2129 2421 2192 in
2458 2129 2668 2195 medio

369 2230 660 2316 luporum
713 2233 778 2294 et
822 2231 1060 2307 monet,
1109 2247 1187 2292 ne
1232 2229 1500 2293 timeant
1547 2249 1676 2307 eoS,
1736 2231 1843 2312 qui
1892 2249 2120 2314 corpus
2170 2234 2489 2316 occidunt,
2540 2237 2671 2300 ani-

369 2358 540 2403 mam
588 2341 801 2402 autem
847 2355 972 2401 non
1018 2339 1291 2418 possunt
1336 2336 1641 2414 occidere,
1680 2337 2000 2420 promittit
2046 2339 2235 2403 etiam
2282 2340 2487 2423 ipsius
2537 2363 2666 2408 cor-

371 2445 542 2528 poris
587 2440 1013 2507 renouandam
1066 2440 1499 2524 integritatem
1553 2460 1757 2523 usque
1804 2443 1882 2506 ad
1931 2443 2144 2527 capilli
2191 2446 2669 2530 reparationem,

371 2551 543 2616 Petri
599 2550 882 2633 gladium
937 2551 1198 2612 reuocat
1248 2545 1316 2611 in
1373 2549 1694 2632 uaginam,
1752 2568 1969 2614 aurem
2024 2551 2265 2616 inimici
2318 2554 2669 2636 praecisam
2758 2589 2765 2596 ·

284 2673 336 2711 2⁰
370 2661 618 2742 reparat
673 2656 750 2720 ad
803 2654 1138 2738 pristinam
1190 2654 1486 2734 formam,
1546 2655 1704 2720 dicit
1758 2676 1825 2721 se
1880 2657 2242 2742 legionibus
2299 2661 2669 2744 angelorum

369 2765 677 2848 imperare
733 2762 1020 2846 potuisse
1079 2760 1156 2824 ad
1212 2761 1512 2826 delendos
1568 2762 1893 2842 inimicoS,
1953 2765 2075 2829 nisi
2140 2765 2298 2828 calix
2354 2765 2667 2831 bibendus

375 2875 564 2949 esset,
613 2888 800 2951 quem
846 2871 1108 2951 paterna
1152 2868 1450 2932 uoluntas
1497 2868 1814 2948 dedisset,
1873 2869 2036 2934 bibit
2080 2871 2481 2955 praecedenS,
2530 2892 2669 2956 pro·

373 2977 549 3060 pinat
594 2975 1031 3057 sequentibus,
1078 2973 1386 3038 uirtutem
1441 2975 1785 3056 patientiae
1842 2996 1957 3042 suo
2012 2979 2257 3042 reuelat
2310 2982 2667 3062 praecepto,

376 3103 491 3148 suo
541 3083 870 3148 confirmat
927 3082 1231 3164 exemplo.
1297 3085 1608 3165 propter
1662 3082 1858 3164 qnod
1918 3083 2099 3148 deus
2156 3085 2375 3150 illum
2434 3087 2668 3152 susci-

285 3207 339 3248 25
378 3190 580 3253 tauit
625 3208 662 3252 a
707 3188 1033 3253 mortuis
1081 3192 1154 3252 et
1201 3189 1516 3253 donauit
1563 3191 1630 3252 ei
1678 3209 1972 3269 nomen,
2030 3192 2224 3273 quod
2283 3195 2399 3256 est
2446 3212 2671 3275 super

379 3315 590 3360 omne
637 3314 921 3374 nomen,
969 3299 1054 3360 ut
1099 3295 1170 3359 in
1217 3294 1514 3361 nomine
1560 3296 1737 3361 Iesu
1786 3316 1992 3361 omne
2042 3317 2234 3382 genu
2281 3299 2667 3378 flectatur,

378 3401 853 3479 caelestium,
891 3403 1374 3467 terrestrium
1411 3407 1483 3466 et
1511 3403 1996 3482 infernorum,
2034 3410 2107 3470 et
2136 3407 2375 3471 omnis
2404 3408 2670 3491 lingua

553 3649 587 3700 ὃ
625 3647 692 3701 cf.
729 3647 851 3700 Act.
889 3647 922 3700 9
1063 3647 1129 3701 14
1166 3647 1232 3701 cf.
1271 3647 1390 3702 Gal.
1428 3649 1482 3712 4,
1519 3650 1556 3702 4
1593 3665 1674 3719 sq.
1813 3649 1881 3702 15
1922 3649 1987 3704 cf.
2025 3649 2179 3705 Rom.
2224 3649 2271 3712 1,
2311 3649 2343 3702 3
2494 3650 2563 3704 18
2601 3651 2666 3704 cf.

373 3734 567 3790 Matth.
607 3735 690 3799 10,
733 3735 799 3789 16
838 3776 851 3788 .
891 3735 960 3789 28
1001 3776 1013 3790 .
1052 3735 1123 3790 30
1327 3737 1397 3789 22
1451 3738 1516 3790 cf.
1571 3737 1769 3790 Matth.
1824 3737 1911 3802 26,
1968 3737 2037 3790 52
2093 3753 2209 3807 sq.;
2266 3739 2393 3791 Luc.
2451 3737 2538 3802 22,
2596 3738 2659 3790 51

377 3827 432 3876 et
466 3823 570 3888 423
607 3823 726 3878 Ioh.
768 3824 851 3890 18,
893 3825 956 3878 11
1069 3825 1138 3878 24
1173 3825 1315 3879 Phil.
1355 3827 1404 3888 2,
1447 3826 1478 3878 9
1521 3864 1535 3878 .
1577 3826 1639 3879 11

451 3967 476 4019 1
514 3965 918 4036 pacientissime
963 3967 1010 4020 G
1165 3967 1432 4021 sustinere
1467 3965 1715 4022 SML¹G
1859 3969 1893 4021 2
1932 3967 2181 4022 attestari
2218 3969 2298 4022 L²
2426 3967 2459 4020 3
2496 3968 2665 4020 inter-

375 4054 680 4123 pra&antur
733 4053 786 4106 L
838 4056 1205 4123 interptantur
1264 4053 1408 4109 GSG-
1587 4057 1622 4110 5
1676 4055 1804 4125 lupo
1866 4057 1921 4124 (o
1977 4069 2043 4109 ex
2098 4071 2133 4108 u
2187 4071 2261 4110 m.
2319 4054 2344 4107 1
2408 4058 2566 4121 corr.)
2616 4053 2669 4107 L

379 4145 410 4196 6
449 4143 704 4198 adiuuare
743 4144 795 4212 (b
833 4145 894 4197 in
933 4161 966 4197 u
1005 4147 1162 4212 corr.)
1202 4143 1276 4196 M
1419 4143 1449 4196 7
1484 4143 1713 4198 hebreos
1756 4143 1805 4198 0
1926 4144 1959 4198 9
1998 4142 2123 4213 qua]
2164 4143 2257 4214 qui
2296 4144 2360 4197 M
2400 4144 2529 4214 quia
2564 4142 2667 4198 ΕΘ

380 4249 516 4302 quae
552 4232 630 4286 Ρ2
758 4233 822 4287 15
859 4231 1204 4299 medium-M
1329 4232 1396 4287 16
1434 4236 1490 4286 et
1524 4249 1627 4288 om.
1673 4232 1721 4286 0
1842 4234 1909 4287 19
1944 4232 2208 4302 precisum
2253 4231 2301 4286 Ο
2330 4232 2597 4303 precisum
2636 4231 2669 4285 b

377 4345 446 4399 22
482 4345 642 4416 bibit]
680 4346 824 4401 uiuit
851 4345 926 4400 L¹
1036 4347 1103 4401 23
1139 4303 1348 4414 τεέἑῖἑὶ
1389 4349 1546 4414 (corr.
1575 4364 1645 4401 m.
1675 4347 1727 4416 2)
1758 4347 1807 4402 s
1910 4347 1977 4400 25
2008 4347 2079 4417 ei]
2105 4347 2187 4401 illi
2219 4347 2319 4402 ΒΘ
2461 4355 2587 4401 nom
2616 4346 2669 4400 L

2458 4452 2561 4506 43*
