3159 4984
493 469 623 532 556
1200 472 1251 518 δ.
1310 464 1585 517 Aureli
1641 464 2078 533 Augustini

492 659 848 735 nescitis,
906 658 1145 742 inquit,
1205 658 1381 741 quia
1437 676 1754 741 corpora
1809 662 2072 723 uestra
2127 660 2492 742 templum
2551 666 2668 725 est
2723 662 2798 725 in

504 766 726 830 uobis
776 766 1104 849 spiritus
1154 766 1427 844 sancti,
1478 785 1696 848 quem
1743 765 2045 831 habetis
2096 784 2131 829 a
2178 766 2358 831 deo?
2423 786 2542 831 uos
2593 771 2808 831 autem

498 872 803 936 fabricam
850 871 1233 937 daemonum
1280 872 1383 936 dei
1429 872 1744 955 templum
1795 871 2006 937 dicitis
2055 876 2120 936 et
2165 873 2257 937 ibi
2303 873 2588 951 uiuum,
2639 874 2816 939 sicut

497 982 779 1045 Faustus
859 980 977 1045 ait.
1055 980 1281 1045 uiuae
1354 980 1790 1045 maiestatis
1860 981 2350 1045 simulacrum
2419 982 2814 1046 Christum

490 1086 745 1150 filium
796 1087 914 1151 dei
966 1087 1336 1153 conlocatis,
1404 1088 1592 1170 plane
1643 1087 1938 1153 Christus
1992 1090 2213 1153 uester
2255 1088 2814 1172 phantasmaticus
2887 1110 2916 1145 ⁵

492 1194 742 1258 habitet
787 1194 850 1257 in
896 1194 1017 1256 tali
1062 1193 1309 1277 templo
1358 1194 1708 1276 sacrilegae
1754 1194 2083 1259 uanitatis.
2149 1194 2262 1259 ille
2318 1195 2554 1279 quippe
2599 1214 2727 1260 non
2777 1216 2816 1259 a

496 1298 939 1376 similitudine,
990 1298 1105 1363 sed
1151 1318 1189 1361 a
1237 1298 1646 1363 simulatione
1695 1298 2112 1364 simulacrum
2157 1300 2376 1365 uocari
2419 1302 2656 1383 potest.

588 1408 691 1471 16.
757 1404 858 1468 Ita
905 1407 971 1468 et
1016 1408 1297 1470 mentem
1347 1406 1527 1468 tuam
1573 1424 1744 1468 aram
1790 1404 2024 1478 fecisti,
2084 1405 2198 1469 sed
2253 1405 2402 1470 uide
2461 1408 2666 1471 cuius.
2739 1427 2814 1471 ex

492 1512 653 1595 ipsis
703 1512 873 1577 enim
920 1512 1163 1577 artibus
1213 1514 1279 1577 et
1326 1512 1683 1595 disciplinis
1729 1510 1862 1577 tuis
1911 1512 2189 1595 adparet,
2247 1512 2480 1594 quibus
2529 1532 2670 1577 eam
2715 1514 2814 1578 in-

490 1619 715 1683 butam
782 1638 923 1685 esse
991 1618 1225 1683 dixisti.
1290 1620 1440 1682 illae
1508 1622 1676 1684 artes
1742 1622 1810 1683 et
1873 1618 2246 1702 disciplinae
2299 1622 2526 1683 uetant
2576 1639 2810 1703 panem
2859 1644 2914 1681 ιο

489 1726 809 1809 porrigere
853 1726 1243 1791 mendicanti
1290 1726 1556 1805 homini,
1605 1728 1682 1789 ut
1727 1726 1791 1790 in
1851 1744 1958 1790 ara
2011 1728 2230 1791 uestra
2285 1746 2432 1790 cum
2491 1727 2810 1791 sacrificio

494 1832 893 1897 crudelitatis
941 1833 1253 1897 ardeatis:
1322 1833 1521 1897 talem
1578 1851 1748 1896 aram
1810 1833 2065 1897 domino
2127 1832 2514 1910 destruente,
2575 1834 2684 1917 qui
2735 1854 2810 1898 ex

494 1938 637 2023 lege
685 1942 1159 2016 commemorat,
1222 1940 1394 2021 quali
1453 1940 1646 2006 odore
1715 1940 2072 2004 delectatur
2128 1939 2286 2004 deus
2355 1939 2612 2005 dicens:
2677 1940 2811 2004 mi-

492 2045 995 2111 sericordiam
1040 2048 1217 2112 uolo
1267 2066 1485 2128 quam
1534 2047 2034 2113 sacrificium.
2101 2047 2215 2111 ubi
2261 2050 2478 2111 autem
2525 2048 2650 2112 hoc
2695 2047 2810 2112 do-

492 2154 706 2217 minus
756 2153 1371 2231 commemorauerit,
1424 2154 1771 2224 adtendite.
1822 2174 1966 2218 cum
2017 2153 2269 2219 scilicet
2329 2154 2633 2219 transiret
2693 2173 2814 2238 per
2851 2174 2906 2211 ¹⁵

492 2262 777 2343 segetem
846 2261 911 2321 et
974 2260 1331 2325 esurientes
1397 2260 1698 2343 discipuli
1767 2260 1906 2326 eius
1971 2261 2284 2325 uellerent
2333 2260 2566 2343 spicaS,
2633 2248 2808 2343 quod

494 2364 911 2429 homicidium
962 2384 1103 2429 esse
1149 2386 1270 2431 uos
1320 2365 1535 2431 dicitis
1576 2384 1648 2429 ex
1687 2366 2028 2449 disciplina
2060 2372 2300 2442 uestra,
2339 2386 2466 2448 qua
2499 2367 2808 2433 inbuistis

494 2473 771 2535 mentem
821 2474 1129 2537 uestram.
1179 2490 1346 2536 616111
1400 2490 1549 2538 sane
1599 2492 1724 2537 non
1773 2472 1896 2547 dei,
1947 2473 2058 2538 sed
2107 2472 2580 2539 daemoniorum
2627 2493 2808 2538 men-

494 2579 993 2661 daciloquorum,
1046 2598 1116 2642 ex
1166 2598 1439 2661 quorum
1488 2579 1797 2645 doctrinis
1843 2580 2062 2645 inusta
2099 2580 2485 2644 cauteriatur
2519 2580 2806 2663 maligna

491 2684 898 2761 conscientia,
947 2682 1369 2749 homicidium
1420 2685 1771 2768 appellans,
1829 2702 2020 2766 quam
2076 2684 2316 2749 ueritas
2371 2684 2802 2749 innocentiam
2837 2710 2906 2747 so

491 2790 666 2855 dicit.
715 2792 807 2855 ita
856 2791 1023 2855 enim
1070 2780 1327 2856 Iudaeis
1378 2791 1486 2867 ait,
1536 2792 1649 2855 ubi
1691 2810 1812 2857 uos
1869 2810 2122 2874 quoque
2176 2791 2428 2857 futuros
2480 2792 2808 2875 percussit

492 2902 685 2980 atque
752 2896 1101 2962 destruxit:
1183 2898 1249 2963 si
1316 2898 1658 2976 sciretis,
1734 2899 1916 2981 quid
1983 2899 2087 2963 sit
2155 2898 2800 2975 „misericordiam

484 3005 667 3069 uolo
709 3023 924 3086 quam
965 3003 1503 3076 sacrificium“,
1543 3023 1945 3086 numquam
1994 3004 2650 3073 condemnassetis
2697 3004 2802 3069 in·

484 3114 870 3176 nocentes

580 3218 682 3281 17.
756 3216 927 3296 Quas
976 3224 1193 3281 autem
1240 3217 1472 3281 habere
1520 3216 1848 3299 simplices
1895 3220 1962 3281 et
2013 3236 2205 3301 puras
2263 3218 2578 3282 orat-iones
2633 3220 2802 3281 tam-
2837 3240 2894 3279 25

492 3343 683 3407 quam
749 3324 1003 3389 diuinos
1069 3323 1341 3389 honores
1408 3341 1481 3387 ac
1546 3322 1860 3389 sacrificia
1921 3323 2243 3407 poteritis,
2303 3341 2448 3387 cum
2514 3323 2592 3389 de
2654 3324 2799 3407 ipsa

484 3434 714 3496 natura
778 3433 970 3513 atque
1038 3429 1401 3495 substantia
1459 3429 1678 3493 diuina
1731 3432 1910 3494 tanta
1962 3429 2224 3514 indigna
2277 3433 2345 3495 et
2396 3430 2608 3513 turpia
2655 3450 2798 3496 sen·

482 3538 684 3603 tiatis.
734 3541 810 3601 ut
855 3557 981 3602 non
1030 3537 1241 3602 solum
1288 3536 1525 3601 uestris
1574 3536 1904 3601 sacrificiis
1953 3536 2109 3601 deus
2155 3556 2348 3602 uerus
2404 3555 2532 3601 non
2583 3538 2798 3620 propi-

664 3678 731 3731 13
772 3676 861 3733 Os.
902 3680 952 3742 6,
991 3678 1024 3731 6
1136 3678 1203 3731 19
1242 3677 1307 3731 cf.
1346 3678 1370 3732 1
1406 3676 1545 3732 Tim.
1582 3678 1636 3742 4,
1675 3679 1710 3731 2
1820 3676 1890 3730 23
1925 3675 2122 3731 Matth.
2166 3664 2248 3741 12',
2290 3676 2322 3729 7

556 3778 588 3829 5
628 3778 811 3829 uester
846 3781 941 3845 xps
981 3774 1029 3830 S
1196 3776 1229 3828 6
1268 3774 1533 3845 sacrilege
1570 3774 1624 3827 L
1805 3772 2066 3828 uanitatis
2105 3772 2182 3837 (ni
2215 3789 2260 3828 ε.
2300 3772 2360 3839 1.)
2403 3772 2452 3826 0
2584 3774 2618 3827 9
2655 3772 2796 3844 ipsis

480 3872 595 3935 (pr.
642 3882 667 3918 s
713 3882 756 3920 ε.
804 3866 863 3925 Ζ.)
920 3864 967 3918 C‘
1107 3866 1335 3934 apparet
1382 3867 1495 3932 (pr.
1534 3882 1569 3933 p
1607 3880 1651 3917 s.
1691 3864 1748 3933 Ζ.)
1795 3863 1843 3917 C'
1983 3861 2050 3916 10
2087 3860 2182 3916 ille
2221 3860 2322 3917 Sa
2471 3862 2532 3915 11
2573 3860 2785 3915 mendi·

482 3954 633 4009 0611τί
671 3956 839 4022 (post.
876 3972 912 4008 11
949 3970 993 4007 8.
1044 3952 1101 4023 Ζ.)
1150 3952 1198 4007 S
1374 3954 1442 4007 12
1502 3952 1817 4007 destruente
1867 3951 1968 4007 ΒΘ
2021 3950 2334 4005 destruente
2391 3950 2468 4018 (m
2524 3952 2618 4018 er.)
2671 3950 2798 4004 LM

484 4046 551 4098 14
590 4044 713 4097 uolo
756 4044 801 4109 (i
835 4043 978 4098 malo
1016 4046 1303 4111 super-scr.)
1344 4042 1418 4094 M
1576 4043 1644 4095 16
1685 4058 1954 4111 segentem
1992 4040 2049 4111 (n
2087 4039 2180 4109 er.)
2219 4040 2292 4093 M
2432 4055 2537 4110 quo
2575 4037 2792 4094 S¹M¹G

480 4134 548 4188 17
588 4150 685 4187 uos
724 4146 841 4186 esse
886 4130 935 4185 0
1081 4132 1146 4185 18
1184 4130 1279 4185 sed
1320 4132 1382 4198 (a.
1423 4131 1457 4185 l.
1495 4148 1564 4185 m.
1605 4134 1655 4197 1)
1696 4130 1741 4183 C
1883 4128 2254 4201 demoniorum
2288 4127 2338 4182 0
2511 4127 2790 4182 mendaci-

478 4222 761 4291 loqvorum
810 4224 867 4281 (v
914 4236 959 4274 ε.
1008 4220 1067 4287 Ζ.)
1120 4218 1167 4274 S
1210 4218 1454 4273 mendaci
1499 4220 1686 4273 locoru
1738 4218 1790 4273 G
1971 4218 2040 4270 19
2089 4216 2420 4271 carteriatur
2469 4218 2525 4285 (v
2559 4232 2606 4270 e.
2646 4216 2706 4281 Ζ.)
2747 4216 2796 4271 S

480 4310 549 4363 20
600 4326 756 4379 quam
794 4310 869 4363 L¹
978 4310 1043 4361 21
1096 4308 1304 4363 iude*is
1353 4314 1404 4378 (τ
1452 4308 1544 4377 er.)
1600 4306 1650 4365 C
1749 4306 1819 4359 23
1868 4306 2182 4359 sacrifitium
2228 4304 2277 4359 Ο
2417 4304 2790 4371 condtsmnas-

478 4398 611 4451 setis
651 4396 698 4451 S
730 4397 1227 4467 condempnassetis
1270 4396 1315 4451 G
1422 4397 1491 4450 28
1528 4396 1860 4466 propicietur
1897 4394 1947 4447 L
