<?xml version="1.0" encoding="UTF-8"?>
<!DOCTYPE html PUBLIC "-//W3C//DTD XHTML 1.0 Transitional//EN"
    "http://www.w3.org/TR/xhtml1/DTD/xhtml1-transitional.dtd">
<html xmlns="http://www.w3.org/1999/xhtml" xml:lang="en" lang="en">
 <head>
  <title>
</title>
<meta http-equiv="Content-Type" content="text/html;charset=utf-8" />
  <meta name='ocr-system' content='tesseract 3.04.00' />
  <meta name='ocr-capabilities' content='ocr_page ocr_carea ocr_par ocr_line ocrx_word'/>
</head>
<body>
  <div class='ocr_page' id='page_1' title='image "./corpusscriptoru27wissgoog_0694.png"; bbox 0 0 3159 4984; ppageno 0'>
   <div class='ocr_carea' id='block_1_1' title="bbox 505 467 2095 535">
    <p class='ocr_par' dir='ltr' id='par_1_1' title="bbox 505 467 2095 535">
     <span class='ocr_line' id='line_1_1' title="bbox 505 467 2095 535; baseline -0.003 -10"><span class='ocrx_word' id='word_1_1' title='bbox 505 469 636 532; x_wconf 73' lang='grc'>684</span> <span class='ocrx_word' id='word_1_2' title='bbox 1214 469 1265 519; x_wconf 64' lang='grc' dir='ltr'>ὃ.</span> <span class='ocrx_word' id='word_1_3' title='bbox 1313 467 1597 520; x_wconf 79' lang='lat' dir='ltr'>Aureli</span> <span class='ocrx_word' id='word_1_4' title='bbox 1654 467 2095 535; x_wconf 81' lang='lat' dir='ltr'>Augustini</span> 
     </span>
    </p>
   </div>
   <div class='ocr_carea' id='block_1_2' title="bbox 499 659 2921 3410">
    <p class='ocr_par' dir='ltr' id='par_1_2' title="bbox 499 659 2921 3410">
     <span class='ocr_line' id='line_1_2' title="bbox 504 659 2814 746; baseline 0 -23"><span class='ocrx_word' id='word_1_5' title='bbox 504 659 876 742; x_wconf 83' lang='lat' dir='ltr'>redditoque</span> <span class='ocrx_word' id='word_1_6' title='bbox 925 679 1042 726; x_wconf 85' lang='lat' dir='ltr'>suo</span> <span class='ocrx_word' id='word_1_7' title='bbox 1092 661 1321 744; x_wconf 88' lang='lat' dir='ltr'>cuique</span> <span class='ocrx_word' id='word_1_8' title='bbox 1368 681 1659 727; x_wconf 88' lang='lat' dir='ltr'>sermone</span> <span class='ocrx_word' id='word_1_9' title='bbox 1708 680 2010 746; x_wconf 86' lang='lat' dir='ltr'>congruo,</span> <span class='ocrx_word' id='word_1_10' title='bbox 2060 680 2185 744; x_wconf 89' lang='lat' dir='ltr'>quo</span> <span class='ocrx_word' id='word_1_11' title='bbox 2222 661 2331 726; x_wconf 91' lang='lat' dir='ltr'>uel</span> <span class='ocrx_word' id='word_1_12' title='bbox 2370 661 2617 726; x_wconf 82' lang='lat' dir='ltr'>defensi</span> <span class='ocrx_word' id='word_1_13' title='bbox 2654 665 2814 726; x_wconf 90' lang='lat' dir='ltr'>sunt</span> 
     </span>
     <span class='ocr_line' id='line_1_3' title="bbox 503 767 2809 851; baseline 0.002 -21"><span class='ocrx_word' id='word_1_14' title='bbox 503 767 792 832; x_wconf 85' lang='lat' dir='ltr'>homines</span> <span class='ocrx_word' id='word_1_15' title='bbox 860 767 960 832; x_wconf 92' lang='lat' dir='ltr'>dei</span> <span class='ocrx_word' id='word_1_16' title='bbox 1025 769 1334 834; x_wconf 88' lang='lat' dir='ltr'>aduersus</span> <span class='ocrx_word' id='word_1_17' title='bbox 1399 769 1866 834; x_wconf 91' lang='lat' dir='ltr'>haereticorum</span> <span class='ocrx_word' id='word_1_18' title='bbox 1923 768 2399 851; x_wconf 81' lang='lat' dir='ltr'>carnaliumque</span> <span class='ocrx_word' id='word_1_19' title='bbox 2448 769 2809 834; x_wconf 81' lang='lat' dir='ltr'>calumnias</span> 
     </span>
     <span class='ocr_line' id='line_1_4' title="bbox 502 875 2813 959; baseline 0.001 -21"><span class='ocrx_word' id='word_1_20' title='bbox 502 875 608 938; x_wconf 91' lang='lat' dir='ltr'>uel</span> <span class='ocrx_word' id='word_1_21' title='bbox 652 875 1052 958; x_wconf 84' lang='lat' dir='ltr'>reprehensis</span> <span class='ocrx_word' id='word_1_22' title='bbox 1099 876 1467 942; x_wconf 86' lang='lat' dir='ltr'>hominibus</span> <span class='ocrx_word' id='word_1_23' title='bbox 1515 880 1727 940; x_wconf 89' lang='lat' dir='ltr'>tamen</span> <span class='ocrx_word' id='word_1_24' title='bbox 1776 875 2092 959; x_wconf 87' lang='lat' dir='ltr'>scriptura</span> <span class='ocrx_word' id='word_1_25' title='bbox 2144 875 2486 940; x_wconf 88' lang='lat' dir='ltr'>laudabilis</span> <span class='ocrx_word' id='word_1_26' title='bbox 2544 895 2813 941; x_wconf 89' lang='lat' dir='ltr'>uenera-</span> 
     </span>
     <span class='ocr_line' id='line_1_5' title="bbox 501 981 2811 1066; baseline 0 -21"><span class='ocrx_word' id='word_1_27' title='bbox 501 981 778 1064; x_wconf 88' lang='lat' dir='ltr'>bilisque</span> <span class='ocrx_word' id='word_1_28' title='bbox 825 986 1180 1048; x_wconf 84' lang='lat' dir='ltr'>monstrata</span> <span class='ocrx_word' id='word_1_29' title='bbox 1225 986 1344 1062; x_wconf 89' lang='lat' dir='ltr'>est,</span> <span class='ocrx_word' id='word_1_30' title='bbox 1391 984 1727 1049; x_wconf 84' lang='lat' dir='ltr'>uideamus</span> <span class='ocrx_word' id='word_1_31' title='bbox 1775 982 2075 1066; x_wconf 84' lang='lat' dir='ltr'>deinceps</span> <span class='ocrx_word' id='word_1_32' title='bbox 2125 1003 2197 1048; x_wconf 84' lang='lat' dir='ltr'>ex</span> <span class='ocrx_word' id='word_1_33' title='bbox 2244 983 2480 1061; x_wconf 81' lang='lat' dir='ltr'>ordine,</span> <span class='ocrx_word' id='word_1_34' title='bbox 2522 1003 2647 1066; x_wconf 91' lang='lat' dir='ltr'>quo</span> <span class='ocrx_word' id='word_1_35' title='bbox 2696 1003 2811 1047; x_wconf 89' lang='lat' dir='ltr'>eos</span> 
     </span>
     <span class='ocr_line' id='line_1_6' title="bbox 503 1087 2919 1172; baseline 0 -22"><span class='ocrx_word' id='word_1_36' title='bbox 503 1087 795 1153; x_wconf 91' lang='lat' dir='ltr'>homines</span> <span class='ocrx_word' id='word_1_37' title='bbox 831 1087 1112 1153; x_wconf 75' lang='lat' dir='ltr'>Faustus</span> <span class='ocrx_word' id='word_1_38' title='bbox 1159 1089 1518 1154; x_wconf 89' lang='lat' dir='ltr'>accusando</span> <span class='ocrx_word' id='word_1_39' title='bbox 1565 1089 2115 1167; x_wconf 88' lang='lat' dir='ltr'>commemorauit,</span> <span class='ocrx_word' id='word_1_40' title='bbox 2164 1088 2319 1170; x_wconf 91' lang='lat' dir='ltr'>quid</span> <span class='ocrx_word' id='word_1_41' title='bbox 2366 1088 2561 1153; x_wconf 90' lang='lat' dir='ltr'>etiam</span> <span class='ocrx_word' id='word_1_42' title='bbox 2610 1089 2815 1172; x_wconf 85' lang='lat' dir='ltr'>signi·</span> <span class='ocrx_word' id='word_1_43' title='bbox 2888 1112 2919 1150; x_wconf 79' lang='lat'>5</span> 
     </span>
     <span class='ocr_line' id='line_1_7' title="bbox 502 1193 2813 1279; baseline 0 -22"><span class='ocrx_word' id='word_1_44' title='bbox 502 1193 696 1258; x_wconf 87' lang='lat' dir='ltr'>ficent</span> <span class='ocrx_word' id='word_1_45' title='bbox 727 1195 870 1276; x_wconf 86' lang='lat' dir='ltr'>ipsa</span> <span class='ocrx_word' id='word_1_46' title='bbox 903 1194 1074 1260; x_wconf 88' lang='lat' dir='ltr'>facta</span> <span class='ocrx_word' id='word_1_47' title='bbox 1109 1195 1464 1274; x_wconf 91' lang='lat' dir='ltr'>hominum,</span> <span class='ocrx_word' id='word_1_48' title='bbox 1505 1195 1659 1278; x_wconf 89' lang='lat' dir='ltr'>quid</span> <span class='ocrx_word' id='word_1_49' title='bbox 1695 1194 2067 1279; x_wconf 77' lang='lat' dir='ltr'>prophetiae</span> <span class='ocrx_word' id='word_1_50' title='bbox 2106 1196 2350 1277; x_wconf 77' lang='lat' dir='ltr'>gerant,</span> <span class='ocrx_word' id='word_1_51' title='bbox 2390 1212 2553 1276; x_wconf 91' lang='lat' dir='ltr'>quae</span> <span class='ocrx_word' id='word_1_52' title='bbox 2588 1195 2813 1258; x_wconf 84' lang='lat' dir='ltr'>futura</span> 
     </span>
     <span class='ocr_line' id='line_1_8' title="bbox 501 1300 2811 1384; baseline 0.001 -21"><span class='ocrx_word' id='word_1_53' title='bbox 501 1300 985 1382; x_wconf 87' lang='lat' dir='ltr'>praenuntient:</span> <span class='ocrx_word' id='word_1_54' title='bbox 1027 1303 1197 1384; x_wconf 89' lang='lat' dir='ltr'>quod</span> <span class='ocrx_word' id='word_1_55' title='bbox 1231 1303 1360 1366; x_wconf 90' lang='lat' dir='ltr'>iam</span> <span class='ocrx_word' id='word_1_56' title='bbox 1395 1303 1669 1368; x_wconf 80' lang='lat' dir='ltr'>fecimus</span> <span class='ocrx_word' id='word_1_57' title='bbox 1710 1303 1786 1367; x_wconf 92' lang='lat' dir='ltr'>de</span> <span class='ocrx_word' id='word_1_58' title='bbox 1814 1302 2135 1366; x_wconf 90' lang='lat' dir='ltr'>Abraham</span> <span class='ocrx_word' id='word_1_59' title='bbox 2174 1304 2239 1366; x_wconf 90' lang='lat' dir='ltr'>et</span> <span class='ocrx_word' id='word_1_60' title='bbox 2266 1301 2449 1367; x_wconf 85' lang='lat' dir='ltr'>Isaac</span> <span class='ocrx_word' id='word_1_61' title='bbox 2488 1305 2557 1366; x_wconf 92' lang='lat' dir='ltr'>et</span> <span class='ocrx_word' id='word_1_62' title='bbox 2588 1301 2811 1366; x_wconf 83' lang='lat' dir='ltr'>Iacob.</span> 
     </span>
     <span class='ocr_line' id='line_1_9' title="bbox 505 1408 2812 1492; baseline 0.002 -23"><span class='ocrx_word' id='word_1_63' title='bbox 505 1425 774 1488; x_wconf 89' lang='lat' dir='ltr'>quorum</span> <span class='ocrx_word' id='word_1_64' title='bbox 823 1427 891 1472; x_wconf 88' lang='lat' dir='ltr'>se</span> <span class='ocrx_word' id='word_1_65' title='bbox 940 1408 1097 1474; x_wconf 85' lang='lat' dir='ltr'>deus</span> <span class='ocrx_word' id='word_1_66' title='bbox 1143 1409 1235 1473; x_wconf 86' lang='lat' dir='ltr'>ita</span> <span class='ocrx_word' id='word_1_67' title='bbox 1282 1409 1407 1474; x_wconf 92' lang='lat' dir='ltr'>dici</span> <span class='ocrx_word' id='word_1_68' title='bbox 1453 1410 1683 1488; x_wconf 89' lang='lat' dir='ltr'>uoluit,</span> <span class='ocrx_word' id='word_1_69' title='bbox 1722 1413 2047 1492; x_wconf 83' lang='lat' dir='ltr'>tamquam</span> <span class='ocrx_word' id='word_1_70' title='bbox 2088 1409 2371 1474; x_wconf 89' lang='lat' dir='ltr'>solorum</span> <span class='ocrx_word' id='word_1_71' title='bbox 2412 1411 2589 1474; x_wconf 88' lang='lat' dir='ltr'>esset</span> <span class='ocrx_word' id='word_1_72' title='bbox 2626 1408 2812 1475; x_wconf 74' lang='lat' dir='ltr'>deus,</span> 
     </span>
     <span class='ocr_line' id='line_1_10' title="bbox 505 1513 2811 1597; baseline 0 -20"><span class='ocrx_word' id='word_1_73' title='bbox 505 1513 614 1595; x_wconf 88' lang='lat' dir='ltr'>qui</span> <span class='ocrx_word' id='word_1_74' title='bbox 661 1514 820 1580; x_wconf 91' lang='lat' dir='ltr'>deus</span> <span class='ocrx_word' id='word_1_75' title='bbox 869 1519 970 1580; x_wconf 89' lang='lat' dir='ltr'>est</span> <span class='ocrx_word' id='word_1_76' title='bbox 1013 1517 1352 1581; x_wconf 89' lang='lat' dir='ltr'>uniuersae</span> <span class='ocrx_word' id='word_1_77' title='bbox 1400 1521 1746 1596; x_wconf 80' lang='lat' dir='ltr'>creaturae,</span> <span class='ocrx_word' id='word_1_78' title='bbox 1796 1537 1918 1584; x_wconf 93' lang='lat' dir='ltr'>non</span> <span class='ocrx_word' id='word_1_79' title='bbox 1975 1518 2213 1581; x_wconf 84' lang='lat' dir='ltr'>frustra</span> <span class='ocrx_word' id='word_1_80' title='bbox 2267 1516 2491 1597; x_wconf 91' lang='lat' dir='ltr'>utique</span> <span class='ocrx_word' id='word_1_81' title='bbox 2550 1517 2811 1579; x_wconf 86' lang='lat' dir='ltr'>tantum</span> 
     </span>
     <span class='ocr_line' id='line_1_11' title="bbox 505 1618 2911 1704; baseline 0.001 -22"><span class='ocrx_word' id='word_1_82' title='bbox 505 1618 596 1682; x_wconf 87' lang='lat' dir='ltr'>eis</span> <span class='ocrx_word' id='word_1_83' title='bbox 661 1620 952 1686; x_wconf 90' lang='lat' dir='ltr'>tribuens</span> <span class='ocrx_word' id='word_1_84' title='bbox 1016 1622 1342 1700; x_wconf 86' lang='lat' dir='ltr'>honorem,</span> <span class='ocrx_word' id='word_1_85' title='bbox 1400 1623 1524 1687; x_wconf 89' lang='lat' dir='ltr'>nisi</span> <span class='ocrx_word' id='word_1_86' title='bbox 1579 1623 1730 1704; x_wconf 90' lang='lat' dir='ltr'>quia</span> <span class='ocrx_word' id='word_1_87' title='bbox 1784 1626 2052 1689; x_wconf 90' lang='lat' dir='ltr'>nouerat</span> <span class='ocrx_word' id='word_1_88' title='bbox 2104 1622 2170 1686; x_wconf 90' lang='lat' dir='ltr'>in</span> <span class='ocrx_word' id='word_1_89' title='bbox 2226 1622 2340 1698; x_wconf 88' lang='lat' dir='ltr'>eis,</span> <span class='ocrx_word' id='word_1_90' title='bbox 2398 1620 2569 1703; x_wconf 91' lang='lat' dir='ltr'>quod</span> <span class='ocrx_word' id='word_1_91' title='bbox 2608 1620 2812 1686; x_wconf 76' lang='lat' dir='ltr'>&#39;solus</span> <span class='ocrx_word' id='word_1_92' title='bbox 2852 1647 2911 1684; x_wconf 83' lang='lat'>10</span> 
     </span>
     <span class='ocr_line' id='line_1_12' title="bbox 504 1725 2811 1813; baseline 0 -23"><span class='ocrx_word' id='word_1_93' title='bbox 504 1725 698 1790; x_wconf 91' lang='lat' dir='ltr'>etiam</span> <span class='ocrx_word' id='word_1_94' title='bbox 741 1729 1020 1810; x_wconf 86' lang='lat' dir='ltr'>perfecte</span> <span class='ocrx_word' id='word_1_95' title='bbox 1070 1749 1446 1812; x_wconf 89' lang='lat' dir='ltr'>summeque</span> <span class='ocrx_word' id='word_1_96' title='bbox 1483 1749 1673 1796; x_wconf 90' lang='lat' dir='ltr'>nosse</span> <span class='ocrx_word' id='word_1_97' title='bbox 1710 1733 1980 1813; x_wconf 87' lang='lat' dir='ltr'>poterat,</span> <span class='ocrx_word' id='word_1_98' title='bbox 2022 1731 2331 1794; x_wconf 86' lang='lat' dir='ltr'>sinceram</span> <span class='ocrx_word' id='word_1_99' title='bbox 2366 1728 2811 1811; x_wconf 89' lang='lat' dir='ltr'>praecipuam·</span> 
     </span>
     <span class='ocr_line' id='line_1_13' title="bbox 506 1833 2812 1919; baseline 0.001 -24"><span class='ocrx_word' id='word_1_100' title='bbox 506 1851 628 1913; x_wconf 92' lang='lat' dir='ltr'>que</span> <span class='ocrx_word' id='word_1_101' title='bbox 677 1833 1046 1913; x_wconf 87' lang='lat' dir='ltr'>caritatem,</span> <span class='ocrx_word' id='word_1_102' title='bbox 1107 1837 1172 1899; x_wconf 90' lang='lat' dir='ltr'>et</span> <span class='ocrx_word' id='word_1_103' title='bbox 1227 1836 1376 1917; x_wconf 87' lang='lat' dir='ltr'>qnia</span> <span class='ocrx_word' id='word_1_104' title='bbox 1427 1835 1492 1900; x_wconf 92' lang='lat' dir='ltr'>in</span> <span class='ocrx_word' id='word_1_105' title='bbox 1551 1835 1644 1900; x_wconf 89' lang='lat' dir='ltr'>eis</span> <span class='ocrx_word' id='word_1_106' title='bbox 1699 1835 1906 1900; x_wconf 87' lang='lat' dir='ltr'>tribus</span> <span class='ocrx_word' id='word_1_107' title='bbox 1950 1834 2241 1919; x_wconf 86' lang='lat' dir='ltr'>patribus</span> <span class='ocrx_word' id='word_1_108' title='bbox 2288 1833 2565 1917; x_wconf 88' lang='lat' dir='ltr'>quodam</span> <span class='ocrx_word' id='word_1_109' title='bbox 2610 1833 2812 1898; x_wconf 88' lang='lat' dir='ltr'>modo</span> 
     </span>
     <span class='ocr_line' id='line_1_14' title="bbox 505 1939 2817 2026; baseline 0.001 -24"><span class='ocrx_word' id='word_1_110' title='bbox 505 1941 976 2004; x_wconf 89' lang='lat' dir='ltr'>consummauit</span> <span class='ocrx_word' id='word_1_111' title='bbox 1013 1961 1314 2026; x_wconf 86' lang='lat' dir='ltr'>magnum</span> <span class='ocrx_word' id='word_1_112' title='bbox 1362 1960 1435 2007; x_wconf 90' lang='lat' dir='ltr'>ac</span> <span class='ocrx_word' id='word_1_113' title='bbox 1480 1942 1771 2008; x_wconf 88' lang='lat' dir='ltr'>mirabile</span> <span class='ocrx_word' id='word_1_114' title='bbox 1818 1945 2289 2007; x_wconf 87' lang='lat' dir='ltr'>sacramentum</span> <span class='ocrx_word' id='word_1_115' title='bbox 2338 1941 2539 2004; x_wconf 90' lang='lat' dir='ltr'>futuri</span> <span class='ocrx_word' id='word_1_116' title='bbox 2584 1939 2817 2024; x_wconf 89' lang='lat' dir='ltr'>populi</span> 
     </span>
     <span class='ocr_line' id='line_1_15' title="bbox 503 2044 2814 2130; baseline 0.002 -22"><span class='ocrx_word' id='word_1_117' title='bbox 503 2045 624 2119; x_wconf 89' lang='lat' dir='ltr'>sui,</span> <span class='ocrx_word' id='word_1_118' title='bbox 693 2044 864 2127; x_wconf 91' lang='lat' dir='ltr'>quod</span> <span class='ocrx_word' id='word_1_119' title='bbox 931 2065 1044 2128; x_wconf 90' lang='lat' dir='ltr'>per</span> <span class='ocrx_word' id='word_1_120' title='bbox 1105 2047 1338 2112; x_wconf 86' lang='lat' dir='ltr'>liberas</span> <span class='ocrx_word' id='word_1_121' title='bbox 1405 2051 1767 2130; x_wconf 88' lang='lat' dir='ltr'>genuerunt</span> <span class='ocrx_word' id='word_1_122' title='bbox 1828 2066 1953 2112; x_wconf 91' lang='lat' dir='ltr'>non</span> <span class='ocrx_word' id='word_1_123' title='bbox 2024 2047 2237 2112; x_wconf 88' lang='lat' dir='ltr'>solum</span> <span class='ocrx_word' id='word_1_124' title='bbox 2302 2046 2365 2110; x_wconf 91' lang='lat' dir='ltr'>in</span> <span class='ocrx_word' id='word_1_125' title='bbox 2420 2046 2814 2112; x_wconf 87' lang='lat' dir='ltr'>libertatem.</span> 
     </span>
     <span class='ocr_line' id='line_1_16' title="bbox 504 2149 2921 2233; baseline 0.001 -19"><span class='ocrx_word' id='word_1_126' title='bbox 504 2149 672 2214; x_wconf 89' lang='lat' dir='ltr'>sicut</span> <span class='ocrx_word' id='word_1_127' title='bbox 715 2170 827 2233; x_wconf 91' lang='lat' dir='ltr'>per</span> <span class='ocrx_word' id='word_1_128' title='bbox 865 2150 1086 2216; x_wconf 88' lang='lat' dir='ltr'>Saram</span> <span class='ocrx_word' id='word_1_129' title='bbox 1135 2157 1199 2217; x_wconf 91' lang='lat' dir='ltr'>et</span> <span class='ocrx_word' id='word_1_130' title='bbox 1233 2154 1588 2219; x_wconf 88' lang='lat' dir='ltr'>Rebeccam</span> <span class='ocrx_word' id='word_1_131' title='bbox 1628 2157 1694 2218; x_wconf 89' lang='lat' dir='ltr'>et</span> <span class='ocrx_word' id='word_1_132' title='bbox 1728 2154 1907 2218; x_wconf 91' lang='lat' dir='ltr'>Liam</span> <span class='ocrx_word' id='word_1_133' title='bbox 1946 2156 2014 2217; x_wconf 90' lang='lat' dir='ltr'>et</span> <span class='ocrx_word' id='word_1_134' title='bbox 2048 2153 2309 2225; x_wconf 83' lang='lat' dir='ltr'>Rachel,</span> <span class='ocrx_word' id='word_1_135' title='bbox 2346 2171 2575 2217; x_wconf 89' lang='lat' dir='ltr'>uerum</span> <span class='ocrx_word' id='word_1_136' title='bbox 2612 2152 2815 2216; x_wconf 86' lang='lat' dir='ltr'>etiam</span> <span class='ocrx_word' id='word_1_137' title='bbox 2862 2177 2921 2217; x_wconf 68' lang='grc' dir='ltr'>ιε</span> 
     </span>
     <span class='ocr_line' id='line_1_17' title="bbox 501 2255 2815 2343; baseline 0.002 -25"><span class='ocrx_word' id='word_1_138' title='bbox 501 2255 565 2319; x_wconf 87' lang='grc'>111</span> <span class='ocrx_word' id='word_1_139' title='bbox 623 2257 1030 2334; x_wconf 89' lang='lat' dir='ltr'>seruitutem,</span> <span class='ocrx_word' id='word_1_140' title='bbox 1093 2259 1264 2324; x_wconf 86' lang='lat' dir='ltr'>sicut</span> <span class='ocrx_word' id='word_1_141' title='bbox 1318 2280 1430 2343; x_wconf 92' lang='lat' dir='ltr'>per</span> <span class='ocrx_word' id='word_1_142' title='bbox 1485 2261 1743 2326; x_wconf 87' lang='lat' dir='ltr'>eandem</span> <span class='ocrx_word' id='word_1_143' title='bbox 1796 2261 2153 2326; x_wconf 86' lang='lat' dir='ltr'>Rebeccam</span> <span class='ocrx_word' id='word_1_144' title='bbox 2210 2265 2399 2324; x_wconf 87' lang='lat' dir='ltr'>natus</span> <span class='ocrx_word' id='word_1_145' title='bbox 2460 2263 2561 2324; x_wconf 88' lang='lat' dir='ltr'>est</span> <span class='ocrx_word' id='word_1_146' title='bbox 2612 2259 2815 2336; x_wconf 82' lang='lat' dir='ltr'>Esau,</span> 
     </span>
     <span class='ocr_line' id='line_1_18' title="bbox 505 2361 2815 2450; baseline 0.002 -25"><span class='ocrx_word' id='word_1_147' title='bbox 505 2361 610 2426; x_wconf 89' lang='lat' dir='ltr'>cui</span> <span class='ocrx_word' id='word_1_148' title='bbox 666 2363 910 2428; x_wconf 88' lang='lat' dir='ltr'>dictum</span> <span class='ocrx_word' id='word_1_149' title='bbox 972 2368 1109 2428; x_wconf 88' lang='lat' dir='ltr'>est:</span> <span class='ocrx_word' id='word_1_150' title='bbox 1177 2366 1324 2431; x_wconf 87' lang='lat' dir='ltr'>eris</span> <span class='ocrx_word' id='word_1_151' title='bbox 1391 2385 1663 2432; x_wconf 86' lang='lat' dir='ltr'>seruus</span> <span class='ocrx_word' id='word_1_152' title='bbox 1720 2367 1985 2432; x_wconf 85' lang='lat' dir='ltr'>fratris</span> <span class='ocrx_word' id='word_1_153' title='bbox 2044 2367 2190 2444; x_wconf 90' lang='lat' dir='ltr'>tui,</span> <span class='ocrx_word' id='word_1_154' title='bbox 2248 2369 2315 2430; x_wconf 88' lang='lat' dir='ltr'>et</span> <span class='ocrx_word' id='word_1_155' title='bbox 2367 2383 2478 2450; x_wconf 92' lang='lat' dir='ltr'>per</span> <span class='ocrx_word' id='word_1_156' title='bbox 2542 2365 2815 2430; x_wconf 87' lang='lat' dir='ltr'>ancillas</span> 
     </span>
     <span class='ocr_line' id='line_1_19' title="bbox 502 2471 2815 2558; baseline 0.001 -24"><span class='ocrx_word' id='word_1_157' title='bbox 502 2489 625 2534; x_wconf 90' lang='lat' dir='ltr'>non</span> <span class='ocrx_word' id='word_1_158' title='bbox 693 2471 902 2535; x_wconf 91' lang='lat' dir='ltr'>solum</span> <span class='ocrx_word' id='word_1_159' title='bbox 971 2473 1035 2537; x_wconf 90' lang='lat' dir='ltr'>in</span> <span class='ocrx_word' id='word_1_160' title='bbox 1104 2472 1504 2552; x_wconf 84' lang='lat' dir='ltr'>seruitutem,</span> <span class='ocrx_word' id='word_1_161' title='bbox 1567 2475 1739 2539; x_wconf 87' lang='lat' dir='ltr'>sicut</span> <span class='ocrx_word' id='word_1_162' title='bbox 1792 2495 1904 2557; x_wconf 91' lang='lat' dir='ltr'>per</span> <span class='ocrx_word' id='word_1_163' title='bbox 1958 2476 2149 2558; x_wconf 88' lang='lat' dir='ltr'>Agar,</span> <span class='ocrx_word' id='word_1_164' title='bbox 2209 2493 2436 2538; x_wconf 90' lang='lat' dir='ltr'>uerum</span> <span class='ocrx_word' id='word_1_165' title='bbox 2492 2472 2685 2537; x_wconf 86' lang='lat' dir='ltr'>etiam</span> <span class='ocrx_word' id='word_1_166' title='bbox 2746 2472 2815 2536; x_wconf 90' lang='lat' dir='ltr'>in</span> 
     </span>
     <span class='ocr_line' id='line_1_20' title="bbox 499 2577 2817 2663; baseline 0.001 -22"><span class='ocrx_word' id='word_1_167' title='bbox 499 2577 884 2656; x_wconf 82' lang='lat' dir='ltr'>libertatem,</span> <span class='ocrx_word' id='word_1_168' title='bbox 947 2579 1119 2644; x_wconf 84' lang='lat' dir='ltr'>sicut</span> <span class='ocrx_word' id='word_1_169' title='bbox 1170 2599 1284 2662; x_wconf 88' lang='lat' dir='ltr'>per</span> <span class='ocrx_word' id='word_1_170' title='bbox 1327 2580 1552 2644; x_wconf 89' lang='lat' dir='ltr'>Balam</span> <span class='ocrx_word' id='word_1_171' title='bbox 1610 2584 1675 2644; x_wconf 91' lang='lat' dir='ltr'>et</span> <span class='ocrx_word' id='word_1_172' title='bbox 1720 2581 2052 2663; x_wconf 89' lang='lat' dir='ltr'>Zelpham.</span> <span class='ocrx_word' id='word_1_173' title='bbox 2119 2579 2213 2643; x_wconf 89' lang='lat' dir='ltr'>ita</span> <span class='ocrx_word' id='word_1_174' title='bbox 2258 2580 2425 2644; x_wconf 92' lang='lat' dir='ltr'>enim</span> <span class='ocrx_word' id='word_1_175' title='bbox 2476 2582 2542 2642; x_wconf 90' lang='lat' dir='ltr'>et</span> <span class='ocrx_word' id='word_1_176' title='bbox 2582 2578 2651 2642; x_wconf 90' lang='lat' dir='ltr'>in</span> <span class='ocrx_word' id='word_1_177' title='bbox 2698 2597 2817 2660; x_wconf 89' lang='lat' dir='ltr'>po·</span> 
     </span>
     <span class='ocr_line' id='line_1_21' title="bbox 499 2684 2921 2768; baseline 0 -21"><span class='ocrx_word' id='word_1_178' title='bbox 499 2684 653 2767; x_wconf 91' lang='lat' dir='ltr'>pulo</span> <span class='ocrx_word' id='word_1_179' title='bbox 723 2684 826 2748; x_wconf 92' lang='lat' dir='ltr'>dei</span> <span class='ocrx_word' id='word_1_180' title='bbox 895 2688 961 2749; x_wconf 92' lang='lat' dir='ltr'>et</span> <span class='ocrx_word' id='word_1_181' title='bbox 1023 2704 1136 2767; x_wconf 87' lang='lat' dir='ltr'>per</span> <span class='ocrx_word' id='word_1_182' title='bbox 1198 2685 1514 2768; x_wconf 89' lang='lat' dir='ltr'>spiritales</span> <span class='ocrx_word' id='word_1_183' title='bbox 1577 2687 1817 2752; x_wconf 86' lang='lat' dir='ltr'>liberos</span> <span class='ocrx_word' id='word_1_184' title='bbox 1884 2689 2235 2751; x_wconf 87' lang='lat' dir='ltr'>nascuntur</span> <span class='ocrx_word' id='word_1_185' title='bbox 2289 2704 2412 2750; x_wconf 90' lang='lat' dir='ltr'>non</span> <span class='ocrx_word' id='word_1_186' title='bbox 2472 2685 2685 2749; x_wconf 84' lang='lat' dir='ltr'>solum</span> <span class='ocrx_word' id='word_1_187' title='bbox 2746 2685 2815 2748; x_wconf 91' lang='lat' dir='ltr'>in</span> <span class='ocrx_word' id='word_1_188' title='bbox 2858 2710 2921 2748; x_wconf 65' lang='grc' dir='ltr'>ιο</span> 
     </span>
     <span class='ocr_line' id='line_1_22' title="bbox 499 2789 2819 2875; baseline 0 -21"><span class='ocrx_word' id='word_1_189' title='bbox 499 2790 892 2857; x_wconf 85' lang='lat' dir='ltr'>laudabilem</span> <span class='ocrx_word' id='word_1_190' title='bbox 965 2792 1328 2857; x_wconf 87' lang='lat' dir='ltr'>libertatem</span> <span class='ocrx_word' id='word_1_191' title='bbox 1353 2843 1367 2862; x_wconf 84' lang='grc'>,</span> <span class='ocrx_word' id='word_1_192' title='bbox 1445 2793 1980 2875; x_wconf 88' lang='lat' dir='ltr'>quemadmodum</span> <span class='ocrx_word' id='word_1_193' title='bbox 2061 2792 2196 2870; x_wconf 90' lang='lat' dir='ltr'>illi,</span> <span class='ocrx_word' id='word_1_194' title='bbox 2274 2791 2505 2875; x_wconf 86' lang='lat' dir='ltr'>quibus</span> <span class='ocrx_word' id='word_1_195' title='bbox 2573 2789 2819 2854; x_wconf 87' lang='lat' dir='ltr'>dicitur</span> 
     </span>
     <span class='ocr_line' id='line_1_23' title="bbox 513 2898 2815 2982; baseline -0.001 -20"><span class='ocrx_word' id='word_1_196' title='bbox 513 2899 987 2976; x_wconf 79' lang='lat' dir='ltr'>,imitatores</span> <span class='ocrx_word' id='word_1_197' title='bbox 1037 2899 1196 2964; x_wconf 85' lang='lat' dir='ltr'>mei</span> <span class='ocrx_word' id='word_1_198' title='bbox 1264 2902 1515 2964; x_wconf 90' lang='lat' dir='ltr'>estote</span> <span class='ocrx_word' id='word_1_199' title='bbox 1574 2899 1779 2964; x_wconf 90' lang='lat' dir='ltr'>sicut</span> <span class='ocrx_word' id='word_1_200' title='bbox 1836 2903 1910 2964; x_wconf 92' lang='lat' dir='ltr'>et</span> <span class='ocrx_word' id='word_1_201' title='bbox 1968 2918 2102 2982; x_wconf 89' lang='lat' dir='ltr'>ego</span> <span class='ocrx_word' id='word_1_202' title='bbox 2162 2898 2515 2976; x_wconf 77' lang='lat' dir='ltr'>Christi,“</span> <span class='ocrx_word' id='word_1_203' title='bbox 2577 2916 2815 2961; x_wconf 90' lang='lat' dir='ltr'>uerum</span> 
     </span>
     <span class='ocr_line' id='line_1_24' title="bbox 501 3004 2807 3088; baseline -0 -19"><span class='ocrx_word' id='word_1_204' title='bbox 501 3005 694 3069; x_wconf 88' lang='lat' dir='ltr'>etiam</span> <span class='ocrx_word' id='word_1_205' title='bbox 741 3006 808 3070; x_wconf 89' lang='lat' dir='ltr'>in</span> <span class='ocrx_word' id='word_1_206' title='bbox 858 3005 1287 3070; x_wconf 89' lang='lat' dir='ltr'>damnabilem</span> <span class='ocrx_word' id='word_1_207' title='bbox 1336 3007 1738 3084; x_wconf 88' lang='lat' dir='ltr'>seruitutem,</span> <span class='ocrx_word' id='word_1_208' title='bbox 1790 3005 1961 3071; x_wconf 90' lang='lat' dir='ltr'>sicut</span> <span class='ocrx_word' id='word_1_209' title='bbox 2002 3025 2116 3088; x_wconf 88' lang='lat' dir='ltr'>per</span> <span class='ocrx_word' id='word_1_210' title='bbox 2150 3005 2521 3088; x_wconf 89' lang='lat' dir='ltr'>Philippum</span> <span class='ocrx_word' id='word_1_211' title='bbox 2576 3004 2807 3070; x_wconf 89' lang='lat' dir='ltr'>Simon</span> 
     </span>
     <span class='ocr_line' id='line_1_25' title="bbox 503 3111 2815 3194; baseline -0.001 -18"><span class='ocrx_word' id='word_1_212' title='bbox 503 3116 568 3176; x_wconf 91' lang='lat' dir='ltr'>et</span> <span class='ocrx_word' id='word_1_213' title='bbox 610 3131 723 3194; x_wconf 91' lang='lat' dir='ltr'>per</span> <span class='ocrx_word' id='word_1_214' title='bbox 771 3111 1053 3176; x_wconf 88' lang='lat' dir='ltr'>carnales</span> <span class='ocrx_word' id='word_1_215' title='bbox 1128 3130 1348 3176; x_wconf 88' lang='lat' dir='ltr'>seruos</span> <span class='ocrx_word' id='word_1_216' title='bbox 1423 3118 1772 3178; x_wconf 86' lang='lat' dir='ltr'>nascuntur</span> <span class='ocrx_word' id='word_1_217' title='bbox 1836 3131 1959 3177; x_wconf 91' lang='lat' dir='ltr'>non</span> <span class='ocrx_word' id='word_1_218' title='bbox 2009 3113 2219 3178; x_wconf 88' lang='lat' dir='ltr'>solum</span> <span class='ocrx_word' id='word_1_219' title='bbox 2266 3111 2329 3176; x_wconf 91' lang='lat' dir='ltr'>in</span> <span class='ocrx_word' id='word_1_220' title='bbox 2380 3111 2815 3176; x_wconf 87' lang='lat' dir='ltr'>damnabilem</span> 
     </span>
     <span class='ocr_line' id='line_1_26' title="bbox 501 3218 2921 3301; baseline 0 -18"><span class='ocrx_word' id='word_1_221' title='bbox 501 3219 904 3296; x_wconf 85' lang='lat' dir='ltr'>seruitutem,</span> <span class='ocrx_word' id='word_1_222' title='bbox 969 3218 1082 3301; x_wconf 91' lang='lat' dir='ltr'>qui</span> <span class='ocrx_word' id='word_1_223' title='bbox 1147 3238 1255 3285; x_wconf 85' lang='lat' dir='ltr'>eos</span> <span class='ocrx_word' id='word_1_224' title='bbox 1320 3219 1675 3298; x_wconf 81' lang='lat' dir='ltr'>imitantur,</span> <span class='ocrx_word' id='word_1_225' title='bbox 1742 3239 1971 3285; x_wconf 89' lang='lat' dir='ltr'>uerum</span> <span class='ocrx_word' id='word_1_226' title='bbox 2033 3219 2227 3283; x_wconf 89' lang='lat' dir='ltr'>etiam</span> <span class='ocrx_word' id='word_1_227' title='bbox 2290 3219 2355 3282; x_wconf 91' lang='lat' dir='ltr'>in</span> <span class='ocrx_word' id='word_1_228' title='bbox 2413 3218 2815 3282; x_wconf 85' lang='lat' dir='ltr'>laudabilem</span> <span class='ocrx_word' id='word_1_229' title='bbox 2858 3241 2921 3284; x_wconf 66' lang='grc' dir='ltr'>ιε</span> 
     </span>
     <span class='ocr_line' id='line_1_27' title="bbox 501 3311 2818 3410; baseline -0.001 -22"><span class='ocrx_word' id='word_1_230' title='bbox 501 3325 898 3402; x_wconf 86' lang='lat' dir='ltr'>libertatem,</span> <span class='ocrx_word' id='word_1_231' title='bbox 977 3325 1212 3407; x_wconf 85' lang='lat' dir='ltr'>quibus</span> <span class='ocrx_word' id='word_1_232' title='bbox 1287 3325 1556 3390; x_wconf 86' lang='lat' dir='ltr'>dicitnr:</span> <span class='ocrx_word' id='word_1_233' title='bbox 1644 3346 1832 3410; x_wconf 90' lang='lat' dir='ltr'>quae</span> <span class='ocrx_word' id='word_1_234' title='bbox 1912 3325 2203 3404; x_wconf 89' lang='lat' dir='ltr'>dicunt,</span> <span class='ocrx_word' id='word_1_235' title='bbox 2279 3311 2542 3398; x_wconf 86' lang='lat' dir='ltr'>facite;</span> <span class='ocrx_word' id='word_1_236' title='bbox 2618 3341 2818 3405; x_wconf 88' lang='lat' dir='ltr'>quae.</span> 
     </span>
    </p>
   </div>
   <div class='ocr_carea' id='block_1_3' title="bbox 502 3539 2819 3788">
    <p class='ocr_par' dir='ltr' id='par_1_3' title="bbox 502 3539 2819 3788">
     <span class='ocr_line' id='line_1_28' title="bbox 680 3539 2819 3614; baseline -0.001 -18"><span class='ocrx_word' id='word_1_237' title='bbox 680 3545 713 3596; x_wconf 86' lang='lat'>8</span> <span class='ocrx_word' id='word_1_238' title='bbox 751 3545 818 3597; x_wconf 81' lang='lat' dir='ltr'>cf.</span> <span class='ocrx_word' id='word_1_239' title='bbox 855 3543 951 3598; x_wconf 87' lang='lat' dir='ltr'>Ex.</span> <span class='ocrx_word' id='word_1_240' title='bbox 991 3543 1043 3610; x_wconf 88' lang='lat'>3,</span> <span class='ocrx_word' id='word_1_241' title='bbox 1081 3545 1114 3597; x_wconf 86' lang='lat'>5</span> <span class='ocrx_word' id='word_1_242' title='bbox 1229 3545 1294 3599; x_wconf 88' lang='grc'>15</span> <span class='ocrx_word' id='word_1_243' title='bbox 1332 3545 1398 3599; x_wconf 85' lang='lat' dir='ltr'>cf.</span> <span class='ocrx_word' id='word_1_244' title='bbox 1439 3541 1573 3598; x_wconf 87' lang='lat' dir='ltr'>Gen.</span> <span class='ocrx_word' id='word_1_245' title='bbox 1612 3543 1702 3610; x_wconf 86' lang='lat'>21,</span> <span class='ocrx_word' id='word_1_246' title='bbox 1744 3545 1769 3598; x_wconf 94' lang='lat'><strong>1</strong></span> <span class='ocrx_word' id='word_1_247' title='bbox 1812 3561 1929 3614; x_wconf 82' lang='lat' dir='ltr'>sq.;</span> <span class='ocrx_word' id='word_1_248' title='bbox 1970 3545 2057 3610; x_wconf 80' lang='lat'>25,</span> <span class='ocrx_word' id='word_1_249' title='bbox 2094 3544 2161 3596; x_wconf 84' lang='lat'>21</span> <span class='ocrx_word' id='word_1_250' title='bbox 2310 3541 2379 3596; x_wconf 84' lang='lat' dir='ltr'>cf.</span> <span class='ocrx_word' id='word_1_251' title='bbox 2418 3539 2553 3596; x_wconf 85' lang='lat' dir='ltr'>Gen.</span> <span class='ocrx_word' id='word_1_252' title='bbox 2592 3542 2697 3599; x_wconf 73' lang='lat'>29:</span> <span class='ocrx_word' id='word_1_253' title='bbox 2740 3541 2819 3594; x_wconf 88' lang='lat'>30</span> 
     </span>
     <span class='ocr_line' id='line_1_29' title="bbox 503 3627 2819 3698; baseline -0.001 -12"><span class='ocrx_word' id='word_1_254' title='bbox 503 3634 568 3686; x_wconf 83' lang='lat'>17</span> <span class='ocrx_word' id='word_1_255' title='bbox 609 3632 742 3686; x_wconf 89' lang='lat' dir='ltr'>Gen.</span> <span class='ocrx_word' id='word_1_256' title='bbox 779 3633 867 3698; x_wconf 82' lang='lat'>27,</span> <span class='ocrx_word' id='word_1_257' title='bbox 903 3633 976 3688; x_wconf 88' lang='lat'>40</span> <span class='ocrx_word' id='word_1_258' title='bbox 1087 3633 1155 3688; x_wconf 92' lang='lat'>18</span> <span class='ocrx_word' id='word_1_259' title='bbox 1191 3631 1258 3688; x_wconf 85' lang='lat' dir='ltr'>cf.</span> <span class='ocrx_word' id='word_1_260' title='bbox 1299 3632 1434 3688; x_wconf 89' lang='lat' dir='ltr'>Gen.</span> <span class='ocrx_word' id='word_1_261' title='bbox 1477 3633 1560 3697; x_wconf 89' lang='grc'>16,</span> <span class='ocrx_word' id='word_1_262' title='bbox 1606 3636 1672 3688; x_wconf 86' lang='grc'>15</span> <span class='ocrx_word' id='word_1_263' title='bbox 1782 3634 1850 3688; x_wconf 83' lang='grc'>19</span> <span class='ocrx_word' id='word_1_264' title='bbox 1889 3631 1957 3687; x_wconf 64' lang='lat' dir='ltr'>cf.</span> <span class='ocrx_word' id='word_1_265' title='bbox 1996 3631 2131 3688; x_wconf 86' lang='lat' dir='ltr'>Gen.</span> <span class='ocrx_word' id='word_1_266' title='bbox 2170 3631 2241 3686; x_wconf 86' lang='lat'>30</span> <span class='ocrx_word' id='word_1_267' title='bbox 2348 3630 2418 3685; x_wconf 89' lang='grc'>22</span> <span class='ocrx_word' id='word_1_268' title='bbox 2446 3630 2474 3685; x_wconf 92' lang='grc' dir='ltr'>Ι</span> <span class='ocrx_word' id='word_1_269' title='bbox 2502 3627 2625 3685; x_wconf 86' lang='lat' dir='ltr'>Cor.</span> <span class='ocrx_word' id='word_1_270' title='bbox 2654 3632 2708 3686; x_wconf 79' lang='lat'>4.</span> <span class='ocrx_word' id='word_1_271' title='bbox 2744 3631 2819 3684; x_wconf 80' lang='lat'>16</span> 
     </span>
     <span class='ocr_line' id='line_1_30' title="bbox 502 3721 1642 3788; baseline 0.002 -14"><span class='ocrx_word' id='word_1_272' title='bbox 502 3721 571 3774; x_wconf 83' lang='lat'>23</span> <span class='ocrx_word' id='word_1_273' title='bbox 610 3721 676 3774; x_wconf 86' lang='lat' dir='ltr'>cf.</span> <span class='ocrx_word' id='word_1_274' title='bbox 711 3724 832 3778; x_wconf 81' lang='lat' dir='ltr'>Act.</span> <span class='ocrx_word' id='word_1_275' title='bbox 871 3721 923 3788; x_wconf 89' lang='lat'>8,</span> <span class='ocrx_word' id='word_1_276' title='bbox 964 3721 1032 3776; x_wconf 88' lang='lat'>13</span> <span class='ocrx_word' id='word_1_277' title='bbox 1140 3722 1209 3776; x_wconf 87' lang='grc'>26</span> <span class='ocrx_word' id='word_1_278' title='bbox 1244 3721 1442 3776; x_wconf 84' lang='lat' dir='ltr'>Matth.</span> <span class='ocrx_word' id='word_1_279' title='bbox 1480 3722 1566 3786; x_wconf 88' lang='grc'>23,</span> <span class='ocrx_word' id='word_1_280' title='bbox 1609 3723 1642 3776; x_wconf 88' lang='grc'><strong>3</strong></span> 
     </span>
    </p>
   </div>
   <div class='ocr_carea' id='block_1_4' title="bbox 496 3841 2827 4450">
    <p class='ocr_par' dir='ltr' id='par_1_4' title="bbox 496 3841 2827 4450">
     <span class='ocr_line' id='line_1_31' title="bbox 572 3841 2827 3915; baseline -0.001 -15"><span class='ocrx_word' id='word_1_281' title='bbox 572 3849 600 3900; x_wconf 92' lang='grc'>1</span> <span class='ocrx_word' id='word_1_282' title='bbox 643 3861 886 3900; x_wconf 87' lang='lat' dir='ltr'>sermone</span> <span class='ocrx_word' id='word_1_283' title='bbox 923 3850 1015 3915; x_wconf 58' lang='lat' dir='ltr'>(av</span> <span class='ocrx_word' id='word_1_284' title='bbox 1052 3863 1172 3914; x_wconf 73' lang='lat' dir='ltr'>sup.</span> <span class='ocrx_word' id='word_1_285' title='bbox 1211 3864 1244 3899; x_wconf 91' lang='lat' dir='ltr'>n</span> <span class='ocrx_word' id='word_1_286' title='bbox 1286 3863 1357 3900; x_wconf 87' lang='lat' dir='ltr'>er.</span> <span class='ocrx_word' id='word_1_287' title='bbox 1397 3851 1447 3900; x_wconf 78' lang='lat' dir='ltr'>et</span> <span class='ocrx_word' id='word_1_288' title='bbox 1484 3863 1512 3900; x_wconf 90' lang='lat' dir='ltr'>e</span> <span class='ocrx_word' id='word_1_289' title='bbox 1540 3861 1585 3900; x_wconf 81' lang='lat'>8.</span> <span class='ocrx_word' id='word_1_290' title='bbox 1618 3847 1653 3900; x_wconf 76' lang='lat' dir='ltr'>l.</span> <span class='ocrx_word' id='word_1_291' title='bbox 1684 3846 1816 3900; x_wconf 78' lang='lat' dir='ltr'>add.</span> <span class='ocrx_word' id='word_1_292' title='bbox 1848 3863 1915 3899; x_wconf 88' lang='lat' dir='ltr'>m.</span> <span class='ocrx_word' id='word_1_293' title='bbox 1942 3845 1999 3914; x_wconf 92' lang='grc'>2)</span> <span class='ocrx_word' id='word_1_294' title='bbox 2026 3845 2080 3898; x_wconf 88' lang='lat' dir='ltr'><strong><em>L</em></strong></span> <span class='ocrx_word' id='word_1_295' title='bbox 2190 3845 2223 3898; x_wconf 93' lang='grc'><strong>2</strong></span> <span class='ocrx_word' id='word_1_296' title='bbox 2257 3843 2621 3898; x_wconf 86' lang='lat' dir='ltr'>hereticorum</span> <span class='ocrx_word' id='word_1_297' title='bbox 2658 3841 2827 3898; x_wconf 79' lang='lat' dir='ltr'>LGS</span> 
     </span>
     <span class='ocr_line' id='line_1_32' title="bbox 501 3933 2827 4006; baseline -0.001 -18"><span class='ocrx_word' id='word_1_298' title='bbox 501 3935 534 3988; x_wconf 89' lang='lat'><strong>3</strong></span> <span class='ocrx_word' id='word_1_299' title='bbox 569 3934 850 4005; x_wconf 70' lang='lat' dir='ltr'>rephensis</span> <span class='ocrx_word' id='word_1_300' title='bbox 888 3936 941 3989; x_wconf 90' lang='lat' dir='ltr'><strong><em>L</em></strong></span> <span class='ocrx_word' id='word_1_301' title='bbox 1151 3937 1181 3989; x_wconf 88' lang='grc'>7</span> <span class='ocrx_word' id='word_1_302' title='bbox 1220 3936 1677 4006; x_wconf 75' lang='lat' dir='ltr'>sslpraenuntient</span> <span class='ocrx_word' id='word_1_303' title='bbox 1712 3935 1767 3989; x_wconf 85' lang='lat' dir='ltr'><strong><em>L</em></strong></span> <span class='ocrx_word' id='word_1_304' title='bbox 1974 3934 2119 3988; x_wconf 70' lang='lat' dir='ltr'>isaac</span> <span class='ocrx_word' id='word_1_305' title='bbox 2163 3933 2211 3988; x_wconf 81' lang='lat' dir='ltr'><strong><em>G</em></strong></span> <span class='ocrx_word' id='word_1_306' title='bbox 2406 3933 2439 3987; x_wconf 88' lang='lat'>9</span> <span class='ocrx_word' id='word_1_307' title='bbox 2478 3934 2723 3986; x_wconf 85' lang='lat' dir='ltr'>creature</span> <span class='ocrx_word' id='word_1_308' title='bbox 2772 3933 2827 3986; x_wconf 83' lang='lat' dir='ltr'><em>G</em></span> 
     </span>
     <span class='ocr_line' id='line_1_33' title="bbox 496 4021 2817 4095; baseline -0.001 -18"><span class='ocrx_word' id='word_1_309' title='bbox 496 4024 563 4077; x_wconf 84' lang='lat'>11</span> <span class='ocrx_word' id='word_1_310' title='bbox 603 4023 1034 4094; x_wconf 71' lang='lat' dir='ltr'>perfecte‚CSG</span> <span class='ocrx_word' id='word_1_311' title='bbox 1069 4023 1342 4094; x_wconf 72' lang='lat' dir='ltr'>perfectae</span> <span class='ocrx_word' id='word_1_312' title='bbox 1379 4023 1458 4077; x_wconf 82' lang='lat' dir='ltr'>L2</span> <span class='ocrx_word' id='word_1_313' title='bbox 1493 4023 1767 4095; x_wconf 84' lang='lat' dir='ltr'>perfectae</span> <span class='ocrx_word' id='word_1_314' title='bbox 1806 4039 2156 4093; x_wconf 85' lang='lat' dir='ltr'>summaeque</span> <span class='ocrx_word' id='word_1_315' title='bbox 2184 4021 2259 4076; x_wconf 82' lang='lat' dir='ltr'><strong><em>M</em></strong></span> <span class='ocrx_word' id='word_1_316' title='bbox 2465 4021 2817 4092; x_wconf 85' lang='lat' dir='ltr'>precipuam-</span> 
     </span>
     <span class='ocr_line' id='line_1_34' title="bbox 501 4109 2821 4183; baseline -0.001 -17"><span class='ocrx_word' id='word_1_317' title='bbox 501 4129 604 4182; x_wconf 87' lang='lat' dir='ltr'>que</span> <span class='ocrx_word' id='word_1_318' title='bbox 647 4112 696 4167; x_wconf 81' lang='lat' dir='ltr'><strong><em>G</em></strong></span> <span class='ocrx_word' id='word_1_319' title='bbox 827 4113 896 4166; x_wconf 79' lang='lat'>15</span> <span class='ocrx_word' id='word_1_320' title='bbox 934 4129 1136 4166; x_wconf 86' lang='lat' dir='ltr'>sarram</span> <span class='ocrx_word' id='word_1_321' title='bbox 1169 4111 1284 4168; x_wconf 75' lang='lat' dir='ltr'>LG</span> <span class='ocrx_word' id='word_1_322' title='bbox 1320 4129 1524 4183; x_wconf 66' lang='lat' dir='ltr'>sarram</span> <span class='ocrx_word' id='word_1_323' title='bbox 1565 4111 1613 4168; x_wconf 78' lang='lat' dir='ltr'><strong><em>S</em></strong></span> <span class='ocrx_word' id='word_1_324' title='bbox 1757 4112 1823 4166; x_wconf 87' lang='lat'>16</span> <span class='ocrx_word' id='word_1_325' title='bbox 1862 4111 2088 4166; x_wconf 85' lang='lat' dir='ltr'>eandem</span> <span class='ocrx_word' id='word_1_326' title='bbox 2126 4114 2184 4178; x_wconf 90' lang='lat' dir='ltr'>(n</span> <span class='ocrx_word' id='word_1_327' title='bbox 2218 4127 2263 4166; x_wconf 76' lang='grc' dir='ltr'>ε.</span> <span class='ocrx_word' id='word_1_328' title='bbox 2302 4111 2339 4166; x_wconf 80' lang='lat'>1.</span> <span class='ocrx_word' id='word_1_329' title='bbox 2378 4109 2512 4165; x_wconf 78' lang='lat' dir='ltr'>add.</span> <span class='ocrx_word' id='word_1_330' title='bbox 2548 4127 2619 4166; x_wconf 65' lang='lat' dir='ltr'>m.</span> <span class='ocrx_word' id='word_1_331' title='bbox 2658 4111 2715 4176; x_wconf 89' lang='grc'>2)</span> <span class='ocrx_word' id='word_1_332' title='bbox 2760 4109 2821 4164; x_wconf 88' lang='lat' dir='ltr'><strong><em>L</em></strong></span> 
     </span>
     <span class='ocr_line' id='line_1_35' title="bbox 497 4197 2821 4269; baseline -0.002 -13"><span class='ocrx_word' id='word_1_333' title='bbox 497 4200 814 4256; x_wconf 82' lang='lat' dir='ltr'>rebeccham</span> <span class='ocrx_word' id='word_1_334' title='bbox 850 4200 926 4254; x_wconf 75' lang='lat' dir='ltr'><strong><em>M</em></strong></span> <span class='ocrx_word' id='word_1_335' title='bbox 1069 4201 1136 4256; x_wconf 90' lang='grc'>18</span> <span class='ocrx_word' id='word_1_336' title='bbox 1173 4201 1437 4256; x_wconf 86' lang='lat' dir='ltr'>seruitute</span> <span class='ocrx_word' id='word_1_337' title='bbox 1481 4200 1530 4255; x_wconf 81' lang='lat' dir='ltr'><strong><em>G</em></strong></span> <span class='ocrx_word' id='word_1_338' title='bbox 1674 4201 1741 4256; x_wconf 89' lang='grc'>19</span> <span class='ocrx_word' id='word_1_339' title='bbox 1778 4199 2035 4255; x_wconf 86' lang='lat' dir='ltr'>libertate</span> <span class='ocrx_word' id='word_1_340' title='bbox 2076 4199 2121 4254; x_wconf 82' lang='grc' dir='ltr'><em>Ο</em></span> <span class='ocrx_word' id='word_1_341' title='bbox 2260 4199 2417 4254; x_wconf 70' lang='lat' dir='ltr'>bada</span> <span class='ocrx_word' id='word_1_342' title='bbox 2442 4197 2496 4252; x_wconf 90' lang='lat' dir='ltr'><strong><em>L</em></strong></span> <span class='ocrx_word' id='word_1_343' title='bbox 2642 4197 2821 4269; x_wconf 86' lang='lat' dir='ltr'>enim]</span> 
     </span>
     <span class='ocr_line' id='line_1_36' title="bbox 499 4285 2821 4359; baseline -0.001 -15"><span class='ocrx_word' id='word_1_344' title='bbox 499 4291 662 4344; x_wconf 82' lang='lat' dir='ltr'>etiarn</span> <span class='ocrx_word' id='word_1_345' title='bbox 694 4288 795 4345; x_wconf 66' lang='lat' dir='ltr'>Sa</span> <span class='ocrx_word' id='word_1_346' title='bbox 949 4290 1018 4344; x_wconf 86' lang='grc'>20</span> <span class='ocrx_word' id='word_1_347' title='bbox 1044 4288 1268 4359; x_wconf 88' lang='lat' dir='ltr'>liberos]</span> <span class='ocrx_word' id='word_1_348' title='bbox 1293 4289 1461 4344; x_wconf 87' lang='lat' dir='ltr'>libros</span> <span class='ocrx_word' id='word_1_349' title='bbox 1488 4288 1671 4344; x_wconf 79' lang='lat' dir='ltr'>L&#39;SG</span> <span class='ocrx_word' id='word_1_350' title='bbox 1708 4290 1853 4344; x_wconf 90' lang='lat' dir='ltr'>uiros</span> <span class='ocrx_word' id='word_1_351' title='bbox 1881 4289 1959 4343; x_wconf 83' lang='lat' dir='ltr'>L2</span> <span class='ocrx_word' id='word_1_352' title='bbox 2108 4289 2175 4343; x_wconf 89' lang='grc'>21</span> <span class='ocrx_word' id='word_1_353' title='bbox 2208 4285 2677 4359; x_wconf 84' lang='lat' dir='ltr'>quemammodum</span> <span class='ocrx_word' id='word_1_354' title='bbox 2710 4285 2821 4342; x_wconf 80' lang='lat' dir='ltr'>SG</span> 
     </span>
     <span class='ocr_line' id='line_1_37' title="bbox 500 4376 2473 4450; baseline -0.001 -19"><span class='ocrx_word' id='word_1_355' title='bbox 500 4379 568 4432; x_wconf 89' lang='grc'>23</span> <span class='ocrx_word' id='word_1_356' title='bbox 605 4378 913 4448; x_wconf 85' lang='lat' dir='ltr'>philippum</span> <span class='ocrx_word' id='word_1_357' title='bbox 955 4379 1017 4444; x_wconf 91' lang='lat' dir='ltr'>(li</span> <span class='ocrx_word' id='word_1_358' title='bbox 1053 4393 1096 4432; x_wconf 81' lang='lat'>8.</span> <span class='ocrx_word' id='word_1_359' title='bbox 1138 4379 1196 4445; x_wconf 84' lang='lat' dir='ltr'>l.)</span> <span class='ocrx_word' id='word_1_360' title='bbox 1238 4377 1285 4434; x_wconf 77' lang='lat' dir='ltr'><strong><em>S</em></strong></span> <span class='ocrx_word' id='word_1_361' title='bbox 1315 4378 1635 4450; x_wconf 79' lang='lat' dir='ltr'>phylippum</span> <span class='ocrx_word' id='word_1_362' title='bbox 1666 4379 1774 4434; x_wconf 87' lang='lat' dir='ltr'>LC</span> <span class='ocrx_word' id='word_1_363' title='bbox 1878 4380 1949 4433; x_wconf 84' lang='lat'>24</span> <span class='ocrx_word' id='word_1_364' title='bbox 1986 4376 2385 4449; x_wconf 87' lang='lat' dir='ltr'>dampnabilem</span> <span class='ocrx_word' id='word_1_365' title='bbox 2424 4377 2473 4430; x_wconf 82' lang='lat'><em>0</em></span> 
     </span>
    </p>
   </div>
  </div>
 </body>
</html>
