3159 4984
917 441 959 496 Ι.
1017 443 1118 496 De
1177 442 1562 496 utilitate
1621 440 1996 496 credendi
2052 441 2279 496 liber.
2688 448 2775 509 33

482 639 608 702 duo
657 638 995 721 probanda,
1063 657 1221 720 quae
1283 638 1492 720 priora
1539 637 1892 721 posuimus.
1942 647 2007 700 et
2051 637 2173 701 tria
2219 637 2459 720 reliqua
2506 638 2771 702 uitiosa:

479 745 844 809 inuenimus
928 744 1202 826 primum
1283 745 1616 810 beatorum
1690 763 1893 826 genus
1970 743 2093 827 ipsi
2168 743 2423 808 ueritati
2505 744 2776 821 credere,

485 849 834 914 secundum
883 853 1098 915 autem
1147 851 1580 916 studiosorum
1630 853 2106 932 amatorumque
2153 850 2444 916 ueritatis
2510 851 2777 916 auctori-

484 958 624 1024 tati.
653 957 718 1021 in
755 957 988 1040 quibus
1037 957 1284 1023 duobus
1323 959 1659 1042 generibus
1697 956 2103 1022 laudabiliter
2139 957 2433 1022 creditur.
2472 958 2536 1022 in
2574 958 2777 1042 primo

379 1090 410 1129 5
483 1067 702 1128 autem
748 1063 1146 1142 uitiosorum,
1193 1064 1259 1128 id
1306 1069 1406 1129 est
1452 1084 1690 1140 eorum,
1740 1064 1849 1147 qui
1897 1064 2233 1147 opinantur
2277 1083 2344 1129 se
2402 1065 2562 1129 scire
2610 1066 2779 1148 quod

483 1171 789 1241 nesciant,
829 1173 928 1236 est
961 1172 1244 1254 profecto
1282 1172 1516 1236 uitiosa
1555 1171 1914 1236 credulitas.
1956 1175 2165 1235 cetera
2212 1171 2336 1237 duo
2392 1171 2779 1252 inprobanda

484 1297 716 1360 genera
743 1278 900 1342 nihil
931 1263 1231 1343 credunt':
1265 1283 1328 1342 et
1355 1279 1452 1342 illi
1472 1279 1581 1361 qui
1600 1298 1825 1344 uerum
1846 1281 2155 1361 quaerunt
2175 1297 2320 1343 cum
2342 1279 2778 1362 desperatione

484 1383 868 1461 inueniendi‚
919 1387 986 1448 et
1029 1385 1124 1448 illi
1171 1386 1281 1468 qui
1329 1385 1583 1450 omnino
1630 1405 1753 1450 non
1802 1389 2129 1468 quaerunt.
2181 1390 2245 1449 et
2290 1386 2411 1451 hoc
2459 1386 2783 1451 dumtaxat

485 1491 550 1554 in
609 1491 798 1556 rebus
857 1491 934 1554 ad
994 1493 1268 1574 aliquam
1323 1493 1793 1575 pertinentibus
1842 1493 2265 1575 disciplinam.
2334 1512 2477 1556 nam
2535 1494 2597 1557 in
2656 1493 2779 1558 alio

387 1622 448 1662 ιο
493 1598 668 1661 uitae
715 1602 860 1662 actu
897 1616 1160 1680 prorsus
1197 1597 1414 1662 nescio
1451 1617 1577 1680 quo
1617 1602 1802 1681 pacto
1842 1600 2050 1680 possit
2086 1599 2273 1664 homo
2312 1599 2471 1663 nihil
2510 1600 2778 1664 credere.

487 1721 872 1785 quamquam
935 1703 1000 1767 in
1067 1703 1196 1768 illis
1255 1704 1447 1768 etiarn
1507 1705 1616 1786 qui
1672 1725 1740 1769 se
1798 1705 1859 1768 in
1910 1705 2153 1789 agendo
2202 1706 2553 1788 probabilia
2600 1707 2781 1788 sequi

456 1807 729 1888 dicunt,
797 1811 958 1876 scire
1023 1811 1238 1894 potius
1305 1811 1464 1876 nihil
1527 1831 1717 1895 posse
1785 1832 1972 1894 quam
2038 1813 2194 1876 nihil
2252 1813 2503 1878 credere
2559 1814 2787 1880 uolunt

490 1917 714 1984 uideri.
765 1917 910 1999 quis
961 1917 1126 1982 enim
1175 1918 1346 2000 quod
1391 1918 1622 2000 probat
1666 1937 1789 1984 non
1840 1919 2088 1982 credit?
2156 1923 2269 1984 aut
2322 1920 2639 2002 quomodo
2688 1924 2787 1985 est

489 2023 652 2088 illud
699 2023 870 2107 quod
917 2027 1290 2106 sequuntur,
1341 2026 1397 2089 si
1443 2045 1566 2089 non
1616 2026 1936 2108 probatur.
1984 2026 2364 2108 probabile?
2420 2045 2611 2109 quare
2660 2031 2784 2091 duo

391 2156 450 2196 15
492 2149 723 2215 genera
767 2133 1038 2213 possunt
1085 2149 1225 2196 esse
1273 2132 1743 2196 aduersantium
1802 2131 2086 2195 ueritati:
2146 2153 2343 2196 unum
2391 2152 2629 2208 corum,
2680 2134 2787 2217 qui

497 2238 830 2302 scientiam
876 2241 1125 2302 tantum
1175 2239 1564 2322 obpugnant,
1614 2258 1737 2302 non
1784 2238 1994 2328 fidem,
2054 2240 2323 2303 alterum
2382 2259 2619 2315 eorum,
2678 2241 2788 2322 qui

493 2348 835 2424 utrumque
894 2343 1349 2408 condemnant:
1421 2345 1532 2427 qui
1586 2348 1798 2409 tamen
1854 2348 2071 2408 utrum
2126 2345 2191 2408 in
2247 2346 2436 2410 rebus
2492 2345 2786 2411 humanis

489 2447 765 2514 inueniri
816 2449 1085 2532 possint.
1142 2471 1363 2516 rursus
1421 2453 1661 2535 ignoro.
1700 2451 1855 2516 haec
1905 2451 2074 2515 dicta
2121 2456 2289 2520 sunt.
2338 2455 2413 2515 ut
2458 2451 2786 2536 intellege-

491 2575 707 2621 remus
773 2575 888 2621 nos
946 2559 1193 2619 retenta
1249 2555 1373 2621 fide
1427 2557 1681 2622 illarum
1742 2558 1933 2622 etiam
1987 2577 2220 2629 rerum,
2288 2578 2442 2640 quas
2508 2558 2789 2623 nondum

389 2691 449 2730 ιο
491 2662 1082 2745 conprehendimus
1139 2681 1174 2726 a
1219 2663 1579 2727 temeritate
1630 2663 2024 2746 opinantium
2082 2663 2411 2729 uindicari.
2478 2684 2621 2728 nam
2682 2664 2792 2746 qui

492 2769 715 2833 dicunt
752 2769 912 2833 nihil
952 2787 1092 2834 esse
1135 2769 1516 2834 credendum
1543 2771 1683 2834 ‘nisi
1721 2771 1889 2852 quod
1930 2771 2190 2839 scimus,
2222 2771 2290 2834 hi
2326 2791 2525 2835 unum
2565 2773 2794 2836 cauent

491 2894 718 2940 nomen
773 2875 1174 2957 opinationis,
1235 2876 1406 2957 quod
1451 2877 1777 2941 fatendum
1831 2883 1931 2943 est
1977 2882 2159 2961 turpe
2210 2897 2282 2941 ac
2328 2877 2785 2954 miserrimum3

491 2981 606 3046 sed
673 2982 727 3046 si
793 2981 1136 3065 diligenter
1200 2982 1603 3047 considerent
1657 2983 2003 3066 plurimum
2058 2985 2387 3051 interesse.
2446 2988 2658 3047 utrum
2720 3003 2787 3048 se

489 3088 650 3152 scire
697 3089 842 3170 quis
889 3091 1092 3170 putet,
1143 3107 1220 3152 an
1278 3089 1446 3171 quod
1502 3090 1747 3153 nescire
1796 3109 1863 3153 se
1910 3090 2245 3174 intellegit.
2307 3089 2519 3154 credat
2574 3091 2785 3172 aliqua

387 3225 446 3265 25
492 3196 868 3260 auctoritate
919 3198 1297 3270 commotus,
1337 3195 1623 3276 profecto
1672 3215 1910 3260 errores
1958 3199 2023 3259 et
2066 3195 2547 3260 inhumanitatis
2597 3200 2784 3278 atque

485 3302 820 3384 superbiae
869 3301 1104 3364 crimen
1153 3301 1506 3368 euitabunt.

557 3573 592 3623 4
647 3570 871 3625 duorum
919 3569 1264 3640 SPpMVmb
1429 3573 1460 3625 6
1499 3572 1749 3628 nesciunt
1788 3571 1839 3622 Γ
1950 3573 2014 3627 10
2054 3539 2400 3674 uituacntup
2526 3571 2784 3642 pactnC'h

485 3687 552 3740 11
593 3684 897 3756 probanilia
927 3685 1006 3740 Ch
1135 3688 1199 3740 12
1237 3649 1418 3758 uolufp‘
1445 3687 1511 3742 8²²
1642 3687 1706 3740 13
1747 3687 1932 3741 credat
1970 3688 2021 3739 V
2158 3690 2224 3743 14
2255 3691 2515 3758 sequntur
2564 3692 2617 3760 (q
2656 3703 2721 3742 cx
2759 3703 2785 3740 c

467 3775 643 3844 fact.)
691 3774 736 3828 S
786 3776 1030 3846 sequitur
1070 3791 1125 3829 m
1161 3783 1415 3882 secuptur
1465 3777 1623 3832 GhM
1729 3780 1917 3881 quiin-el
1971 3777 2205 3847 quadere
2260 3777 2347 3846 (de
2394 3795 2447 3830 m
2484 3776 2516 3829 2
2557 3775 2701 3838 add.)
2735 3775 2790 3828 P

484 3891 555 3944 15
594 3887 955 3945 aduersarium
992 3889 1072 3944 071
1165 3893 1328 3947 ueriti
1373 3892 1452 3946 Ch
1602 3893 1665 3945 17
1706 3897 2091 3979 contempnent
2121 3893 2188 3946 8²
2237 3891 2638 3963 condempnant
2664 3891 2787 3944 Mm

484 3995 556 4050 18
582 3998 786 4066 rursus]
815 3996 1126 4066 prorsusGh
1201 3999 1266 4052 19
1297 4001 1450 4070 quas]
1491 3998 1620 4068 quia
1652 3997 1732 4051 Ch
1805 3998 1878 4052 20
1915 3999 2255 4068 operantium
2280 3997 2362 4052 Ch
2434 3999 2500 4052 21
2524 3997 2603 4067 hi]
2624 3995 2680 4050 id
2708 3996 2789 4050 Gk

479 4109 779 4178 SpMVmb
870 4113 939 4165 22
978 4111 1248 4182 opinionis
1277 4113 1371 4166 Sm
1443 4115 1514 4167 23
1551 4071 1931 4184 siqnc‘filigenter
1969 4111 2322 4180 considerem
2347 4115 2401 4178 (n
2426 4129 2495 4166 er.
2521 4113 2642 4182 quis
2662 4128 2730 4164 m.
2754 4111 2787 4162 3

479 4197 634 4266 add.)
661 4199 715 4251 P
865 4201 934 4254 25
973 4201 1166 4255 erroris
1195 4201 1542 4270 SPpMVmb
1662 4203 1730 4256 26
1770 4199 2051 4273 superuiae
2073 4202 2152 4256 Ch
2230 4200 2518 4255 euitabunt
2564 4199 2789 4267 ,sm-ipsi.-

481 4286 723 4342 euitauit
763 4287 847 4342 Ch
891 4289 1096 4344 uitauit
1132 4289 1178 4343 S
1193 4290 1266 4342 M
1279 4291 1311 4343 b
1369 4290 1570 4344 uitabit
1610 4290 1665 4357 (b
1723 4308 1788 4344 ex
1844 4307 1879 4344 u
1936 4299 2095 4358 corr.)
2140 4291 2191 4343 Ρ
2244 4290 2506 4344 inuitauit
2536 4307 2579 4357 p
2636 4288 2785 4340 uita-

487 4374 632 4428 bunt
663 4377 754 4430 Vm

595 4499 711 4540 XXV
760 4503 877 4548 Auoe.
905 4505 1015 4541 teet.
1045 4502 1089 4540 6.
2436 4485 2465 4536 3
