3159 4984
498 454 632 516 210
747 470 755 479 ·
1190 450 1242 502 S.
1300 449 1570 502 Aureli
1634 448 2071 511 Augustini

585 644 764 710 Haec
827 644 988 709 mihi
1050 645 1218 710 unde
1272 644 1653 728 probaturus
1710 644 1829 719 est,
1888 645 2000 706 aut
2052 641 2210 707 haec
2264 641 2404 723 ipse
2462 640 2629 705 unde
2686 658 2787 705 co-

498 751 772 836 gnouit?
835 750 968 816 noli
1029 769 1132 815 me
1197 753 1430 815 terrere
1494 746 1799 832 paracleti
1860 747 2135 813 nomine.
2200 747 2402 831 primo
2459 746 2609 830 quia
2662 766 2783 813 non

497 858 750 924 credere
795 857 1142 943 incognita,
1192 856 1304 922 sed
1361 859 1533 921 certa
1589 873 1967 941 cognoscere
2024 852 2269 919 accessi
2316 872 2353 917 a
2395 852 2582 919 uobis
2626 854 2786 937 ipsis

495 966 705 1031 factus
777 964 1079 1029 timidior.
1146 982 1266 1029 uos
1323 963 1492 1027 enim
1547 962 1773 1038 nostis,
1828 964 2066 1025 temere
2130 960 2533 1025 credentibus
2597 978 2787 1042 quam

502 1072 911 1137 uehementer
954 1070 1263 1137 insultare
1311 1069 1597 1144 soleatis,
1653 1068 2023 1151 praesertim
2082 1086 2227 1133 cum
2282 1068 2441 1150 ipse,
2499 1068 2606 1150 qui
2660 1066 2790 1130 iam
2822 1088 2851 1128 ⁵

496 1178 709 1262 coepit
750 1178 994 1244 incerta
1037 1195 1308 1255 narrare,
1355 1176 1611 1260 plenam
1657 1192 1731 1241 ac
1766 1174 2010 1239 firmam
2052 1174 2382 1241 scientiam
2418 1174 2607 1257 paulo
2646 1176 2790 1237 ante

493 1284 876 1370 promiserit.

589 1392 692 1457 14.
761 1388 1004 1455 Deinde
1071 1387 1389 1471 quoniam,
1447 1388 1502 1453 si
1557 1386 1717 1451 mihi
1772 1386 1931 1451 fides
1988 1386 2357 1471 imperanda
2412 1390 2531 1463 est,
2585 1385 2791 1471 magis

491 1516 596 1563 me
649 1498 848 1563 terret
907 1495 1024 1561 illa
1079 1494 1408 1578 scriptura,
1467 1494 1580 1559 nbi
1632 1494 1780 1579 lego
1836 1492 2093 1561 uenisse
2150 1494 2444 1577 spiritum
2500 1496 2792 1561 sanctum

495 1606 562 1669 et
623 1603 952 1687 apostolos
1015 1600 1378 1686 inspirasse,
1445 1599 1677 1683 quibus
1744 1620 1889 1665 eum
1958 1599 2254 1666 dominns
2319 1619 2388 1666 se
2444 1600 2793 1666 missurum
2830 1622 2886 1659 zo

499 1728 642 1777 esse
699 1707 1099 1794 promiserat.
1167 1708 1549 1790 quapropter
1604 1710 1717 1770 aut
1770 1724 1866 1785 ea,
1924 1723 2085 1788 quae
2140 1704 2317 1785 dicit,
2381 1707 2579 1791 proba
2636 1705 2795 1771 mihi

499 1834 654 1882 uera
698 1834 864 1895 esse,
910 1818 988 1879 nt
1033 1813 1356 1892 ostendas,
1412 1832 1574 1896 quae
1628 1830 1757 1879 non
1810 1831 2076 1897 possum
2130 1812 2404 1891 credere,
2459 1816 2573 1877 aut
2626 1832 2794 1889 eum,

495 1923 606 2007 qui
654 1922 832 2001 dicit,
877 1920 1076 2006 proba
1119 1919 1278 1985 mihi
1323 1920 1621 2003 spiritum
1670 1922 1965 1985 sanctum
2012 1938 2174 1997 esse,
2212 1924 2289 1984 ut
2324 1919 2597 1997 credam,
2633 1937 2797 2003 quae

499 2049 625 2095 non
669 2031 856 2113 potes
903 2025 1256 2095 ostendere.
1325 2043 1444 2111 ego
1490 2044 1765 2110 namque
1820 2025 2203 2093 catholicam
2256 2025 2447 2091 fidem
2500 2026 2803 2109 profiteor

498 2140 564 2199 et
607 2153 721 2218 per
763 2132 946 2199 illam
989 2150 1094 2197 me
1143 2130 1223 2197 ad
1269 2133 1506 2197 certam
1553 2130 1887 2199 scientiam
1932 2134 2389 2215 peruenturum
2434 2150 2578 2199 esse
2621 2151 2798 2217 prae·
2838 2152 2890 2193 ιε

504 2261 726 2318 sumo;
793 2242 867 2305 tu
921 2258 1096 2317 uero,
1153 2238 1265 2322 qui
1309 2238 1502 2303 fidem
1548 2256 1759 2303 meam
1802 2238 2185 2305 labefactare
2234 2238 2502 2317 conaris,
2560 2244 2798 2310 certam

510 2347 848 2413 scientiam
911 2345 1115 2425 trade,
1181 2344 1239 2413 si
1299 2347 1504 2429 potes,
1570 2349 1648 2411 ut
1706 2345 1794 2422 id,
1860 2344 2030 2429 quod
2084 2344 2343 2425 credidi,
2398 2350 2638 2413 temere
2694 2366 2798 2413 me

506 2452 853 2521 credidisse
921 2451 1284 2520 conuincas.
1351 2452 1476 2519 duo
1543 2453 1715 2532 sunt,
1782 2470 1943 2535 quae
2008 2451 2170 2518 mihi
2232 2453 2511 2537 profers:
2575 2472 2797 2531 unum,

506 2581 653 2627 cum
719 2559 880 2627 dicis
946 2558 1242 2645 spiritum
1297 2562 1592 2626 sanctum
1648 2578 1810 2637 esse,
1869 2560 1979 2643 qui
2032 2559 2338 2643 loquitur,
2394 2564 2461 2627 et
2504 2560 2798 2638 alterum,

499 2688 648 2733 cum
713 2665 875 2734 dicis
939 2664 1280 2732 manifesta
1343 2684 1505 2745 esse,
1571 2684 1734 2749 quae
1792 2666 2099 2749 loquitur.
2164 2669 2509 2751 utrumque
2565 2667 2681 2733 abs
2732 2669 2797 2732 te
2828 2683 2887 2725 ιο

501 2774 636 2841 sine
681 2772 818 2837 ulla
863 2772 1260 2839 dubitatione
1308 2790 1691 2858 cognoscere
1738 2772 1967 2851 debui;
2015 2774 2129 2841 sed
2173 2794 2299 2842 non
2346 2794 2493 2841 sum
2538 2794 2790 2851 auarus.

501 2900 706 2946 unum
749 2879 980 2947 horum
1027 2878 1205 2947 doce.
1273 2880 1538 2947 ostende
1594 2880 1765 2946 hunc
1820 2899 1961 2947 esse
2016 2881 2312 2967 spiritum
2366 2884 2679 2960 sanctum,
2727 2884 2794 2948 et

499 2986 752 3053 credam
795 3004 952 3053 nera
996 3004 1160 3065 esse,
1216 3005 1378 3070 quae
1433 2986 1610 3065 dicit,
1667 2986 1917 3053 etiamsi
1977 2988 2297 3067 nesciam;
2363 2992 2477 3054 aut
2528 2988 2792 3055 ostende

499 3110 655 3181 uera
719 3110 883 3171 esse,
949 3111 1112 3176 quae
1176 3091 1361 3171 dicit,
1439 3096 1505 3159 et
1566 3092 1819 3159 credam
1892 3094 2189 3179 spiritum
2262 3098 2554 3162 sanctum
2628 3115 2791 3173 esse,

507 3196 759 3263 etiamsi
823 3196 1124 3265 nesciam.
1191 3197 1500 3283 numquid
1557 3199 1825 3283 aequius
1879 3203 1995 3267 ant
2042 3200 2517 3270 beniuolentiae
2578 3208 2795 3269 tecum
2828 3215 2884 3256 ¹⁵

509 3302 616 3387 agi
659 3304 927 3389 potest?
997 3302 1112 3371 sed
1155 3306 1229 3370 tu
1275 3322 1392 3370 nec
1436 3304 1560 3369 hoc
1603 3323 1721 3370 nec
1765 3305 1927 3372 illud
1980 3306 2159 3374 nales
2218 3309 2569 3377 ostendere.
2635 3309 2795 3376 nihil

507 3407 684 3473 aliud
720 3409 977 3496 elegisti
1011 3408 1136 3477 nisi
1171 3410 1450 3489 laudare,
1489 3410 1663 3495 quod
1698 3411 1921 3491 credis,
1961 3415 2028 3479 et
2060 3412 2352 3493 inridere,
2380 3415 2552 3499 quod
2586 3416 2792 3485 credo.

507 3534 656 3581 cum
701 3514 903 3602 igitur
947 3515 1141 3582 etiam
1187 3536 1306 3603 ego
1351 3516 1643 3583 uicissim
1685 3517 2054 3597 laudauero,
2092 3520 2263 3603 quod
2300 3522 2484 3588 credo
2524 3525 2589 3587 et
2626 3522 2793 3606 quod

682 3708 750 3762 10
788 3707 854 3763 cf.
894 3709 1014 3763 Act.
1052 3710 1106 3772 2,
1151 3710 1176 3762 1
1219 3724 1337 3779 sqq.
1443 3709 1504 3762 11
1547 3708 1621 3765 cf.
1651 3709 1768 3764 Ioh.
1809 3710 1891 3775 14,
1934 3710 1999 3763 16
2038 3727 2153 3781 sqq.

575 3832 608 3886 2
639 3832 696 3886 in
721 3830 938 3886 nomine
958 3830 1134 3885 HVL
1205 3832 1240 3884 5
1269 3831 1510 3902 quumP
1579 3832 1614 3886 6
1643 3832 1789 3905 cepit
1814 3832 1867 3889 Τ
1932 3834 2409 3891 9tcrrerctHTV
2440 3840 2653 3893 teneret
2674 3836 2798 3892 GSb

502 3921 766 3977 scribtura
798 3919 868 3975 H
971 3922 1036 3974 11
1073 3918 1210 3974 dicis
1245 3918 1278 3973 b
1377 3920 1445 3974 15
1483 3924 1867 3991 peruenturum
1902 3938 2021 3977 esse
2054 3939 2159 3978 om.
2206 3922 2365 3979 VLY
2468 3941 2587 3981 esse
2620 3942 2726 3981 out.
2764 3924 2797 3978 b

504 4010 570 4065 17
609 4006 825 4079 quodq:
867 4006 924 4067 (d
958 4022 1002 4062 s.
1044 4008 1102 4077 l.)
1142 4005 1210 4060 Η
1314 4006 1381 4061 18
1408 4006 1462 4061 Κ
1495 4006 1563 4061 Η
1596 4006 1783 4079 Capit!
1814 4010 1865 4063 T
1990 4011 2056 4065 19
2086 4026 2251 4081 quum
2274 4011 2332 4065 P
2453 4012 2523 4067 20
2551 4028 2717 4083 quum
2744 4013 2805 4067 P

504 4099 570 4152 21
593 4097 746 4152 tebui
764 4095 818 4152 V
883 4096 953 4151 23
974 4097 1135 4168 quae]
1156 4112 1246 4167 qm
1266 4094 1320 4151 V
1416 4094 1550 4151 dicis
1569 4094 1625 4153 V
1726 4096 1940 4153 etiamsi
1954 4098 2195 4154 nesciam
2215 4100 2382 4156 ΜΕ
2452 4101 2523 4155 24
2542 4100 2805 4157 dicisLV

504 4187 574 4241 25
613 4185 804 4257 equina
841 4185 893 4239 V
1030 4184 1444 4239 beneuolentiae
1472 4183 1529 4240 V
1666 4185 1736 4239 26
1774 4185 1963 4241 ualens
1980 4187 2050 4242 H
2186 4188 2255 4245 27
2282 4188 2539 4261 delegisti
2577 4190 2628 4245 V
2660 4191 2798 4247 telc-

505 4276 638 4346 gisti
671 4274 729 4329 L
765 4274 926 4345 egisti
969 4274 1052 4342 (in
1084 4276 1277 4343 naam.)
1317 4272 1350 4327 b
1486 4273 1698 4329 credam
1733 4274 1813 4331 12¹
1942 4276 2011 4331 28
2049 4294 2213 4347 quum
2249 4278 2306 4333 P
2446 4278 2799 4335 cum—credo

505 4364 589 4429 {in
628 4379 820 4432 enarq.)
862 4362 913 4415 V
