3159 4984
418 446 555 510 514
1122 443 1175 495 S.
1232 442 1505 495 Aureli
1561 442 1999 512 Augustini

420 658 583 721 quae
633 656 781 702 cum
826 638 982 703 haec
1030 638 1244 701 sutura
1291 639 1525 717 essent,
1573 640 1743 703 recte
1793 638 2184 715 dicebantur,
2245 638 2312 701 et
2363 636 2730 700 institueret

420 745 549 810 dici
596 748 820 823 „natus
859 748 978 823 est,
1027 763 1257 827 passus
1307 746 1426 822 est,
1466 744 1863 821 resurrexit,“
1919 763 2079 826 quae
2122 743 2256 807 illis
2304 742 2618 825 conpletis
2665 746 2730 806 et

420 853 504 918 ob
552 853 675 919 hoc
724 852 957 917 ablatis
1004 855 1175 917 recte
1223 851 1539 931 dicuntur.

519 962 621 1024 17.
674 960 858 1026 Sicut
904 978 1053 1043 ergo
1090 959 1221 1023 ista
1258 959 1472 1037 uerba,
1510 958 1606 1023 ita
1639 958 1754 1022 illa
1789 958 2015 1040 prioris
2053 957 2274 1041 populi
2312 958 2728 1032 sacramenta,

425 1067 575 1149 quia
618 1087 732 1150 per
780 1087 947 1145 eum,
990 1066 1099 1149 qui
1146 1086 1269 1131 non
1318 1065 1498 1131 uenit
1540 1066 1752 1151 legem
1801 1068 1867 1129 et
1910 1064 2251 1148 prophetas
2307 1064 2558 1128 soluere
2616 1062 2730 1128 sed

420 1172 769 1257 adinplere,
827 1174 954 1238 iam
996 1174 1253 1263 *inpleta
1307 1176 1476 1250 sunt,
1532 1172 1676 1237 ideo
1732 1172 1877 1236 tolli
1930 1171 2290 1253 mutarique
2354 1170 2726 1247 debuerunt,

420 1280 595 1362 quod
659 1281 883 1364 primis
950 1280 1341 1356 christianiS,
1407 1279 1517 1361 qui
1582 1298 1655 1343 ex
1717 1278 1974 1343 Iudaeis
2041 1276 2460 1355 crediderant,
2530 1277 2730 1342 donec

422 1390 648 1453 contra
690 1392 826 1453 tam
872 1387 1236 1452 diuturnam
1293 1385 1825 1452 consuetudinem
1879 1385 2187 1469 paulatim
2242 1384 2731 1468 persuaderetur

422 1498 615 1578 atque
666 1495 743 1558 ad
766 1479 1191 1559 'intellectum
1238 1492 1592 1576 perfectum
1637 1493 2106 1575 perduceretur,
2156 1495 2222 1555 et
2267 1492 2416 1573 quia
2457 1491 2552 1555 ita
2595 1492 2732 1554 nati

422 1606 609 1667 erant
655 1606 847 1685 atque
892 1601 1196 1680 instituti,
1248 1599 1538 1665 siuerunt
1586 1620 1692 1665 eos
1739 1600 2015 1683 apostoli
2059 1598 2336 1682 patrium
2374 1598 2567 1663 ritum
2605 1602 2730 1661 tra-

422 1709 861 1791 ditionemque
930 1728 1182 1773 seruare
1250 1711 1314 1772 et
1370 1726 1501 1785 eos,
1560 1708 1793 1790 quibus
1852 1706 1972 1771 hoc
2028 1724 2189 1789 opus
2251 1708 2406 1782 erat,
2461 1709 2540 1769 ut
2584 1724 2730 1769 con·

422 1818 727 1900 gruerent
786 1816 1047 1881 illorum
1112 1814 1397 1879 tarditati
1461 1814 1893 1896 moribusque,
1960 1817 2362 1877 monuerunt.
2427 1812 2572 1877 inde
2631 1814 2734 1877 est

424 1921 597 2004 quod
634 1922 1043 1987 Timotheum
1090 1922 1320 1987 iudaea
1362 1926 1567 1987 matre
1617 1924 1684 1986 et
1727 1940 1952 2005 graeco
2002 1923 2177 2003 patre
2215 1923 2438 1984 natum
2473 1922 2734 2003 propter

424 2030 599 2108 illos,
660 2028 736 2093 ad
794 2047 955 2111 quos
1010 2030 1174 2094 tales
1232 2049 1378 2094 cum
1436 2047 1508 2093 eo
1565 2032 1850 2105 uenerat,
1898 2028 2090 2092 etiam
2139 2026 2540 2091 circumcidit
2583 2044 2731 2109 apo-

424 2137 637 2201 stolus
686 2139 877 2218 atque
923 2137 1061 2219 ipse
1108 2136 1276 2201 inter
1320 2155 1430 2201 eos
1474 2155 1718 2201 morem
1765 2134 2137 2199 huiusmodi
2197 2133 2551 2199 custodiuit
2605 2152 2732 2197 non

425 2242 840 2307 simulatione
878 2242 1113 2321 fallaci,
1155 2241 1267 2307 sed
1307 2242 1573 2307 consilio
1614 2241 1944 2325 prudenti;
1985 2260 2190 2323 neque
2229 2240 2395 2305 enim
2433 2240 2526 2303 ita
2561 2239 2732 2304 natis

424 2352 495 2414 et
555 2349 649 2412 ita
710 2348 1030 2414 institutis
1096 2348 1281 2413 noxia
1346 2353 1524 2413 erant
1585 2349 1732 2426 ista,
1795 2347 2088 2429 quamuis
2147 2348 2274 2410 iam
2333 2367 2456 2412 non
2515 2348 2734 2410 essent

430 2455 866 2540 significandis
912 2455 1148 2520 futuris
1196 2456 1571 2523 necessaria.
1640 2456 1846 2539 magis
1893 2456 2125 2540 quippe
2173 2454 2429 2519 noxium
2477 2456 2612 2517 erat
2657 2470 2734 2517 ea.

424 2564 751 2645 tamquam
816 2562 1001 2629 noxia
1043 2562 1376 2646 prohibere
1440 2562 1505 2627 in
1564 2562 1662 2628 his
1719 2561 2105 2640 hominibus»,
2167 2580 2372 2643 usque
2433 2560 2511 2624 ad
2568 2579 2732 2642 quos

430 2668 653 2733 durare
704 2669 1078 2746 debuerunt,
1138 2670 1438 2751 quoniam
1486 2668 1801 2746 Christus,
1853 2670 1960 2752 qui
2009 2688 2227 2735 omnes
2273 2668 2418 2731 illas
2464 2666 2732 2750 prophe-

428 2777 552 2842 tias
617 2777 859 2860 inplere
923 2780 1205 2855 uenerat,
1275 2777 1367 2841 sic
1434 2796 1542 2843 eos
1598 2776 1883 2841 initiatos
1940 2777 2290 2852 inuenerat,
2347 2777 2422 2839 ut
2475 2775 2600 2838 iam
2653 2774 2731 2839 de

428 2886 661 2963 cetero,
710 2884 821 2966 qui
868 2884 1049 2948 nulla
1093 2884 1209 2948 tali
1257 2884 1724 2949 necessitudine
1771 2884 2154 2960 tenerentur,
2197 2881 2309 2948 sed
2357 2902 2427 2947 ex
2475 2881 2731 2946 diuerso

426 2991 633 3055 ueluti
678 2991 939 3073 pariete,
988 2991 1057 3055 id
1104 2995 1203 3057 est
1250 3010 1321 3055 ex
1366 2990 1722 3075 praeputio,
1781 2989 1862 3053 ad
1915 2990 2103 3053 illum
2160 2990 2528 3074 angularem
2573 2988 2731 3071 lapi-

426 3096 595 3173 dem,
647 3097 758 3179 qui
798 3096 1089 3163 Christus
1139 3100 1257 3175 est,
1308 3096 1736 3175 conuenirent,
1787 3096 1865 3160 ad
1911 3096 2088 3159 nulla
2132 3096 2286 3159 talia
2333 3099 2729 3179 cogerentur.

432 3202 489 3265 si
538 3206 752 3267 autem
800 3204 923 3281 his,
974 3204 1084 3286 qui
1134 3224 1205 3267 ex
1254 3203 1736 3269 circumcisione
1783 3206 2089 3267 uenerant
2122 3203 2488 3283 talibusque
2527 3220 2716 3266 sacra

433 3310 666 3374 mentis
735 3310 941 3375 adhuc
1008 3310 1206 3375 dediti
1274 3313 1467 3389 erant,
1535 3309 1703 3375 ultro
1771 3310 2032 3385 uellent,
2101 3310 2269 3374 sicut
2331 3308 2729 3386 TimotheuS,

432 3416 714 3481 conferre
760 3418 1263 3499 congruentiam,
1304 3438 1425 3483 non
1474 3416 1976 3499 prohiberentur,
2025 3435 2248 3479 uerum
2297 3416 2354 3479 si
2397 3415 2460 3479 in
2509 3414 2730 3479 huius-

616 3608 681 3661 15
723 3608 791 3662 cf.
829 3609 951 3663 Act.
991 3610 1081 3672 16,
1120 3611 1145 3662 1
1186 3626 1265 3679 sq.
1376 3610 1446 3663 24
1484 3610 1551 3663 cf.
1589 3610 1788 3681 Ephes,
1829 3610 1878 3673 2,
1923 3610 1992 3663 14
2029 3611 2086 3663 et
2121 3609 2192 3663 20

508 3735 533 3783 1
576 3732 730 3801 haec]
771 3732 947 3787 adhuc
988 3733 1018 3785 b
1130 3735 1161 3786 7
1194 3739 1321 3801 post
1360 3733 1668 3788 christianis
1695 3750 1738 3787 3.
1772 3734 1806 3787 Ζ.
1839 3732 1970 3786 add.
1999 3732 2312 3803 impositum
2352 3748 2460 3785 non
2489 3734 2572 3785 est
2597 3731 2662 3783 in
2689 3730 2738 3784 S

430 3821 464 3874 8
504 3820 758 3875 diurnam
798 3821 943 3876 θ’θ’
1089 3823 1461 3892 paulatimque
1501 3822 1601 3879 SG'-
1746 3824 1778 3876 9
1819 3821 2201 3893 perduceretur
2248 3824 2334 3889 (ur
2378 3822 2443 3875 in
2487 3822 2622 3886 rac.)
2667 3820 2740 3872 M

432 3910 853 3980 perducerentur
890 3910 991 3965 8222
1106 3912 1173 3965 10
1220 3912 1486 3982 siuerunt]
1532 3914 1808 3967 iusserunt
1852 3912 1898 3965 C
2005 3911 2073 3965 12
2117 3910 2401 3965 tarditioni
2441 3911 2524 3977 (in
2559 3926 2730 3980 mar-9.

430 4000 700 4062 tarditati)
741 4000 788 4055 S
820 4000 1071 4055 traditati
1114 4000 1166 4054 θ’·
1275 4002 1342 4055 13
1381 4000 1542 4056 iudea
1587 4000 1634 4055 0
1773 4016 1932 4071 greco
1974 4000 2146 4070 (μάᾱ.
2183 4016 2252 4052 m.
2293 4002 2348 4061 2>
2387 3999 2442 4052 L
2562 3998 2627 4052 18
2668 4015 2732 4051 ea

434 4090 510 4153 (m
548 4090 642 4159 er.)
682 4088 735 4141 L
849 4090 913 4143 19
951 4090 1006 4143 in
1049 4092 1249 4157 (paene
1286 4093 1384 4156 er.)
1422 4090 1475 4143 L
1585 4090 1656 4142 20
1703 4090 2020 4161 prophecias
2065 4090 2111 4142 C
2218 4090 2287 4142 22
2336 4091 2516 4158 cetero
2555 4088 2729 4157 (add.

432 4194 499 4232 m.
550 4177 609 4247 2)
658 4176 711 4229 L
762 4176 933 4231 d&ero
978 4178 1029 4232 G
1172 4180 1283 4233 tale
1331 4179 1455 4234 8¹6
1637 4180 1705 4234 23
1754 4180 1811 4233 id
1863 4183 1946 4234 est
1986 4182 2061 4247 (st
2095 4194 2140 4232 ε.
2189 4178 2223 4231 l.
2265 4178 2397 4233 add.
2447 4195 2515 4230 m.
2567 4180 2625 4243 2)
2679 4176 2734 4228 L

433 4265 729 4336 praepudio
768 4266 1064 4321 L1S¹M¹G
1103 4269 1289 4337 ppvtio
1328 4270 1415 4339 (ex
1450 4269 1711 4338 ppositio)
1751 4268 1798 4321 0
1903 4270 1970 4323 25
2010 4270 2079 4339 si]
2117 4268 2162 4321 si
2202 4268 2294 4337 qui
2335 4266 2452 4338 (qui
2491 4266 2621 4320 add.
2661 4282 2731 4319 m.

432 4355 491 4423 2)
530 4356 583 4407 L
727 4355 812 4409 his
850 4354 918 4411 Sl
1064 4358 1519 4413 circumcisionem
1558 4361 1632 4413 L¹
1743 4359 1811 4411 27
1851 4360 1906 4411 in
1949 4359 2033 4425 (in.
2071 4362 2211 4424 raa.)
2252 4356 2300 4412 S

2769 1615 2826 1651 10

2777 2146 2830 2183 15

2775 3215 2828 3257 25
