3159 4984
986 410 1079 463 VI.
1128 408 1418 465 Contra
1470 410 1840 464 Faustum
1897 408 2028 463 lib.
2085 408 2179 463 XI.
2603 413 2730 475 325

440 604 553 671 sed
595 605 662 668 in
710 624 821 689 spe
874 642 957 652 —
1006 624 1135 688 spe
1182 606 1399 683 enim,
1437 605 1666 687 inquit,
1716 605 1922 671 salui
1967 604 2154 669 facti
2201 622 2458 669 sumus
2507 639 2594 648 —
2641 602 2734 667 sic

442 718 508 778 et
550 713 643 777 ibi
689 711 933 777 dictum
982 716 1119 777 est:
1178 712 1437 779 amodo
1494 714 1862 778 neminem
1918 713 2270 777 nouimus
2317 710 2728 775 secundum

442 840 755 897 carnem,
822 820 1099 885 nondum
1155 820 1220 884 in
1275 839 1363 901 re,
1420 821 1533 887 sed
1587 821 1651 885 in
1709 840 1822 904 spe
1865 820 2297 904 intellegetur,
2367 818 2515 899 quia
2579 836 2724 901 spes

437 925 619 992 nobis
666 925 731 989 in
781 924 1032 991 Christo
1083 928 1200 1003 est,
1260 924 1409 1007 quia
1461 926 1527 989 in
1582 926 1695 990 illo
1751 926 1880 989 iam
1937 925 2325 1007 completum
2383 925 2502 999 est,
2562 922 2730 1004 quod

372 1054 399 1091 ⁵
435 1032 619 1097 nobis
665 1032 1047 1115 promissum
1080 1016 1446 1114 speramus,
1492 1032 1606 1097 ille
1653 1032 1884 1115 quippe
1922 1032 2048 1094 iam
2083 1030 2422 1095 resurrexit
2460 1033 2524 1094 et
2561 1050 2730 1095 mors

436 1140 496 1203 ei
532 1139 701 1203 ultra
736 1158 860 1203 non
898 1138 1344 1204 dominabitur.
1396 1158 1588 1220 quem
1635 1138 1784 1203 etsi
1821 1156 2273 1203 noueramus
2313 1136 2726 1201 secundum

436 1262 751 1321 carnem,
800 1262 947 1308 cum
993 1244 1201 1309 adhuc
1234 1244 1579 1309 moriturus
1621 1248 1794 1309 esset
1828 1244 2153 1309 —inerat
2199 1243 2428 1327 quippe
2478 1243 2541 1307 in
2590 1242 2726 1307 cius

435 1369 692 1434 corpore
738 1350 853 1413 illa
896 1350 1273 1428 mortalitas,
1322 1369 1513 1433 quam
1558 1350 1808 1434 proprie
1857 1369 2106 1415 carnem
2153 1350 2431 1433 appellat
2475 1350 2740 1432 aposto-.

432 1457 538 1522 lus
586 1494 671 1503 -
722 1456 851 1521 sed
897 1457 1041 1520 iam
1090 1476 1283 1520 nunc
1331 1456 1902 1533 non'nouimus;
1958 1456 2118 1521 illud
2166 1456 2332 1519 enim
2381 1455 2516 1521 eius
2563 1474 2726 1518 mor-

344 1583 397 1623 10
436 1563 564 1627 tale
628 1562 756 1626 iam
819 1562 1029 1626 induit
1098 1564 1651 1640 inmortalitatem,
1725 1564 1892 1628 unde
1965 1562 2315 1627 secundum
2387 1561 2720 1645 pristinam

430 1669 890 1733 mortalitatem
935 1669 1061 1733 iam
1112 1688 1253 1734 caro
1304 1670 1607 1753 appellari
1651 1690 1775 1737 non
1821 1670 2046 1752 possit.

525 1777 585 1839 8.
652 1775 873 1855 Itaque
920 1775 1123 1858 ipsius
1170 1775 1297 1842 loci
1343 1774 1828 1851 contextionem,
1876 1774 1988 1840 ubi
2031 1775 2187 1839 haec
2235 1772 2548 1839 sententia
2605 1775 2720 1851 est,

433 1882 508 1946 de
564 1900 688 1964 qua
742 1881 852 1945 isti
908 1881 1391 1959 calumniantur,
1449 1882 1942 1959 consideremus,
2009 1883 2083 1944 ut
2145 1881 2287 1957 hoc,
2356 1879 2524 1962 quod
2581 1878 2719 1944 dico

428 1988 635 2071 magis
675 1988 940 2052 eluceat.
982 1988 1285 2065 caritaS,
1322 1988 1549 2071 inquit,
1593 1988 1883 2055 Christi
1930 1988 2307 2071 conpellit
2351 2006 2486 2051 nos
2531 1986 2721 2050 iudi-

338 2116 390 2153 ιε»
430 2099 689 2158 cantes
745 2094 913 2171 hoc,
972 2094 1325 2175 quoniam
1384 2096 1447 2159 si
1513 2115 1704 2160 unus
1769 2115 1897 2179 pro
1966 2095 2311 2160 omnibus
2377 2098 2720 2157 mortuus

429 2204 564 2280 est,
606 2220 777 2285 ergo
828 2220 1079 2265 omnes
1126 2202 1407 2267 mortui
1455 2207 1660 2279 sunt;
1711 2205 1785 2267 et
1819 2222 1948 2286 pro
1991 2202 2337 2267 omnibus
2375 2203 2720 2265 mortuus

428 2313 562 2385 est,
628 2311 709 2371 ut
774 2307 900 2388 qui
953 2307 1248 2385 uiuunt,
1305 2308 1449 2371 iam
1505 2328 1646 2374 non
1705 2308 1853 2373 sibi
1909 2308 2196 2384 uiuant,
2257 2307 2387 2372 sed
2448 2308 2532 2385 ei,
2591 2306 2720 2388 qui

427 2433 554 2497 pro
602 2414 793 2497 ipsis
843 2417 1185 2479 mortuus
1223 2418 1347 2478 est
1384 2418 1458 2479 et
1492 2416 1930 2482 resurrexit.
1978 2416 2238 2497 itaque
2277 2434 2410 2479 nos
2453 2412 2715 2479 amodo

429 2521 797 2585 neminem
846 2520 1197 2586 nouimus
1248 2522 1667 2586 secundum
1710 2542 2034 2599 carnem;
2087 2522 2238 2587 etsi
2275 2538 2720 2587 noueramus

336 2650 389 2687 20
430 2625 841 2693 secundum
889 2646 1185 2691 carnem
1233 2626 1643 2706 Christum,
1694 2628 1826 2695 sed
1870 2630 2015 2693 iam
2071 2648 2264 2693 nunc
2322 2648 2464 2695 non
2519 2627 2720 2691 noui-

428 2752 606 2798 mus.
676 2736 843 2799 certe
900 2733 1027 2797 iam
1082 2752 1249 2797 nunc
1306 2734 1511 2799 cuiuis
1568 2735 1828 2818 adparet
1881 2737 2136 2818 propter
2198 2734 2720 2799 resurrectionem

430 2839 663 2905 Christi
711 2840 833 2904 hoc
880 2840 1111 2905 dixisse
1160 2841 1541 2923 apostolum,
1591 2840 2099 2927 quandoquidem
2144 2841 2272 2905 ista
2315 2841 2512 2905 uerba
2557 2840 2714 2904 illud

427 2946 809 3027 praecessit:
866 2949 950 3011 ut
996 2946 1123 3028 qui
1170 2946 1463 3025 uiuunt,
1511 2947 1658 3011 iam
1703 2966 1843 3012 non
1893 2948 2041 3013 sibi
2097 2948 2385 3026 uiuant,
2445 2946 2575 3011 scd
2630 2946 2716 3019 ei,

426 3051 555 3134 qui
598 3071 730 3135 pro
778 3052 973 3134 ipsis
1018 3054 1364 3117 mortuus
1413 3056 1533 3119 est
1578 3057 1655 3118 et
1695 3054 2132 3118 resurrexit.
2199 3052 2349 3136 quid
2406 3057 2505 3117 est
2550 3052 2718 3117 enim

340 3182 391 3219 25
428 3157 640 3222 aliud:
709 3177 850 3223 non
910 3157 1080 3236 sibi,
1140 3158 1270 3222 sed
1326 3159 1448 3223 illi
1504 3161 1791 3237 uiuant,
1849 3160 1972 3224 nisi
2037 3164 2112 3225 ut
2177 3180 2299 3224 non
2365 3159 2714 3224 secundum

425 3282 674 3328 carnem
719 3264 947 3328 uiuant
990 3264 1055 3327 in
1104 3284 1215 3347 spe
1263 3258 1652 3331 terrenorum
1709 3270 1773 3331 et
1829 3266 2332 3349 corruptibilium
2388 3268 2715 3341 bonorum,

424 3369 535 3433 sed
601 3369 951 3435 secundum
1020 3370 1311 3452 spiritum
1374 3372 1439 3435 in
1508 3392 1618 3455 spe
1682 3372 2179 3449 resurrectionis,
2246 3391 2405 3455 quae
2461 3372 2590 3436 iam
2646 3392 2718 3436 ex

421 3474 580 3557 ipsis
626 3475 692 3539 111
732 3474 984 3542 Christo
1031 3475 1203 3541 facta
1249 3481 1393 3543 est?
1440 3479 1654 3561 itaque
1706 3498 1944 3557 eorum,
1989 3499 2101 3563 pro
2152 3480 2382 3562 quibus
2423 3478 2712 3544 Christus

422 3584 709 3648 mortuus
759 3585 859 3647 est
904 3586 971 3647 et
1015 3584 1354 3649 resurrexit
1400 3589 1465 3651 et
1510 3586 1617 3668 qui
1663 3586 1790 3649 iam
1830 3606 1952 3651 non
1991 3586 2133 3665 sibi,
2173 3585 2287 3651 sed
2325 3585 2422 3650 1111
2461 3585 2712 3663 uiuunt,

598 3774 663 3826 14
700 3773 753 3826 Π
790 3772 909 3828 Cor.
948 3773 997 3838 5,
1040 3774 1106 3826 14
1144 3790 1261 3843 sqq.

488 3895 519 3948 1
576 3896 719 3949 sicut
769 3895 817 3949 0
917 3896 953 3948 2
1006 3895 1103 3950 ubi
1153 3896 1201 3950 Ο
1312 3898 1347 3950 5
1400 3900 1716 3952 ressurrexit
1767 3900 1816 3953 0
1927 3902 1960 3955 6
2018 3900 2162 3971 quod
2207 3901 2306 3956 SG
2425 3902 2456 3953 7
2517 3916 2632 3953 esse
2680 3899 2712 3952 b

416 3982 451 4036 8
484 3985 733 4054 propriae
762 3984 816 4038 L
900 3974 907 3982 ’
962 3986 1029 4039 10
1056 3986 1525 4041 immortalitatem
1552 3987 1632 4041 12²
1741 3988 1809 4042 12
1848 4004 1910 4043 ex
1945 3990 2116 4060 ipsius
2145 3991 2229 4057 (ex
2267 3990 2398 4044 add.
2427 4006 2496 4043 m.
2525 3987 2581 4057 2)
2610 3988 2710 4043 SG

414 4071 549 4125 haec
601 4088 704 4126 om.
752 4072 853 4127 SG
971 4074 1039 4129 13
1076 4074 1496 4129 callumniantur
1546 4076 1594 4130 0
1770 4078 2202 4132 consideraremus
2254 4078 2302 4133 0
2442 4079 2513 4133 14
2568 4094 2710 4131 com-

414 4160 584 4229 pellet
601 4160 749 4217 8¹6¹
770 4163 1051 4233 compellit
1068 4155 1157 4234 (m.
1177 4164 1211 4216 2
1230 4180 1265 4217 n
1284 4165 1347 4217 in
1367 4182 1417 4217 m
1446 4165 1664 4235 mut.)L
1749 4168 1816 4221 15
1835 4168 1882 4221 si
1901 4184 2003 4223 om.
2029 4167 2292 4223 OMS¹G¹
2379 4170 2442 4221 21
2469 4168 2620 4221 cuius
2645 4168 2710 4219 (1ι

416 4248 485 4301 24
509 4248 666 4318 ipsis]
696 4248 859 4303 omIb'
882 4251 913 4304 b
1024 4251 1092 4304 25
1124 4257 1186 4305 ut
1214 4262 1317 4306 sec.
1349 4267 1454 4307 car.
1482 4270 1592 4307 non
1611 4256 1802 4309 uiuant
1821 4256 1854 4309 b
1964 4256 2032 4310 26
2050 4255 2336 4326 bonorum]
2351 4257 2614 4311 honorum
2633 4255 2706 4308 L¹

416 4336 484 4389 28
522 4336 754 4391 christus
792 4355 896 4393 om.
939 4339 987 4394 Ο
