3159 4984
307 2188 360 2228 15

1053 479 1182 533 1111.
1241 478 1532 534 Contra
1588 479 2101 533 Adimantum.
2470 536 2479 545 ,
2566 480 2687 544 175

398 653 688 758 pertinet,
737 694 814 739 ne
863 673 1090 757 aliquis
1139 674 1397 739 territus
1447 674 1522 739 de
1559 674 1787 739 talium
1824 694 2033 739 rerum
2074 674 2321 739 damnis
2361 674 2683 740 Christum

399 780 682 846 confiteri
727 784 838 845 aut
884 782 1216 845 erubescat
1260 783 1372 844 aut
1414 780 1660 859 timeat,
1709 780 1861 863 quid
1906 780 2161 856 habent,
2210 779 2379 863 quod
2426 779 2691 843 dicant?

401 906 546 953 cum
585 890 650 953 et
687 906 801 952 nos
839 887 1112 952 dicimus
1149 888 1276 951 ista
1314 906 1456 951 esse
1493 905 1755 951 munera
1792 886 1912 961 dei,
1952 890 2027 951 ut
2062 889 2273 950 tamen
2314 884 2443 951 sint
2478 886 2693 949 infima

399 998 466 1059 et
509 994 572 1058 in
622 994 1062 1077 conparatione
1123 992 1418 1059 salutaris
1459 992 1875 1059 confessionis
1912 1012 2035 1057 non
2076 992 2285 1057 solum
2324 992 2691 1057 amittenda.

407 1102 519 1166 sed
565 1102 732 1165 ultro
781 1100 970 1165 etiam
1019 1100 1398 1183 proicienda.
1449 1100 1806 1165 carnalibus
1852 1103 2065 1164 tamen
2132 1098 2287 1163 haec
2334 1099 2692 1163 amantibus

401 1211 466 1271 et
508 1208 786 1272 nondum
834 1207 1228 1291 capientibus
1275 1208 1591 1291 promissa
1626 1207 1945 1281 caelestia,
1984 1226 2061 1271 ne
2102 1208 2179 1270 ab
2218 1205 2407 1271 idolis
2445 1208 2511 1270 et
2548 1205 2689 1269 dae-

401 1313 692 1378 monibus
737 1314 866 1377 ista
911 1317 1216 1396 peterent,
1265 1314 1510 1379 utiliter
1554 1332 1593 1377 a
1640 1312 1895 1378 domino
1934 1312 2051 1378 deo
2102 1332 2241 1378 esse
2289 1312 2597 1396 pollicita.

493 1421 594 1483 19.
641 1420 738 1483 De
814 1438 908 1497 eo,
957 1420 1126 1502 quod
1201 1420 1508 1503 scriptum
1573 1424 1675 1485 est
1735 1419 1800 1485 in
1865 1421 2045 1505 lege:
2115 1439 2249 1505 ego
2318 1440 2498 1497 sum,
2566 1418 2693 1501 qui

403 1526 722 1591 diuitias
769 1526 858 1591 do
909 1526 1178 1592 amicis
1225 1527 1412 1591 meis
1462 1530 1536 1592 et
1580 1532 2108 1611 paupertatem
2147 1526 2502 1591 inimicis.
2543 1525 2691 1589 huic.

407 1631 752 1697 sententiae
797 1633 962 1697 illud
1008 1634 1350 1718 obponunt,
1399 1633 1568 1716 quod
1634 1634 1930 1723 domiuus
1994 1634 2187 1700 dicit:
2254 1633 2459 1699 beati
2522 1651 2689 1716 pau-

401 1758 615 1823 peres
665 1740 962 1823 spiritu,
1011 1742 1358 1823 quoniam
1405 1742 1741 1824 ipsorum
1791 1744 1907 1807 est
1951 1760 2259 1825 regnum
2308 1740 2688 1805 caelorum

403 1850 503 1911 et:
535 1867 670 1911 uae
701 1848 920 1913 uobis
953 1849 1354 1925 diuitibuS,
1387 1849 1562 1932 quia
1594 1849 2055 1933 percepistis
2088 1848 2689 1913 consolationem

401 1956 754 2019 uestram.
805 1954 916 2019 sed
966 1974 1078 2019 cur
1124 1956 1352 2021 nolunt
1399 1960 1464 2021 et
1508 1956 1635 2021 alia
1678 1955 1741 2020 in
1792 1956 2121 2040 euangelio
2180 1954 2516 2020 contueri?
2580 1954 2690 2017 ubi

403 2057 568 2121 enim
645 2059 954 2143 scriptum
1028 2065 1164 2125 est:
1239 2062 1445 2127 beati
1518 2080 1889 2145 pauperes
1964 2062 2265 2145 spiritu.
2344 2060 2689 2143 quoniam

401 2163 734 2247 ipsorum
773 2170 890 2231 est
925 2186 1230 2251 regnum
1271 2169 1669 2245 caelorum,
1706 2169 1794 2232 ibi
1834 2169 2155 2251 sequitur:
2194 2168 2401 2233 beati
2438 2168 2689 2233 mites,

401 2273 752 2353 quoniam
797 2274 950 2356 ipsi
996 2274 1426 2340 hereditate
1474 2275 1983 2357 possidebunt
2027 2278 2323 2340 terram.
2393 2292 2537 2339 ecce
2586 2273 2691 2337 ha-

401 2378 554 2443 bent
597 2378 835 2445 amieos
881 2380 981 2445 dei
1029 2381 1376 2446 hereditate
1422 2385 1627 2447 terrae
1676 2382 1907 2447 diuites
1956 2381 2109 2446 fieri.
2161 2400 2307 2447 cum
2354 2357 2591 2446 autem‘
2614 2378 2692 2443 ad

401 2488 642 2549 tantam
690 2490 1040 2570 egestatem
1087 2486 1268 2553 diues
1313 2489 1424 2553 ille
1462 2488 1791 2573 redigitur,
1830 2492 1906 2553 ut
1942 2490 2019 2555 ab
2058 2508 2131 2553 eo
2170 2506 2465 2572 paupere,
2504 2505 2691 2569 quem

403 2592 779 2676 neglexerat,
845 2593 1046 2678 digito
1109 2594 1288 2659 breui
1353 2582 1416 2659 iri
1483 2614 1653 2678 aqua
1712 2597 1913 2661 tincto
1981 2594 2181 2660 arenti
2234 2594 2491 2677 linguae
2540 2610 2691 2657 suae

407 2699 735 2764 humorem
767 2700 992 2765 stillari
1025 2701 1411 2784 deprecetur,
1441 2704 1836 2786 intellegant.
1859 2701 2174 2785 quomodo
2204 2701 2359 2765 fiant
2385 2717 2693 2784 pauperes

405 2805 645 2870 inimici
693 2805 814 2883 dei,
865 2810 929 2873 et
973 2807 1038 2871 id
1087 2826 1228 2873 6336
1277 2814 1680 2893 cognoscant.
1720 2809 1891 2891 quod
1927 2809 1991 2873 in
2028 2808 2170 2892 lege
2210 2806 2517 2891 scriptum
2557 2808 2692 2871 est:

407 2930 542 2994 ego
591 2931 770 2979 sum.
820 2914 944 2996 qui
994 2913 1312 2979 diuitias
1362 2916 1448 2979 clo
1498 2916 1760 2981 amicis
1818 2916 2004 2979 meis
2062 2922 2135 2978 et
2171 2915 2693 2997 paupertatem

407 3019 761 3084 inimicis.

496 3125 660 3191 Nam
703 3128 862 3193 istas
911 3128 1168 3193 diuitias
1216 3130 1597 3213 temporales
1636 3134 1701 3195 et
1762 3130 1827 3194 in
1894 3132 2109 3194 uetere
2178 3129 2491 3213 scriptura
2555 3146 2695 3193 esse

321 3251 381 3292 ’ὁ
420 3238 810 3317 contemptas
875 3238 940 3300 et
1003 3236 1293 3319 superius
1343 3237 1530 3302 docui
1598 3242 1663 3303 et
1723 3236 2288 3303 innumerabilibus
2351 3236 2531 3309 locis,
2590 3234 2697 3317 qui

419 3340 626 3426 legere
671 3342 950 3407 uoluerit
992 3343 1295 3408 inueniet.
1335 3345 1500 3409 unde
1541 3347 1642 3409 est
1679 3344 1869 3409 etiam
1908 3344 2106 3408 illud:
2154 3344 2430 3408 melius
2477 3342 2700 3408 modi-

424 3466 580 3513 cum
627 3448 834 3515 iusto
882 3470 1107 3533 super
1154 3450 1480 3516 diuitias
1526 3454 2009 3534 peccatorum
2056 3451 2338 3515 multas
2387 3456 2451 3515 et
2496 3450 2695 3515 illud:

583 3713 650 3766 10
675 3713 870 3768 Matth.
900 3714 949 3779 5,
981 3712 1014 3767 3
1125 3713 1192 3767 12
1223 3714 1348 3767 Luc.
1383 3714 1431 3775 6,
1461 3712 1530 3765 24
1642 3712 1710 3766 20
1740 3713 1805 3766 cf.
1837 3713 1963 3767 Luc.
2006 3712 2091 3776 16,
2120 3711 2191 3765 24
2300 3711 2367 3764 26
2396 3711 2485 3764 Ps.
2516 3711 2601 3773 36,
2634 3712 2701 3765 16

486 3854 512 3906 1
553 3852 800 3925 dampnis
845 3854 950 3909 CV
1053 3854 1085 3907 3
1124 3870 1240 3909 cum
1282 3858 1338 3907 et
1373 3870 1470 3907 nos
1499 3870 1601 3909 om.
1636 3853 1925 3908 GTGSVb
2068 3854 2175 3907 ista
2212 3855 2350 3923 esse]
2388 3852 2467 3905 ita
2504 3868 2619 3905 esse
2660 3852 2706 3907 S

411 3966 492 4021 ita
529 3986 646 4023 esse
687 3970 795 4024 ista
835 3969 1085 4027 GTCVb
1265 3972 1329 4022 ut
1363 3968 1490 4023 inde
1527 3974 1590 4022 τῖι
1626 3969 1660 4023 b
1798 3971 1827 4023 7
1865 3934 2119 4039 ρὶωτθιιῒ
2154 3968 2233 4021 1³²
2405 3968 2438 4021 9
2475 3967 2705 4021 inimicis

411 4085 546 4138 meis
585 4083 616 4137 b
730 4084 794 4139 12
833 4102 898 4139 ue
940 4087 991 4139 P
1021 4102 1089 4157 ue
1131 4084 1174 4139 0
1301 4084 1366 4138 16
1405 4082 1829 4155 (hereditabunt)
1868 4081 2225 4155 possidebunt
2270 4082 2317 4135 V
2438 4081 2504 4136 18
2542 4047 2607 4146 eg.
2630 4080 2707 4135 (3²

415 4198 482 4253 20
517 4157 774 4256 ¹¹umorem
803 4200 884 4253 1³²
985 4201 1301 4271 deprecetur
1327 4199 1384 4251 P
1459 4270 1499 4303 m
1513 4215 1779 4269 pauperes
1818 4200 1952 4253 fiant
1988 4198 2039 4251 V
2144 4198 2213 4251 23
2242 4195 2473 4253 inimicis
2511 4198 2644 4251 meis
2674 4196 2705 4249 b

413 4312 480 4369 24
515 4316 638 4369 illas
687 4315 736 4367 V
855 4316 1028 4371 ueteri
1070 4315 1180 4371 G²b
1253 4316 1322 4369 25
1361 4314 1415 4368 in
1471 4314 1841 4369 numeralibus
1885 4314 1932 4369 G
1972 4315 2027 4367 in
2074 4310 2557 4367 innumerabilibus
2602 4310 2708 4365 TV

413 4407 480 4461 26
515 4406 709 4461 melius
749 4409 832 4459 est
873 4404 1164 4459 GTOSVb
