<?xml version="1.0" encoding="UTF-8"?>
<!DOCTYPE html PUBLIC "-//W3C//DTD XHTML 1.0 Transitional//EN"
    "http://www.w3.org/TR/xhtml1/DTD/xhtml1-transitional.dtd">
<html xmlns="http://www.w3.org/1999/xhtml" xml:lang="en" lang="en">
 <head>
  <title>
</title>
<meta http-equiv="Content-Type" content="text/html;charset=utf-8" />
  <meta name='ocr-system' content='tesseract 3.04.00' />
  <meta name='ocr-capabilities' content='ocr_page ocr_carea ocr_par ocr_line ocrx_word'/>
</head>
<body>
  <div class='ocr_page' id='page_1' title='image "./corpusscriptoru27wissgoog_0473.png"; bbox 0 0 3159 4984; ppageno 0'>
   <div class='ocr_carea' id='block_1_1' title="bbox 978 440 2756 543">
    <p class='ocr_par' dir='ltr' id='par_1_1' title="bbox 978 440 2756 543">
     <span class='ocr_line' id='line_1_1' title="bbox 978 440 2756 543; baseline 0.004 -16"><span class='ocrx_word' id='word_1_1' title='bbox 978 476 1069 529; x_wconf 79' lang='lat' dir='ltr'>vl.</span> <span class='ocrx_word' id='word_1_2' title='bbox 1127 440 1417 531; x_wconf 69' lang='lat' dir='ltr'>contra</span> <span class='ocrx_word' id='word_1_3' title='bbox 1474 476 1846 528; x_wconf 75' lang='lat' dir='ltr'>Faustum</span> <span class='ocrx_word' id='word_1_4' title='bbox 1903 476 2029 531; x_wconf 86' lang='lat' dir='ltr'>lib.</span> <span class='ocrx_word' id='word_1_5' title='bbox 2091 476 2235 529; x_wconf 84' lang='lat' dir='ltr'>xv1.</span> <span class='ocrx_word' id='word_1_6' title='bbox 2625 480 2756 543; x_wconf 81' lang='lat'>463</span> 
     </span>
    </p>
   </div>
   <div class='ocr_carea' id='block_1_2' title="bbox 340 668 2755 3521">
    <p class='ocr_par' dir='ltr' id='par_1_2' title="bbox 340 668 2755 3521">
     <span class='ocr_line' id='line_1_2' title="bbox 452 668 2755 755; baseline 0 -20"><span class='ocrx_word' id='word_1_7' title='bbox 452 672 693 755; x_wconf 78' lang='lat' dir='ltr'>ingenti</span> <span class='ocrx_word' id='word_1_8' title='bbox 729 669 1145 734; x_wconf 78' lang='lat' dir='ltr'>admiratione</span> <span class='ocrx_word' id='word_1_9' title='bbox 1187 672 1251 731; x_wconf 90' lang='lat' dir='ltr'>et</span> <span class='ocrx_word' id='word_1_10' title='bbox 1290 668 1503 732; x_wconf 87' lang='lat' dir='ltr'>debita</span> <span class='ocrx_word' id='word_1_11' title='bbox 1538 668 1845 751; x_wconf 85' lang='lat' dir='ltr'>religione</span> <span class='ocrx_word' id='word_1_12' title='bbox 1885 669 2258 733; x_wconf 89' lang='lat' dir='ltr'>sectandum</span> <span class='ocrx_word' id='word_1_13' title='bbox 2297 670 2755 735; x_wconf 88' lang='lat' dir='ltr'>uenerandum-</span> 
     </span>
     <span class='ocr_line' id='line_1_3' title="bbox 457 774 2755 860; baseline -0 -18"><span class='ocrx_word' id='word_1_14' title='bbox 457 797 577 860; x_wconf 87' lang='lat' dir='ltr'>que</span> <span class='ocrx_word' id='word_1_15' title='bbox 626 780 929 843; x_wconf 76' lang='lat' dir='ltr'>censeret.</span> <span class='ocrx_word' id='word_1_16' title='bbox 978 777 1069 840; x_wconf 88' lang='lat' dir='ltr'>ita</span> <span class='ocrx_word' id='word_1_17' title='bbox 1112 776 1209 839; x_wconf 91' lang='lat' dir='ltr'>illi</span> <span class='ocrx_word' id='word_1_18' title='bbox 1258 794 1329 839; x_wconf 85' lang='lat' dir='ltr'>ex</span> <span class='ocrx_word' id='word_1_19' title='bbox 1376 792 1586 838; x_wconf 91' lang='lat' dir='ltr'>rerum</span> <span class='ocrx_word' id='word_1_20' title='bbox 1636 774 2119 839; x_wconf 87' lang='lat' dir='ltr'>christianarum</span> <span class='ocrx_word' id='word_1_21' title='bbox 2163 776 2289 840; x_wconf 89' lang='lat' dir='ltr'>iam</span> <span class='ocrx_word' id='word_1_22' title='bbox 2336 776 2755 860; x_wconf 82' lang='lat' dir='ltr'>praesentatis</span> 
     </span>
     <span class='ocr_line' id='line_1_4' title="bbox 461 880 2752 966; baseline 0 -19"><span class='ocrx_word' id='word_1_23' title='bbox 461 883 791 948; x_wconf 89' lang='lat' dir='ltr'>effectibus</span> <span class='ocrx_word' id='word_1_24' title='bbox 854 883 1165 949; x_wconf 90' lang='lat' dir='ltr'>librorum</span> <span class='ocrx_word' id='word_1_25' title='bbox 1226 880 1557 965; x_wconf 86' lang='lat' dir='ltr'>prophetia</span> <span class='ocrx_word' id='word_1_26' title='bbox 1621 898 1774 945; x_wconf 89' lang='lat' dir='ltr'>uera</span> <span class='ocrx_word' id='word_1_27' title='bbox 1844 882 2244 966; x_wconf 76' lang='lat' dir='ltr'>probaretur,</span> <span class='ocrx_word' id='word_1_28' title='bbox 2311 905 2384 949; x_wconf 85' lang='lat' dir='ltr'>ex</span> <span class='ocrx_word' id='word_1_29' title='bbox 2446 884 2752 949; x_wconf 89' lang='lat' dir='ltr'>librorum</span> 
     </span>
     <span class='ocr_line' id='line_1_5' title="bbox 458 988 2755 1074; baseline 0 -21"><span class='ocrx_word' id='word_1_30' title='bbox 458 1010 606 1055; x_wconf 88' lang='lat' dir='ltr'>uero</span> <span class='ocrx_word' id='word_1_31' title='bbox 671 989 1007 1074; x_wconf 85' lang='lat' dir='ltr'>prophetia</span> <span class='ocrx_word' id='word_1_32' title='bbox 1072 988 1365 1054; x_wconf 89' lang='lat' dir='ltr'>Christus</span> <span class='ocrx_word' id='word_1_33' title='bbox 1432 988 1738 1054; x_wconf 87' lang='lat' dir='ltr'>colendus</span> <span class='ocrx_word' id='word_1_34' title='bbox 1803 994 2270 1073; x_wconf 85' lang='lat' dir='ltr'>agnosceretur.</span> <span class='ocrx_word' id='word_1_35' title='bbox 2351 1008 2516 1054; x_wconf 88' lang='lat' dir='ltr'>uana</span> <span class='ocrx_word' id='word_1_36' title='bbox 2578 990 2755 1071; x_wconf 90' lang='lat' dir='ltr'>loqui</span> 
     </span>
     <span class='ocr_line' id='line_1_6' title="bbox 383 1094 2752 1180; baseline 0.001 -21"><span class='ocrx_word' id='word_1_37' title='bbox 383 1120 409 1159; x_wconf 73' lang='lat'>⁵</span> <span class='ocrx_word' id='word_1_38' title='bbox 454 1098 736 1180; x_wconf 82' lang='lat' dir='ltr'>deputer.</span> <span class='ocrx_word' id='word_1_39' title='bbox 788 1096 843 1159; x_wconf 89' lang='lat' dir='ltr'>si</span> <span class='ocrx_word' id='word_1_40' title='bbox 890 1114 1012 1160; x_wconf 91' lang='lat' dir='ltr'>non</span> <span class='ocrx_word' id='word_1_41' title='bbox 1061 1095 1153 1159; x_wconf 85' lang='lat' dir='ltr'>ita</span> <span class='ocrx_word' id='word_1_42' title='bbox 1197 1094 1435 1158; x_wconf 86' lang='lat' dir='ltr'>factum</span> <span class='ocrx_word' id='word_1_43' title='bbox 1488 1096 1608 1172; x_wconf 77' lang='lat' dir='ltr'>est,</span> <span class='ocrx_word' id='word_1_44' title='bbox 1659 1095 1714 1159; x_wconf 90' lang='lat' dir='ltr'>si</span> <span class='ocrx_word' id='word_1_45' title='bbox 1761 1114 1884 1159; x_wconf 90' lang='lat' dir='ltr'>non</span> <span class='ocrx_word' id='word_1_46' title='bbox 1931 1095 2024 1159; x_wconf 90' lang='lat' dir='ltr'>ita</span> <span class='ocrx_word' id='word_1_47' title='bbox 2069 1098 2160 1173; x_wconf 76' lang='lat' dir='ltr'>fit,</span> <span class='ocrx_word' id='word_1_48' title='bbox 2221 1097 2277 1161; x_wconf 92' lang='lat' dir='ltr'>si</span> <span class='ocrx_word' id='word_1_49' title='bbox 2330 1116 2454 1161; x_wconf 89' lang='lat' dir='ltr'>non</span> <span class='ocrx_word' id='word_1_50' title='bbox 2501 1097 2564 1160; x_wconf 93' lang='lat' dir='ltr'>in</span> <span class='ocrx_word' id='word_1_51' title='bbox 2615 1116 2752 1162; x_wconf 90' lang='lat' dir='ltr'>eam</span> 
     </span>
     <span class='ocr_line' id='line_1_7' title="bbox 450 1201 2752 1286; baseline 0 -19"><span class='ocrx_word' id='word_1_52' title='bbox 450 1203 637 1267; x_wconf 88' lang='lat' dir='ltr'>fidem</span> <span class='ocrx_word' id='word_1_53' title='bbox 686 1222 799 1286; x_wconf 91' lang='lat' dir='ltr'>per</span> <span class='ocrx_word' id='word_1_54' title='bbox 844 1201 1215 1267; x_wconf 89' lang='lat' dir='ltr'>uniuersum</span> <span class='ocrx_word' id='word_1_55' title='bbox 1266 1202 1477 1266; x_wconf 86' lang='lat' dir='ltr'>orbem</span> <span class='ocrx_word' id='word_1_56' title='bbox 1526 1204 1836 1266; x_wconf 87' lang='lat' dir='ltr'>terrarum</span> <span class='ocrx_word' id='word_1_57' title='bbox 1878 1202 2218 1266; x_wconf 89' lang='lat' dir='ltr'>eorundem</span> <span class='ocrx_word' id='word_1_58' title='bbox 2257 1203 2558 1267; x_wconf 88' lang='lat' dir='ltr'>librorum</span> <span class='ocrx_word' id='word_1_59' title='bbox 2600 1205 2752 1268; x_wconf 91' lang='lat' dir='ltr'>reci-</span> 
     </span>
     <span class='ocr_line' id='line_1_8' title="bbox 451 1307 1153 1375; baseline -0.001 -2"><span class='ocrx_word' id='word_1_60' title='bbox 451 1310 690 1375; x_wconf 81' lang='lat' dir='ltr'>tatione</span> <span class='ocrx_word' id='word_1_61' title='bbox 742 1307 1153 1374; x_wconf 86' lang='lat' dir='ltr'>concurritur.</span> 
     </span>
     <span class='ocr_line' id='line_1_9' title="bbox 538 1414 2752 1497; baseline -0 -18"><span class='ocrx_word' id='word_1_62' title='bbox 538 1418 643 1481; x_wconf 85' lang='lat'>21.</span> <span class='ocrx_word' id='word_1_63' title='bbox 698 1414 879 1481; x_wconf 88' lang='lat' dir='ltr'>Unde</span> <span class='ocrx_word' id='word_1_64' title='bbox 931 1416 1310 1480; x_wconf 86' lang='lat' dir='ltr'>mirabiliter</span> <span class='ocrx_word' id='word_1_65' title='bbox 1344 1416 1618 1480; x_wconf 86' lang='lat' dir='ltr'>istorum</span> <span class='ocrx_word' id='word_1_66' title='bbox 1657 1418 1756 1479; x_wconf 87' lang='lat' dir='ltr'>est</span> <span class='ocrx_word' id='word_1_67' title='bbox 1791 1414 2052 1479; x_wconf 85' lang='lat' dir='ltr'>ridenda</span> <span class='ocrx_word' id='word_1_68' title='bbox 2087 1415 2405 1482; x_wconf 85' lang='lat' dir='ltr'>uecordia.</span> <span class='ocrx_word' id='word_1_69' title='bbox 2449 1415 2556 1497; x_wconf 92' lang='lat' dir='ltr'>qui</span> <span class='ocrx_word' id='word_1_70' title='bbox 2593 1420 2752 1479; x_wconf 86' lang='lat' dir='ltr'>tam-</span> 
     </span>
     <span class='ocr_line' id='line_1_10' title="bbox 454 1522 2750 1606; baseline -0.001 -19"><span class='ocrx_word' id='word_1_71' title='bbox 454 1543 641 1605; x_wconf 91' lang='lat' dir='ltr'>quam</span> <span class='ocrx_word' id='word_1_72' title='bbox 700 1522 1072 1606; x_wconf 90' lang='lat' dir='ltr'>inpossibile</span> <span class='ocrx_word' id='word_1_73' title='bbox 1130 1541 1167 1585; x_wconf 92' lang='lat' dir='ltr'>a</span> <span class='ocrx_word' id='word_1_74' title='bbox 1220 1522 1403 1587; x_wconf 90' lang='lat' dir='ltr'>nobis</span> <span class='ocrx_word' id='word_1_75' title='bbox 1459 1524 1792 1604; x_wconf 72' lang='lat' dir='ltr'>quaerunt.</span> <span class='ocrx_word' id='word_1_76' title='bbox 1853 1522 2168 1603; x_wconf 91' lang='lat' dir='ltr'>quomodo</span> <span class='ocrx_word' id='word_1_77' title='bbox 2216 1542 2328 1604; x_wconf 90' lang='lat' dir='ltr'>per</span> <span class='ocrx_word' id='word_1_78' title='bbox 2372 1522 2750 1586; x_wconf 87' lang='lat' dir='ltr'>Iudaeorum</span> 
     </span>
     <span class='ocr_line' id='line_1_11' title="bbox 359 1626 2750 1711; baseline 0.001 -22"><span class='ocrx_word' id='word_1_79' title='bbox 359 1654 412 1690; x_wconf 86' lang='grc' dir='ltr'>ιο</span> <span class='ocrx_word' id='word_1_80' title='bbox 452 1626 647 1693; x_wconf 87' lang='lat' dir='ltr'>libros</span> <span class='ocrx_word' id='word_1_81' title='bbox 712 1626 903 1692; x_wconf 86' lang='lat' dir='ltr'>fidem</span> <span class='ocrx_word' id='word_1_82' title='bbox 972 1628 1374 1692; x_wconf 85' lang='lat' dir='ltr'>christianam</span> <span class='ocrx_word' id='word_1_83' title='bbox 1438 1627 1603 1691; x_wconf 90' lang='lat' dir='ltr'>uelit</span> <span class='ocrx_word' id='word_1_84' title='bbox 1676 1627 1916 1692; x_wconf 83' lang='lat' dir='ltr'>discere</span> <span class='ocrx_word' id='word_1_85' title='bbox 1991 1628 2182 1693; x_wconf 88' lang='lat' dir='ltr'>homo</span> <span class='ocrx_word' id='word_1_86' title='bbox 2250 1627 2538 1711; x_wconf 79' lang='lat' dir='ltr'>gentiliS‚</span> <span class='ocrx_word' id='word_1_87' title='bbox 2606 1646 2750 1692; x_wconf 89' lang='lat' dir='ltr'>cum</span> 
     </span>
     <span class='ocr_line' id='line_1_12' title="bbox 445 1734 2750 1819; baseline -0 -21"><span class='ocrx_word' id='word_1_88' title='bbox 445 1739 623 1799; x_wconf 84' lang='lat' dir='ltr'>tanta</span> <span class='ocrx_word' id='word_1_89' title='bbox 688 1735 1029 1801; x_wconf 87' lang='lat' dir='ltr'>deuotione</span> <span class='ocrx_word' id='word_1_90' title='bbox 1097 1737 1161 1798; x_wconf 91' lang='lat' dir='ltr'>et</span> <span class='ocrx_word' id='word_1_91' title='bbox 1220 1738 1398 1798; x_wconf 86' lang='lat' dir='ltr'>tanta</span> <span class='ocrx_word' id='word_1_92' title='bbox 1464 1734 1831 1798; x_wconf 87' lang='lat' dir='ltr'>celebritate</span> <span class='ocrx_word' id='word_1_93' title='bbox 1900 1754 2117 1799; x_wconf 90' lang='lat' dir='ltr'>omnes</span> <span class='ocrx_word' id='word_1_94' title='bbox 2193 1738 2416 1819; x_wconf 83' lang='lat' dir='ltr'>gentes</span> <span class='ocrx_word' id='word_1_95' title='bbox 2479 1734 2750 1799; x_wconf 87' lang='lat' dir='ltr'>istorum</span> 
     </span>
     <span class='ocr_line' id='line_1_13' title="bbox 446 1840 2750 1926; baseline -0.001 -20"><span class='ocrx_word' id='word_1_96' title='bbox 446 1842 752 1907; x_wconf 89' lang='lat' dir='ltr'>librorum</span> <span class='ocrx_word' id='word_1_97' title='bbox 799 1842 934 1906; x_wconf 89' lang='lat' dir='ltr'>fieri</span> <span class='ocrx_word' id='word_1_98' title='bbox 985 1841 1332 1924; x_wconf 90' lang='lat' dir='ltr'>discipulas</span> <span class='ocrx_word' id='word_1_99' title='bbox 1382 1844 1616 1907; x_wconf 87' lang='lat' dir='ltr'>cernat.</span> <span class='ocrx_word' id='word_1_100' title='bbox 1668 1859 1740 1905; x_wconf 89' lang='lat' dir='ltr'>eo</span> <span class='ocrx_word' id='word_1_101' title='bbox 1778 1840 1919 1926; x_wconf 91' lang='lat' dir='ltr'>ipso</span> <span class='ocrx_word' id='word_1_102' title='bbox 1957 1840 2258 1905; x_wconf 89' lang='lat' dir='ltr'>nimirum</span> <span class='ocrx_word' id='word_1_103' title='bbox 2295 1840 2523 1906; x_wconf 80' lang='lat' dir='ltr'>fortius</span> <span class='ocrx_word' id='word_1_104' title='bbox 2562 1843 2750 1921; x_wconf 87' lang='lat' dir='ltr'>atque</span> 
     </span>
     <span class='ocr_line' id='line_1_14' title="bbox 448 1946 2751 2031; baseline -0 -20"><span class='ocrx_word' id='word_1_105' title='bbox 448 1948 716 2015; x_wconf 88' lang='lat' dir='ltr'>firmius.</span> <span class='ocrx_word' id='word_1_106' title='bbox 766 1949 936 2031; x_wconf 86' lang='lat' dir='ltr'>quod</span> <span class='ocrx_word' id='word_1_107' title='bbox 984 1968 1055 2013; x_wconf 85' lang='lat' dir='ltr'>ex</span> <span class='ocrx_word' id='word_1_108' title='bbox 1102 1948 1397 2013; x_wconf 88' lang='lat' dir='ltr'>manibus</span> <span class='ocrx_word' id='word_1_109' title='bbox 1442 1948 1850 2013; x_wconf 85' lang='lat' dir='ltr'>inimicorum</span> <span class='ocrx_word' id='word_1_110' title='bbox 1903 1952 2084 2011; x_wconf 84' lang='lat' dir='ltr'>tanta</span> <span class='ocrx_word' id='word_1_111' title='bbox 2140 1947 2216 2011; x_wconf 90' lang='lat' dir='ltr'>de</span> <span class='ocrx_word' id='word_1_112' title='bbox 2265 1946 2516 2012; x_wconf 86' lang='lat' dir='ltr'>Christo</span> <span class='ocrx_word' id='word_1_113' title='bbox 2572 1948 2751 2011; x_wconf 88' lang='lat' dir='ltr'>testi-</span> 
     </span>
     <span class='ocr_line' id='line_1_15' title="bbox 446 2052 2752 2139; baseline -0 -21"><span class='ocrx_word' id='word_1_114' title='bbox 446 2056 661 2119; x_wconf 88' lang='lat' dir='ltr'>monia</span> <span class='ocrx_word' id='word_1_115' title='bbox 695 2056 1135 2139; x_wconf 87' lang='lat' dir='ltr'>proferuntur:</span> <span class='ocrx_word' id='word_1_116' title='bbox 1184 2054 1248 2119; x_wconf 91' lang='lat' dir='ltr'>in</span> <span class='ocrx_word' id='word_1_117' title='bbox 1298 2054 1530 2136; x_wconf 89' lang='lat' dir='ltr'>quibus</span> <span class='ocrx_word' id='word_1_118' title='bbox 1576 2052 1720 2119; x_wconf 88' lang='lat' dir='ltr'>ideo</span> <span class='ocrx_word' id='word_1_119' title='bbox 1771 2060 2016 2139; x_wconf 80' lang='lat' dir='ltr'>gentes,</span> <span class='ocrx_word' id='word_1_120' title='bbox 2068 2074 2226 2136; x_wconf 91' lang='lat' dir='ltr'>quae</span> <span class='ocrx_word' id='word_1_121' title='bbox 2268 2054 2552 2132; x_wconf 72' lang='lat' dir='ltr'>credunt,</span> <span class='ocrx_word' id='word_1_122' title='bbox 2591 2054 2752 2118; x_wconf 90' lang='lat' dir='ltr'>nihil</span> 
     </span>
     <span class='ocr_line' id='line_1_16' title="bbox 358 2161 2749 2245; baseline 0 -21"><span class='ocrx_word' id='word_1_123' title='bbox 358 2184 410 2224; x_wconf 65' lang='grc' dir='ltr'>ιε</span> <span class='ocrx_word' id='word_1_124' title='bbox 448 2161 523 2225; x_wconf 89' lang='lat' dir='ltr'>de</span> <span class='ocrx_word' id='word_1_125' title='bbox 570 2161 684 2226; x_wconf 91' lang='lat' dir='ltr'>illo</span> <span class='ocrx_word' id='word_1_126' title='bbox 735 2162 813 2225; x_wconf 88' lang='lat' dir='ltr'>ad</span> <span class='ocrx_word' id='word_1_127' title='bbox 863 2164 1119 2244; x_wconf 88' lang='lat' dir='ltr'>tempus</span> <span class='ocrx_word' id='word_1_128' title='bbox 1167 2164 1439 2245; x_wconf 87' lang='lat' dir='ltr'>possunt</span> <span class='ocrx_word' id='word_1_129' title='bbox 1482 2164 1708 2243; x_wconf 88' lang='lat' dir='ltr'>putare</span> <span class='ocrx_word' id='word_1_130' title='bbox 1748 2162 2110 2230; x_wconf 87' lang='lat' dir='ltr'>confictum.</span> <span class='ocrx_word' id='word_1_131' title='bbox 2151 2162 2300 2243; x_wconf 91' lang='lat' dir='ltr'>quia</span> <span class='ocrx_word' id='word_1_132' title='bbox 2335 2162 2400 2226; x_wconf 88' lang='lat' dir='ltr'>in</span> <span class='ocrx_word' id='word_1_133' title='bbox 2441 2162 2532 2227; x_wconf 92' lang='lat' dir='ltr'>eis</span> <span class='ocrx_word' id='word_1_134' title='bbox 2569 2161 2749 2227; x_wconf 87' lang='lat' dir='ltr'>libris</span> 
     </span>
     <span class='ocr_line' id='line_1_17' title="bbox 448 2267 2750 2352; baseline 0 -21"><span class='ocrx_word' id='word_1_135' title='bbox 448 2267 784 2332; x_wconf 87' lang='lat' dir='ltr'>inueniunt</span> <span class='ocrx_word' id='word_1_136' title='bbox 822 2268 1167 2345; x_wconf 78' lang='lat' dir='ltr'>Christum.</span> <span class='ocrx_word' id='word_1_137' title='bbox 1210 2268 1439 2349; x_wconf 90' lang='lat' dir='ltr'>quibus</span> <span class='ocrx_word' id='word_1_138' title='bbox 1488 2288 1525 2330; x_wconf 89' lang='lat' dir='ltr'>a</span> <span class='ocrx_word' id='word_1_139' title='bbox 1569 2271 1671 2333; x_wconf 85' lang='lat' dir='ltr'>tot</span> <span class='ocrx_word' id='word_1_140' title='bbox 1715 2269 1990 2333; x_wconf 90' lang='lat' dir='ltr'>saeculis</span> <span class='ocrx_word' id='word_1_141' title='bbox 2039 2269 2346 2346; x_wconf 77' lang='lat' dir='ltr'>seruiunt,</span> <span class='ocrx_word' id='word_1_142' title='bbox 2396 2269 2505 2352; x_wconf 92' lang='lat' dir='ltr'>qui</span> <span class='ocrx_word' id='word_1_143' title='bbox 2552 2268 2750 2333; x_wconf 87' lang='lat' dir='ltr'>cruci-</span> 
     </span>
     <span class='ocr_line' id='line_1_18' title="bbox 448 2372 2745 2457; baseline -0 -20"><span class='ocrx_word' id='word_1_144' title='bbox 448 2374 718 2437; x_wconf 86' lang='lat' dir='ltr'>fixerunt</span> <span class='ocrx_word' id='word_1_145' title='bbox 766 2372 1089 2438; x_wconf 87' lang='lat' dir='ltr'>Christum</span> <span class='ocrx_word' id='word_1_146' title='bbox 1141 2375 1205 2436; x_wconf 90' lang='lat' dir='ltr'>et</span> <span class='ocrx_word' id='word_1_147' title='bbox 1253 2389 1411 2455; x_wconf 93' lang='lat' dir='ltr'>quos</span> <span class='ocrx_word' id='word_1_148' title='bbox 1457 2372 1523 2436; x_wconf 89' lang='lat' dir='ltr'>in</span> <span class='ocrx_word' id='word_1_149' title='bbox 1567 2375 1748 2438; x_wconf 89' lang='lat' dir='ltr'>tanto</span> <span class='ocrx_word' id='word_1_150' title='bbox 1806 2374 1983 2457; x_wconf 87' lang='lat' dir='ltr'>apice</span> <span class='ocrx_word' id='word_1_151' title='bbox 2041 2373 2436 2439; x_wconf 84' lang='lat' dir='ltr'>auctoritatis</span> <span class='ocrx_word' id='word_1_152' title='bbox 2493 2374 2745 2448; x_wconf 84' lang='lat' dir='ltr'>habent,</span> 
     </span>
     <span class='ocr_line' id='line_1_19' title="bbox 448 2478 2750 2563; baseline -0 -20"><span class='ocrx_word' id='word_1_153' title='bbox 448 2480 553 2561; x_wconf 93' lang='lat' dir='ltr'>qui</span> <span class='ocrx_word' id='word_1_154' title='bbox 604 2480 835 2545; x_wconf 84' lang='lat' dir='ltr'>cotidie</span> <span class='ocrx_word' id='word_1_155' title='bbox 882 2480 1328 2562; x_wconf 84' lang='lat' dir='ltr'>blasphemant</span> <span class='ocrx_word' id='word_1_156' title='bbox 1369 2478 1714 2544; x_wconf 86' lang='lat' dir='ltr'>Christum.</span> <span class='ocrx_word' id='word_1_157' title='bbox 1765 2480 1820 2544; x_wconf 90' lang='lat' dir='ltr'>si</span> <span class='ocrx_word' id='word_1_158' title='bbox 1868 2480 2036 2544; x_wconf 90' lang='lat' dir='ltr'>enim</span> <span class='ocrx_word' id='word_1_159' title='bbox 2077 2482 2155 2545; x_wconf 88' lang='lat' dir='ltr'>ab</span> <span class='ocrx_word' id='word_1_160' title='bbox 2196 2481 2285 2544; x_wconf 89' lang='lat' dir='ltr'>eis</span> <span class='ocrx_word' id='word_1_161' title='bbox 2323 2480 2750 2563; x_wconf 88' lang='lat' dir='ltr'>proferrentur</span> 
     </span>
     <span class='ocr_line' id='line_1_20' title="bbox 448 2584 2746 2669; baseline 0 -20"><span class='ocrx_word' id='word_1_162' title='bbox 448 2586 818 2669; x_wconf 88' lang='lat' dir='ltr'>prophetiae</span> <span class='ocrx_word' id='word_1_163' title='bbox 877 2586 954 2651; x_wconf 91' lang='lat' dir='ltr'>de</span> <span class='ocrx_word' id='word_1_164' title='bbox 1006 2585 1279 2653; x_wconf 89' lang='lat' dir='ltr'>Christo.</span> <span class='ocrx_word' id='word_1_165' title='bbox 1330 2586 1439 2668; x_wconf 87' lang='lat' dir='ltr'>qui</span> <span class='ocrx_word' id='word_1_166' title='bbox 1484 2586 1855 2668; x_wconf 87' lang='lat' dir='ltr'>praedicant</span> <span class='ocrx_word' id='word_1_167' title='bbox 1901 2584 2247 2663; x_wconf 73' lang='lat' dir='ltr'>Christum.</span> <span class='ocrx_word' id='word_1_168' title='bbox 2306 2586 2382 2649; x_wconf 86' lang='lat' dir='ltr'>ab</span> <span class='ocrx_word' id='word_1_169' title='bbox 2441 2586 2532 2650; x_wconf 90' lang='lat' dir='ltr'>eis</span> <span class='ocrx_word' id='word_1_170' title='bbox 2587 2586 2746 2668; x_wconf 90' lang='lat' dir='ltr'>ipsis</span> 
     </span>
     <span class='ocr_line' id='line_1_21' title="bbox 356 2692 2746 2777; baseline -0 -21"><span class='ocrx_word' id='word_1_171' title='bbox 356 2718 413 2756; x_wconf 64' lang='grc' dir='ltr'>ιο</span> <span class='ocrx_word' id='word_1_172' title='bbox 453 2692 754 2758; x_wconf 86' lang='lat' dir='ltr'>confictae</span> <span class='ocrx_word' id='word_1_173' title='bbox 782 2696 1195 2777; x_wconf 79' lang='lat' dir='ltr'>putarentur3</span> <span class='ocrx_word' id='word_1_174' title='bbox 1244 2712 1413 2757; x_wconf 90' lang='lat' dir='ltr'>nunc</span> <span class='ocrx_word' id='word_1_175' title='bbox 1439 2710 1593 2757; x_wconf 92' lang='lat' dir='ltr'>uero</span> <span class='ocrx_word' id='word_1_176' title='bbox 1629 2692 1696 2756; x_wconf 90' lang='lat' dir='ltr'>id</span> <span class='ocrx_word' id='word_1_177' title='bbox 1736 2694 2008 2777; x_wconf 82' lang='lat' dir='ltr'>exponit,</span> <span class='ocrx_word' id='word_1_178' title='bbox 2051 2694 2160 2775; x_wconf 90' lang='lat' dir='ltr'>qui</span> <span class='ocrx_word' id='word_1_179' title='bbox 2195 2692 2536 2776; x_wconf 77' lang='lat' dir='ltr'>praedicat,</span> <span class='ocrx_word' id='word_1_180' title='bbox 2577 2692 2746 2775; x_wconf 89' lang='lat' dir='ltr'>quod</span> 
     </span>
     <span class='ocr_line' id='line_1_22' title="bbox 446 2798 2744 2883; baseline 0 -21"><span class='ocrx_word' id='word_1_181' title='bbox 446 2798 687 2876; x_wconf 77' lang='lat' dir='ltr'>recitat.</span> <span class='ocrx_word' id='word_1_182' title='bbox 739 2800 847 2883; x_wconf 91' lang='lat' dir='ltr'>qui</span> <span class='ocrx_word' id='word_1_183' title='bbox 899 2800 1321 2883; x_wconf 88' lang='lat' dir='ltr'>blasphemat.</span> <span class='ocrx_word' id='word_1_184' title='bbox 1373 2800 1449 2863; x_wconf 89' lang='lat' dir='ltr'>ad</span> <span class='ocrx_word' id='word_1_185' title='bbox 1498 2800 1774 2883; x_wconf 87' lang='lat' dir='ltr'>aliquem</span> <span class='ocrx_word' id='word_1_186' title='bbox 1823 2819 2094 2882; x_wconf 90' lang='lat' dir='ltr'>namque</span> <span class='ocrx_word' id='word_1_187' title='bbox 2141 2820 2330 2865; x_wconf 91' lang='lat' dir='ltr'>usum</span> <span class='ocrx_word' id='word_1_188' title='bbox 2382 2802 2744 2864; x_wconf 85' lang='lat' dir='ltr'>sanctorum</span> 
     </span>
     <span class='ocr_line' id='line_1_23' title="bbox 447 2906 2745 2989; baseline -0 -20"><span class='ocrx_word' id='word_1_189' title='bbox 447 2906 771 2971; x_wconf 85' lang='lat' dir='ltr'>ordinatur</span> <span class='ocrx_word' id='word_1_190' title='bbox 818 2908 1023 2971; x_wconf 88' lang='lat' dir='ltr'>omnis</span> <span class='ocrx_word' id='word_1_191' title='bbox 1072 2907 1345 2972; x_wconf 88' lang='lat' dir='ltr'>caecitas</span> <span class='ocrx_word' id='word_1_192' title='bbox 1391 2906 1709 2989; x_wconf 88' lang='lat' dir='ltr'>inpiorum</span> <span class='ocrx_word' id='word_1_193' title='bbox 1759 2926 1794 2971; x_wconf 86' lang='lat' dir='ltr'>a</span> <span class='ocrx_word' id='word_1_194' title='bbox 1840 2926 2091 2972; x_wconf 91' lang='lat' dir='ltr'>summo</span> <span class='ocrx_word' id='word_1_195' title='bbox 2141 2906 2279 2974; x_wconf 86' lang='lat' dir='ltr'>deo.</span> <span class='ocrx_word' id='word_1_196' title='bbox 2331 2906 2438 2988; x_wconf 91' lang='lat' dir='ltr'>qui</span> <span class='ocrx_word' id='word_1_197' title='bbox 2484 2924 2594 2989; x_wconf 89' lang='lat' dir='ltr'>pro</span> <span class='ocrx_word' id='word_1_198' title='bbox 2644 2906 2745 2971; x_wconf 88' lang='lat' dir='ltr'>sui</span> 
     </span>
     <span class='ocr_line' id='line_1_24' title="bbox 443 3010 2743 3095; baseline 0 -20"><span class='ocrx_word' id='word_1_199' title='bbox 443 3011 770 3095; x_wconf 86' lang='lat' dir='ltr'>regiminis</span> <span class='ocrx_word' id='word_1_200' title='bbox 820 3012 1141 3094; x_wconf 85' lang='lat' dir='ltr'>aequitate</span> <span class='ocrx_word' id='word_1_201' title='bbox 1186 3013 1346 3076; x_wconf 91' lang='lat' dir='ltr'>bene</span> <span class='ocrx_word' id='word_1_202' title='bbox 1394 3012 1600 3076; x_wconf 88' lang='lat' dir='ltr'>utitur</span> <span class='ocrx_word' id='word_1_203' title='bbox 1647 3013 1836 3076; x_wconf 92' lang='lat' dir='ltr'>etiam</span> <span class='ocrx_word' id='word_1_204' title='bbox 1885 3012 2094 3089; x_wconf 71' lang='lat' dir='ltr'>malis.</span> <span class='ocrx_word' id='word_1_205' title='bbox 2144 3016 2218 3076; x_wconf 88' lang='lat' dir='ltr'>ut</span> <span class='ocrx_word' id='word_1_206' title='bbox 2265 3012 2373 3093; x_wconf 90' lang='lat' dir='ltr'>qui</span> <span class='ocrx_word' id='word_1_207' title='bbox 2421 3031 2536 3077; x_wconf 92' lang='lat' dir='ltr'>suo</span> <span class='ocrx_word' id='word_1_208' title='bbox 2585 3010 2743 3077; x_wconf 90' lang='lat' dir='ltr'>arbi-</span> 
     </span>
     <span class='ocr_line' id='line_1_25' title="bbox 440 3118 2744 3203; baseline 0.001 -22"><span class='ocrx_word' id='word_1_209' title='bbox 440 3118 560 3184; x_wconf 90' lang='lat' dir='ltr'>trio</span> <span class='ocrx_word' id='word_1_210' title='bbox 607 3118 847 3183; x_wconf 89' lang='lat' dir='ltr'>iniuste</span> <span class='ocrx_word' id='word_1_211' title='bbox 897 3120 1152 3195; x_wconf 75' lang='lat' dir='ltr'>uiuunt,</span> <span class='ocrx_word' id='word_1_212' title='bbox 1210 3118 1388 3184; x_wconf 89' lang='lat' dir='ltr'>illius</span> <span class='ocrx_word' id='word_1_213' title='bbox 1443 3118 1682 3184; x_wconf 88' lang='lat' dir='ltr'>iudicio</span> <span class='ocrx_word' id='word_1_214' title='bbox 1739 3120 1909 3183; x_wconf 90' lang='lat' dir='ltr'>iuste</span> <span class='ocrx_word' id='word_1_215' title='bbox 1968 3119 2401 3203; x_wconf 87' lang='lat' dir='ltr'>disponantur.</span> <span class='ocrx_word' id='word_1_216' title='bbox 2461 3138 2607 3203; x_wconf 87' lang='lat' dir='ltr'>ergo</span> <span class='ocrx_word' id='word_1_217' title='bbox 2663 3138 2744 3183; x_wconf 93' lang='lat' dir='ltr'>ne</span> 
     </span>
     <span class='ocr_line' id='line_1_26' title="bbox 340 3225 2746 3309; baseline -0.001 -18"><span class='ocrx_word' id='word_1_218' title='bbox 340 3252 401 3291; x_wconf 72' lang='lat'>25</span> <span class='ocrx_word' id='word_1_219' title='bbox 442 3225 809 3290; x_wconf 86' lang='lat' dir='ltr'>testimonia</span> <span class='ocrx_word' id='word_1_220' title='bbox 855 3225 1228 3309; x_wconf 88' lang='lat' dir='ltr'>prophetiae</span> <span class='ocrx_word' id='word_1_221' title='bbox 1278 3225 1517 3290; x_wconf 87' lang='lat' dir='ltr'>Christi</span> <span class='ocrx_word' id='word_1_222' title='bbox 1572 3226 1900 3304; x_wconf 68' lang='lat' dir='ltr'>nascituri,</span> <span class='ocrx_word' id='word_1_223' title='bbox 1956 3226 2118 3289; x_wconf 88' lang='lat' dir='ltr'>mira</span> <span class='ocrx_word' id='word_1_224' title='bbox 2171 3225 2422 3303; x_wconf 73' lang='lat' dir='ltr'>facturi.</span> <span class='ocrx_word' id='word_1_225' title='bbox 2489 3225 2746 3309; x_wconf 89' lang='lat' dir='ltr'>indigna</span> 
     </span>
     <span class='ocr_line' id='line_1_27' title="bbox 438 3332 2744 3416; baseline 0.001 -21"><span class='ocrx_word' id='word_1_226' title='bbox 438 3332 708 3413; x_wconf 86' lang='lat' dir='ltr'>passuri.</span> <span class='ocrx_word' id='word_1_227' title='bbox 780 3332 1091 3403; x_wconf 86' lang='lat' dir='ltr'>morituri.</span> <span class='ocrx_word' id='word_1_228' title='bbox 1160 3334 1598 3409; x_wconf 78' lang='lat' dir='ltr'>resurrecturi.</span> <span class='ocrx_word' id='word_1_229' title='bbox 1667 3332 2012 3399; x_wconf 88' lang='lat' dir='ltr'>ascensuri.</span> <span class='ocrx_word' id='word_1_230' title='bbox 2059 3352 2171 3415; x_wconf 91' lang='lat' dir='ltr'>per</span> <span class='ocrx_word' id='word_1_231' title='bbox 2235 3351 2455 3397; x_wconf 90' lang='lat' dir='ltr'>omnes</span> <span class='ocrx_word' id='word_1_232' title='bbox 2522 3335 2744 3416; x_wconf 88' lang='lat' dir='ltr'>gentes</span> 
     </span>
     <span class='ocr_line' id='line_1_28' title="bbox 441 3438 2740 3521; baseline 0.001 -20"><span class='ocrx_word' id='word_1_233' title='bbox 441 3438 841 3521; x_wconf 86' lang='lat' dir='ltr'>euangelium</span> <span class='ocrx_word' id='word_1_234' title='bbox 888 3439 1060 3503; x_wconf 89' lang='lat' dir='ltr'>uitae</span> <span class='ocrx_word' id='word_1_235' title='bbox 1112 3443 1402 3504; x_wconf 89' lang='lat' dir='ltr'>aeternae</span> <span class='ocrx_word' id='word_1_236' title='bbox 1452 3438 1927 3504; x_wconf 89' lang='lat' dir='ltr'>disseminaturi</span> <span class='ocrx_word' id='word_1_237' title='bbox 1972 3439 2070 3502; x_wconf 92' lang='lat' dir='ltr'>illi</span> <span class='ocrx_word' id='word_1_238' title='bbox 2115 3438 2368 3503; x_wconf 84' lang='lat' dir='ltr'>finxisse</span> <span class='ocrx_word' id='word_1_239' title='bbox 2418 3438 2740 3504; x_wconf 83' lang='lat' dir='ltr'>crederen-</span> 
     </span>
    </p>
   </div>
   <div class='ocr_carea' id='block_1_3' title="bbox 416 3593 2747 4286">
    <p class='ocr_par' dir='ltr' id='par_1_3' title="bbox 416 3593 2747 4286">
     <span class='ocr_line' id='line_1_29' title="bbox 512 3593 2734 3667; baseline 0.002 -20"><span class='ocrx_word' id='word_1_240' title='bbox 512 3596 535 3647; x_wconf 94' lang='lat' dir='ltr'>l</span> <span class='ocrx_word' id='word_1_241' title='bbox 570 3593 775 3665; x_wconf 87' lang='lat' dir='ltr'>debita]</span> <span class='ocrx_word' id='word_1_242' title='bbox 807 3594 994 3649; x_wconf 85' lang='lat' dir='ltr'>deuita</span> <span class='ocrx_word' id='word_1_243' title='bbox 1012 3596 1195 3649; x_wconf 82' lang='lat' dir='ltr'><em>LPG¹</em></span> <span class='ocrx_word' id='word_1_244' title='bbox 1229 3595 1481 3650; x_wconf 86' lang='lat' dir='ltr'>deuotab</span> <span class='ocrx_word' id='word_1_245' title='bbox 1502 3595 1744 3649; x_wconf 77' lang='lat' dir='ltr'>deuitare</span> <span class='ocrx_word' id='word_1_246' title='bbox 1765 3596 1856 3647; x_wconf 86' lang='lat' dir='ltr'>M²</span> <span class='ocrx_word' id='word_1_247' title='bbox 2003 3596 2282 3665; x_wconf 88' lang='lat' dir='ltr'>relegione</span> <span class='ocrx_word' id='word_1_248' title='bbox 2301 3599 2374 3651; x_wconf 81' lang='lat' dir='ltr'>L¹</span> <span class='ocrx_word' id='word_1_249' title='bbox 2409 3597 2626 3667; x_wconf 86' lang='lat' dir='ltr'>legione</span> <span class='ocrx_word' id='word_1_250' title='bbox 2647 3598 2718 3650; x_wconf 84' lang='lat' dir='ltr'><em>M</em></span> <span class='ocrx_word' id='word_1_251' title='bbox 2723 3602 2734 3635; x_wconf 84' lang='lat'>¹</span> 
     </span>
     <span class='ocr_line' id='line_1_30' title="bbox 437 3682 2747 3755; baseline 0.003 -20"><span class='ocrx_word' id='word_1_252' title='bbox 437 3686 470 3735; x_wconf 81' lang='lat'>2</span> <span class='ocrx_word' id='word_1_253' title='bbox 507 3682 769 3753; x_wconf 87' lang='lat' dir='ltr'>censeret]</span> <span class='ocrx_word' id='word_1_254' title='bbox 808 3690 1053 3738; x_wconf 88' lang='lat' dir='ltr'>conseret</span> <span class='ocrx_word' id='word_1_255' title='bbox 1094 3684 1145 3737; x_wconf 83' lang='lat' dir='ltr'><strong><em>G</em></strong></span> <span class='ocrx_word' id='word_1_256' title='bbox 1182 3684 1516 3753; x_wconf 86' lang='lat' dir='ltr'>conspiceret</span> <span class='ocrx_word' id='word_1_257' title='bbox 1554 3684 1679 3739; x_wconf 81' lang='lat' dir='ltr'>SG²</span> <span class='ocrx_word' id='word_1_258' title='bbox 1794 3688 1828 3739; x_wconf 75' lang='grc' dir='ltr'>ὃ</span> <span class='ocrx_word' id='word_1_259' title='bbox 1868 3684 2095 3755; x_wconf 85' lang='lat' dir='ltr'>deputet</span> <span class='ocrx_word' id='word_1_260' title='bbox 2133 3685 2164 3738; x_wconf 89' lang='lat' dir='ltr'>b</span> <span class='ocrx_word' id='word_1_261' title='bbox 2287 3686 2320 3739; x_wconf 91' lang='lat'><strong>6</strong></span> <span class='ocrx_word' id='word_1_262' title='bbox 2357 3686 2661 3740; x_wconf 68' lang='lat' dir='ltr'>rffitatione</span> <span class='ocrx_word' id='word_1_263' title='bbox 2700 3687 2747 3741; x_wconf 83' lang='lat' dir='ltr'><strong><em>S</em></strong></span> 
     </span>
     <span class='ocr_line' id='line_1_31' title="bbox 436 3768 2738 3841; baseline 0.002 -17"><span class='ocrx_word' id='word_1_264' title='bbox 436 3771 758 3826; x_wconf 66' lang='lat' dir='ltr'>recita-aione</span> <span class='ocrx_word' id='word_1_265' title='bbox 798 3776 955 3841; x_wconf 80' lang='lat' dir='ltr'>(cor-r.</span> <span class='ocrx_word' id='word_1_266' title='bbox 996 3789 1061 3827; x_wconf 81' lang='lat' dir='ltr'>ex</span> <span class='ocrx_word' id='word_1_267' title='bbox 1098 3770 1212 3839; x_wconf 76' lang='lat' dir='ltr'>r&amp;i)</span> <span class='ocrx_word' id='word_1_268' title='bbox 1254 3774 1321 3825; x_wconf 90' lang='lat' dir='ltr'><em>M</em></span> <span class='ocrx_word' id='word_1_269' title='bbox 1357 3775 1732 3828; x_wconf 88' lang='lat' dir='ltr'>recitationem</span> <span class='ocrx_word' id='word_1_270' title='bbox 1772 3768 1822 3829; x_wconf 78' lang='lat' dir='ltr'><em>L</em></span> <span class='ocrx_word' id='word_1_271' title='bbox 2005 3774 2036 3827; x_wconf 89' lang='grc'>9</span> <span class='ocrx_word' id='word_1_272' title='bbox 2076 3792 2108 3827; x_wconf 88' lang='lat' dir='ltr'>a</span> <span class='ocrx_word' id='word_1_273' title='bbox 2148 3776 2216 3840; x_wconf 81' lang='lat' dir='ltr'>(s,</span> <span class='ocrx_word' id='word_1_274' title='bbox 2261 3776 2326 3841; x_wconf 80' lang='lat' dir='ltr'>l.)</span> <span class='ocrx_word' id='word_1_275' title='bbox 2365 3776 2409 3828; x_wconf 87' lang='lat' dir='ltr'>C</span> <span class='ocrx_word' id='word_1_276' title='bbox 2586 3774 2738 3829; x_wconf 86' lang='lat' dir='ltr'>iude-</span> 
     </span>
     <span class='ocr_line' id='line_1_32' title="bbox 416 3860 2732 3933; baseline 0.002 -20"><span class='ocrx_word' id='word_1_277' title='bbox 416 3878 585 3914; x_wconf 89' lang='lat' dir='ltr'>·orum</span> <span class='ocrx_word' id='word_1_278' title='bbox 625 3860 671 3913; x_wconf 86' lang='lat' dir='ltr'>C</span> <span class='ocrx_word' id='word_1_279' title='bbox 814 3864 879 3916; x_wconf 77' lang='lat'>12</span> <span class='ocrx_word' id='word_1_280' title='bbox 919 3860 1211 3932; x_wconf 82' lang='lat' dir='ltr'>discipulos</span> <span class='ocrx_word' id='word_1_281' title='bbox 1250 3862 1281 3913; x_wconf 81' lang='lat' dir='ltr'>b</span> <span class='ocrx_word' id='word_1_282' title='bbox 1427 3863 1546 3931; x_wconf 86' lang='lat' dir='ltr'>ipso</span> <span class='ocrx_word' id='word_1_283' title='bbox 1597 3866 1646 3927; x_wconf 90' lang='lat' dir='ltr'>(e</span> <span class='ocrx_word' id='word_1_284' title='bbox 1687 3878 1822 3917; x_wconf 86' lang='lat' dir='ltr'>corr.</span> <span class='ocrx_word' id='word_1_285' title='bbox 1861 3863 1924 3917; x_wconf 76' lang='lat' dir='ltr'>in</span> <span class='ocrx_word' id='word_1_286' title='bbox 1961 3870 2012 3931; x_wconf 89' lang='lat' dir='ltr'>o)</span> <span class='ocrx_word' id='word_1_287' title='bbox 2062 3864 2107 3916; x_wconf 81' lang='lat' dir='ltr'>C</span> <span class='ocrx_word' id='word_1_288' title='bbox 2259 3864 2319 3917; x_wconf 75' lang='lat'>14</span> <span class='ocrx_word' id='word_1_289' title='bbox 2370 3864 2626 3933; x_wconf 82' lang='lat' dir='ltr'>gentibus</span> <span class='ocrx_word' id='word_1_290' title='bbox 2672 3864 2732 3917; x_wconf 75' lang='lat'>0¹</span> 
     </span>
     <span class='ocr_line' id='line_1_33' title="bbox 438 3948 2744 4021; baseline 0.002 -22"><span class='ocrx_word' id='word_1_291' title='bbox 438 3948 503 4003; x_wconf 86' lang='lat'>18</span> <span class='ocrx_word' id='word_1_292' title='bbox 558 3950 781 4003; x_wconf 83' lang='lat' dir='ltr'>cottidie</span> <span class='ocrx_word' id='word_1_293' title='bbox 838 3948 1067 4005; x_wconf 74' lang='lat' dir='ltr'><strong><em>LSGM</em></strong></span> <span class='ocrx_word' id='word_1_294' title='bbox 1358 3950 1726 4019; x_wconf 85' lang='lat' dir='ltr'>proferrentur</span> <span class='ocrx_word' id='word_1_295' title='bbox 1781 3954 1900 4021; x_wconf 78' lang='lat' dir='ltr'>(sec.</span> <span class='ocrx_word' id='word_1_296' title='bbox 1956 3969 1983 4005; x_wconf 90' lang='lat' dir='ltr'>r</span> <span class='ocrx_word' id='word_1_297' title='bbox 2035 3966 2080 4005; x_wconf 75' lang='grc' dir='ltr'>ε.</span> <span class='ocrx_word' id='word_1_298' title='bbox 2143 3954 2178 4006; x_wconf 80' lang='lat' dir='ltr'>l.</span> <span class='ocrx_word' id='word_1_299' title='bbox 2242 3969 2279 4005; x_wconf 88' lang='lat' dir='ltr'>a</span> <span class='ocrx_word' id='word_1_300' title='bbox 2332 3969 2401 4005; x_wconf 87' lang='lat' dir='ltr'>m.</span> <span class='ocrx_word' id='word_1_301' title='bbox 2459 3952 2510 4019; x_wconf 87' lang='lat'>1)</span> <span class='ocrx_word' id='word_1_302' title='bbox 2573 3952 2744 4005; x_wconf 82' lang='lat' dir='ltr'>LSM</span> 
     </span>
     <span class='ocr_line' id='line_1_34' title="bbox 435 4034 2735 4109; baseline 0.003 -20"><span class='ocrx_word' id='word_1_303' title='bbox 435 4034 504 4090; x_wconf 73' lang='lat'>20</span> <span class='ocrx_word' id='word_1_304' title='bbox 540 4038 683 4092; x_wconf 89' lang='lat' dir='ltr'>idem</span> <span class='ocrx_word' id='word_1_305' title='bbox 724 4040 876 4109; x_wconf 90' lang='lat' dir='ltr'>ponit</span> <span class='ocrx_word' id='word_1_306' title='bbox 926 4039 1007 4109; x_wconf 78' lang='lat' dir='ltr'>(in</span> <span class='ocrx_word' id='word_1_307' title='bbox 1054 4054 1156 4109; x_wconf 73' lang='lat' dir='ltr'>my.</span> <span class='ocrx_word' id='word_1_308' title='bbox 1200 4056 1270 4097; x_wconf 84' lang='lat' dir='ltr'>m.</span> <span class='ocrx_word' id='word_1_309' title='bbox 1320 4056 1420 4095; x_wconf 83' lang='lat' dir='ltr'>rec.</span> <span class='ocrx_word' id='word_1_310' title='bbox 1479 4040 1533 4093; x_wconf 90' lang='lat' dir='ltr'>id</span> <span class='ocrx_word' id='word_1_311' title='bbox 1591 4041 1831 4109; x_wconf 85' lang='lat' dir='ltr'>exponit)</span> <span class='ocrx_word' id='word_1_312' title='bbox 1881 4040 1924 4091; x_wconf 75' lang='grc' dir='ltr'>(ἶ</span> <span class='ocrx_word' id='word_1_313' title='bbox 2067 4042 2134 4095; x_wconf 81' lang='lat'>21</span> <span class='ocrx_word' id='word_1_314' title='bbox 2187 4041 2365 4093; x_wconf 73' lang='lat' dir='ltr'>r&amp;itat</span> <span class='ocrx_word' id='word_1_315' title='bbox 2402 4040 2450 4096; x_wconf 78' lang='lat' dir='ltr'><strong><em>S</em></strong></span> <span class='ocrx_word' id='word_1_316' title='bbox 2589 4040 2735 4095; x_wconf 84' lang='lat' dir='ltr'>blas·</span> 
     </span>
     <span class='ocr_line' id='line_1_35' title="bbox 431 4126 2744 4199; baseline 0.001 -18"><span class='ocrx_word' id='word_1_317' title='bbox 431 4128 654 4197; x_wconf 86' lang='lat' dir='ltr'>phernat</span> <span class='ocrx_word' id='word_1_318' title='bbox 704 4128 758 4195; x_wconf 86' lang='lat' dir='ltr'>(b</span> <span class='ocrx_word' id='word_1_319' title='bbox 808 4146 872 4181; x_wconf 75' lang='lat' dir='ltr'>ar</span> <span class='ocrx_word' id='word_1_320' title='bbox 914 4144 956 4195; x_wconf 83' lang='lat' dir='ltr'>p</span> <span class='ocrx_word' id='word_1_321' title='bbox 1008 4129 1163 4199; x_wconf 64' lang='lat' dir='ltr'>corn]</span> <span class='ocrx_word' id='word_1_322' title='bbox 1214 4128 1259 4181; x_wconf 71' lang='grc' dir='ltr'>(Ι</span> <span class='ocrx_word' id='word_1_323' title='bbox 1436 4128 1505 4178; x_wconf 83' lang='lat'>‘22</span> <span class='ocrx_word' id='word_1_324' title='bbox 1552 4128 1603 4197; x_wconf 86' lang='lat' dir='ltr'>a]</span> <span class='ocrx_word' id='word_1_325' title='bbox 1655 4146 1716 4191; x_wconf 71' lang='lat' dir='ltr'>ac</span> <span class='ocrx_word' id='word_1_326' title='bbox 1761 4126 1828 4193; x_wconf 84' lang='lat' dir='ltr'>G,</span> <span class='ocrx_word' id='word_1_327' title='bbox 1869 4131 1916 4199; x_wconf 92' lang='lat' dir='ltr'>(c</span> <span class='ocrx_word' id='word_1_328' title='bbox 1957 4134 2056 4189; x_wconf 79' lang='lat' dir='ltr'>er.)</span> <span class='ocrx_word' id='word_1_329' title='bbox 2098 4130 2170 4181; x_wconf 90' lang='lat' dir='ltr'><strong><em>M</em></strong></span> <span class='ocrx_word' id='word_1_330' title='bbox 2345 4130 2414 4180; x_wconf 80' lang='lat'>‘24</span> <span class='ocrx_word' id='word_1_331' title='bbox 2453 4128 2648 4183; x_wconf 89' lang='lat' dir='ltr'>iuditio</span> <span class='ocrx_word' id='word_1_332' title='bbox 2697 4132 2744 4183; x_wconf 75' lang='lat' dir='ltr'><em>G</em></span> 
     </span>
     <span class='ocr_line' id='line_1_36' title="bbox 433 4216 2736 4286; baseline 0.002 -18"><span class='ocrx_word' id='word_1_333' title='bbox 433 4217 503 4269; x_wconf 79' lang='lat'>25</span> <span class='ocrx_word' id='word_1_334' title='bbox 539 4217 854 4286; x_wconf 72' lang='lat' dir='ltr'>prophetiae</span> <span class='ocrx_word' id='word_1_335' title='bbox 891 4216 939 4270; x_wconf 82' lang='lat' dir='ltr'><em>C</em></span> <span class='ocrx_word' id='word_1_336' title='bbox 1042 4218 1178 4270; x_wconf 88' lang='lat' dir='ltr'>mira</span> <span class='ocrx_word' id='word_1_337' title='bbox 1214 4216 1409 4271; x_wconf 87' lang='lat' dir='ltr'>facturi</span> <span class='ocrx_word' id='word_1_338' title='bbox 1438 4234 1541 4271; x_wconf 87' lang='lat' dir='ltr'>om.</span> <span class='ocrx_word' id='word_1_339' title='bbox 1574 4216 1662 4268; x_wconf 67' lang='grc' dir='ltr'>ῘΙῙι</span> <span class='ocrx_word' id='word_1_340' title='bbox 1740 4218 1808 4269; x_wconf 83' lang='grc'>26</span> <span class='ocrx_word' id='word_1_341' title='bbox 1838 4224 1968 4286; x_wconf 78' lang='lat' dir='ltr'>post</span> <span class='ocrx_word' id='word_1_342' title='bbox 2006 4219 2276 4273; x_wconf 76' lang='lat' dir='ltr'>ascensuri</span> <span class='ocrx_word' id='word_1_343' title='bbox 2317 4218 2446 4273; x_wconf 83' lang='lat' dir='ltr'>add.</span> <span class='ocrx_word' id='word_1_344' title='bbox 2488 4236 2606 4273; x_wconf 89' lang='lat' dir='ltr'>cum</span> <span class='ocrx_word' id='word_1_345' title='bbox 2637 4218 2736 4272; x_wconf 67' lang='lat' dir='ltr'>SG</span> 
     </span>
    </p>
   </div>
   <div class='ocr_carea' id='block_1_4' title="bbox 432 4304 2737 4457">
    <p class='ocr_par' dir='ltr' id='par_1_4' title="bbox 432 4304 2737 4457">
     <span class='ocr_line' id='line_1_37' title="bbox 435 4304 2737 4375; baseline 0.002 -19"><span class='ocrx_word' id='word_1_346' title='bbox 435 4304 503 4357; x_wconf 85' lang='lat'>27</span> <span class='ocrx_word' id='word_1_347' title='bbox 542 4306 925 4375; x_wconf 68' lang='lat' dir='ltr'>euuangelium</span> <span class='ocrx_word' id='word_1_348' title='bbox 972 4306 1016 4354; x_wconf 67' lang='grc' dir='ltr'>(ἶ</span> <span class='ocrx_word' id='word_1_349' title='bbox 1232 4304 1616 4361; x_wconf 86' lang='lat' dir='ltr'>disseminatur</span> <span class='ocrx_word' id='word_1_350' title='bbox 1655 4306 2026 4361; x_wconf 79' lang='lat' dir='ltr'><em>L¹G¹PSMG</em></span> <span class='ocrx_word' id='word_1_351' title='bbox 2080 4306 2480 4361; x_wconf 84' lang='lat' dir='ltr'>disseminaturi</span> <span class='ocrx_word' id='word_1_352' title='bbox 2530 4308 2569 4375; x_wconf 92' lang='lat' dir='ltr'>(i</span> <span class='ocrx_word' id='word_1_353' title='bbox 2613 4324 2656 4361; x_wconf 78' lang='lat' dir='ltr'>s.</span> <span class='ocrx_word' id='word_1_354' title='bbox 2699 4308 2737 4360; x_wconf 78' lang='lat' dir='ltr'>l.</span> 
     </span>
     <span class='ocr_line' id='line_1_38' title="bbox 432 4392 916 4457; baseline 0 -12"><span class='ocrx_word' id='word_1_355' title='bbox 432 4392 566 4446; x_wconf 77' lang='lat' dir='ltr'>add.</span> <span class='ocrx_word' id='word_1_356' title='bbox 606 4409 673 4446; x_wconf 85' lang='lat' dir='ltr'>m.</span> <span class='ocrx_word' id='word_1_357' title='bbox 714 4393 769 4457; x_wconf 88' lang='grc'>2)</span> <span class='ocrx_word' id='word_1_358' title='bbox 810 4392 916 4445; x_wconf 70' lang='lat' dir='ltr'>Lr·</span> 
     </span>
    </p>
   </div>
  </div>
 </body>
</html>
