3159 4984
469 495 599 558 324
702 524 707 529 ·
1172 495 1223 548 S.
1282 494 1554 549 Aureli
1611 495 2051 564 Augustini

471 687 662 753 miror
716 708 839 753 non
894 688 1111 753 uidere
1168 707 1411 761 caecos,
1470 689 1636 773 quia,
1695 690 1751 755 si
1809 690 2098 755 Christus
2153 688 2297 751 ideo
2362 705 2486 751 non
2541 686 2765 750 habuit

472 812 745 869 carnem,
793 796 941 877 quia
988 795 1143 859 dixit
1189 797 1517 879 apostolus
1565 816 1733 862 nunc
1779 797 1903 861 iam
1942 817 2066 863 non
2106 816 2174 861 se
2214 814 2401 861 nosse
2441 794 2762 860 Christum

475 900 823 965 secundum
891 920 1160 980 carnem,
1223 921 1339 967 nec
1393 902 1490 967 illi
1545 903 1906 969 habuerunt
1960 922 2229 977 carnem,
2288 901 2365 966 de
2423 901 2653 985 quibus
2698 900 2764 963 in

473 1004 698 1070 eodem
742 1007 884 1071 1000
935 1008 1124 1072 dicit:
1190 1008 1451 1091 itaque
1499 1029 1633 1074 nos
1682 1010 1940 1075 amodo
1988 1010 2358 1074 neminem
2416 1007 2764 1072 nouimus

472 1112 881 1178 secundum
930 1132 1247 1178 carnem.
1314 1134 1516 1197 neque
1574 1114 1742 1179 enim
1803 1116 1878 1180 de
1936 1115 2074 1180 solo
2124 1114 2375 1180 Christo
2430 1114 2499 1179 id
2541 1114 2767 1178 uolens
2803 1132 2830 1171 5

471 1217 761 1301 intellegi
803 1222 1023 1302 posset
1069 1220 1312 1285 dicere:
1380 1221 1698 1285 neminem
1751 1221 2048 1286 nouimus
2098 1220 2447 1285 secuudum
2496 1238 2766 1287 carnem.

473 1323 586 1388 sed
633 1308 781 1407 quia
825 1326 1083 1391 illorum
1132 1345 1349 1391 secum
1397 1325 1599 1392 uitam
1654 1326 1936 1391 futuram
1990 1330 2319 1409 tamquam
2372 1328 2770 1410 praesentem

470 1431 917 1505 meditabatur,
968 1432 1077 1515 qui
1122 1436 1525 1517 resurgentes
1575 1434 2170 1498 commutabuntur:
2221 1433 2502 1509 amod0,
2539 1430 2766 1513 inquit,

470 1538 841 1603 neminem
879 1538 1233 1603 nouimus
1274 1539 1686 1603 secundum
1725 1557 2038 1613 carnem,
2077 1538 2143 1603 id
2183 1540 2315 1603 est:
2362 1539 2495 1601 tam
2535 1538 2770 1600 certam

474 1664 653 1729 spem
700 1647 993 1709 tenemus
1038 1644 1289 1709 futurae
1337 1647 1590 1709 nostrae
1633 1644 2124 1727 incorruptionis
2173 1646 2239 1709 et
2272 1641 2768 1719 inmortalitatis,
2805 1664 2860 1702 ιο

469 1754 546 1814 111
591 1751 817 1816 amodo
863 1749 993 1814 iam
1028 1750 1093 1814 in
1130 1750 1271 1835 ipsa
1306 1750 1534 1816 notitia
1570 1751 1980 1835 gaudeamus.
2029 1750 2196 1815 unde
2237 1750 2359 1813 alio
2397 1749 2538 1815 1000
2579 1748 2768 1813 dicit:

483 1858 546 1922 si
596 1859 843 1921 autem
880 1856 1420 1921 resurrexistis
1460 1876 1624 1922 cum
1664 1856 1992 1935 Christo,
2033 1874 2220 1939 quae
2259 1874 2557 1920 sursum
2595 1858 2774 1919 sunt

476 1963 848 2045 quaerite,
907 1964 1035 2027 ubi
1096 1962 1457 2029 Christus
1516 1967 1634 2029 est
1689 1963 1775 2028 ad
1843 1964 2222 2028 dexteram
2287 1962 2406 2027 dei
2471 1961 2770 2035 sedens;

482 2088 668 2151 quae
718 2087 1015 2134 sursum
1064 2072 1241 2134 sunt
1288 2070 1556 2154 sapite,
1605 2090 1746 2137 non
1796 2089 1978 2152 quae
2019 2088 2246 2153 super
2280 2072 2574 2133 terram.
2622 2088 2773 2135 non-

474 2176 628 2239 dum
673 2175 894 2257 utique
941 2176 1397 2241 resurreximus
1447 2176 1616 2243 sicut
1665 2176 1977 2252 Christus,
2017 2175 2130 2241 sed
2167 2177 2379 2240 tamen
2419 2174 2770 2241 secundum
2814 2195 2866 2235 15

475 2300 674 2364 spem,
725 2299 883 2362 quae
932 2282 1115 2347 nobis
1170 2282 1234 2346 in
1290 2282 1403 2349 illo
1462 2286 1579 2359 est,
1635 2282 1766 2347 iam
1821 2301 1938 2347 nos
1996 2301 2140 2348 cum
2196 2282 2310 2346 illo
2356 2280 2771 2346 resurrexisse

475 2389 751 2451 testatus
812 2388 929 2451 est.
998 2386 1164 2451 unde
1222 2387 1414 2452 etiam
1473 2387 1664 2452 dicit:
1732 2388 2145 2452 secundum
2215 2404 2422 2453 suam
2485 2385 2772 2451 miseri-

476 2493 807 2558 cordiam
845 2494 1107 2558 saluos
1144 2512 1278 2559 nos
1316 2494 1506 2559 fecit
1541 2512 1670 2577 per
1706 2495 2092 2558 lauacrum
2141 2492 2769 2577 regenerationis,

475 2599 618 2682 quis
666 2601 881 2663 autem
918 2618 1042 2665 non
1080 2600 1414 2684 intellegat
1448 2600 1512 2663 in
1550 2601 1804 2664 lauacro
1841 2599 2333 2683 regenerationis
2373 2618 2551 2682 spem
2589 2597 2771 2663 nobis

466 2706 680 2771 datam
726 2706 961 2771 salutis
1008 2704 1279 2783 futurae,
1328 2725 1451 2770 non
1497 2706 1628 2770 iam
1676 2706 1952 2770 salutem
2010 2705 2237 2787 ipsam,
2296 2724 2456 2788 quae
2509 2704 2770 2787 promit-
2807 2726 2866 2765 20

468 2812 677 2875 titur?
728 2813 792 2875 et
836 2814 1049 2876 tamen
1099 2812 1247 2893 quia
1293 2814 1464 2876 certa
1509 2831 1656 2896 spes
1706 2813 1824 2895 est,
1861 2814 2188 2893 tamquam
2232 2812 2358 2875 iam
2409 2811 2554 2875 data
2600 2814 2772 2875 esset-

468 2917 686 2982 eadem
760 2918 957 2993 saluS,
1026 2918 1286 2982 saluos
1352 2937 1505 2994 nos,
1571 2917 1800 2999 inquit,
1865 2916 2073 2983 fecit.
2143 2917 2266 2982 alio
2333 2916 2564 3000 quippe
2625 2915 2768 2980 1000

464 3022 935 3087 dilucidissime
967 3022 1159 3087 dicit:
1190 3042 1323 3087 nos
1352 3023 1425 3087 in
1456 3022 1674 3087 nobis
1706 3022 1901 3105 ipsis
1929 3021 2520 3105 ingemescimus
2552 3020 2768 3105 adop-

462 3129 748 3193 tionem
826 3132 1351 3211 expectantes,
1416 3128 2016 3211 redemptionem
2087 3128 2426 3211 corporis
2499 3126 2765 3192 nostri.

466 3254 599 3317 spe
662 3234 857 3298 enim
907 3234 1110 3299 salui
1143 3235 1332 3299 facti
1369 3254 1652 3311 sumuS,
1692 3254 1865 3318 spes
1905 3235 2174 3312 autem,
2215 3253 2401 3316 quae
2440 3233 2767 3305 uidetur,
2807 3258 2868 3297 25

465 3359 604 3405 non
669 3344 789 3405 est
835 3360 1038 3422 spes3
1098 3340 1296 3423 quod
1343 3342 1539 3406 enim
1594 3341 1811 3405 uidet
1866 3340 2056 3423 quis,
2116 3340 2294 3423 quid
2350 3344 2646 3424 sperat?
2703 3342 2766 3404 si

466 3450 719 3511 autem
786 3448 983 3529 quod
1037 3467 1181 3514 non
1234 3448 1606 3525 uidemuS,
1667 3466 2078 3531 speramus,
2133 3466 2265 3531 per
2316 3447 2766 3532 patientiam

465 3556 973 3637 expectamus.
1044 3553 1214 3619 sicut
1260 3574 1409 3638 ergo
1457 3554 1562 3618 hic
1609 3574 1733 3618 non
1791 3553 1985 3618 dixit:
2045 3554 2210 3619 salui
2265 3554 2464 3618 futuri
2521 3572 2766 3623 sumus,

464 3658 618 3723 sed:
687 3658 911 3724 amodo
970 3658 1096 3722 iam
1156 3659 1358 3723 salui
1414 3660 1605 3725 facti
1653 3679 1934 3737 sumuS,
1983 3661 2264 3728 nondum
2309 3665 2522 3725 tamen
2568 3661 2630 3724 in
2677 3678 2766 3731 re,

646 3844 712 3903 12·
751 3848 865 3905 Col.
904 3850 956 3913 3,
997 3852 1028 3904 l
1069 3867 1151 3920 sq.
1264 3852 1329 3904 17
1368 3851 1476 3907 Tit.
1520 3852 1573 3917 3,
1614 3853 1646 3905 5
1759 3852 1829 3905 23
1865 3852 2019 3908 Rom.
2057 3852 2110 3917 8,
2148 3852 2217 3905 23
2255 3868 2374 3921 sqq.

532 3976 566 4028 ἴ)
605 3989 817 4027 carnem
866 3972 997 4027 add.
1043 3989 1115 4027 m.
1162 3974 1197 4027 3
1236 3972 1336 4027 SG
1481 3974 1517 4029 8
1558 3974 1980 4029 comutabuntur
2022 3975 2071 4028 G
2185 3973 2252 4029 10
2289 3973 2681 4045 incoruptionis
2725 3973 2774 4026 0

459 4061 829 4115 inmortatatis
874 4060 939 4115 0¹
1090 4063 1153 4115 12
1192 4064 1322 4115 sunt
1376 4078 1478 4117 om.
1516 4062 1571 4115 L
1719 4064 1785 4117 13
1825 4063 1916 4133 ad]
1952 4064 2009 4117 in
2048 4062 2148 4118 SG
2291 4064 2510 4133 sedens]
2559 4078 2681 4115 sens
2725 4062 2775 4115 C

468 4148 535 4201 18
590 4147 740 4217 fecit]
799 4147 862 4200 fit
922 4148 971 4201 G
1142 4148 1456 4203 lauachrum
1513 4150 1561 4204 S
1763 4150 2228 4220 regeneratioonis
2290 4150 2340 4204 0
2459 4152 2530 4205 20
2583 4151 2766 4220 future

468 4235 659 4289 salutis
700 4236 731 4289 b
841 4238 911 4290 22
949 4236 1133 4290 saluos
1175 4240 1238 4303 (s.
1278 4236 1336 4305 l.)
1375 4238 1525 4291 S²G²
1669 4239 1802 4293 fecit
1844 4240 2027 4309 inquit
2064 4237 2204 4310 fecit
2248 4240 2296 4294 C
2396 4240 2466 4293 23
2505 4238 2765 4293 dulcidis-

466 4323 602 4375 sime
660 4322 759 4377 SG
901 4340 999 4378 nos
1037 4324 1102 4379 S¹
1284 4326 1692 4396 ingemiscimus
1738 4328 2008 4383 C²SGMb
2155 4331 2223 4383 24
2277 4332 2684 4399 aexspectantes
2723 4328 2774 4381 S

468 4411 861 4465 redemtionem
906 4412 954 4466 C
1056 4414 1126 4466 26
1166 4430 1260 4484 spe
1300 4414 1363 4468 S¹
1475 4415 1543 4468 27
1583 4418 1712 4486 non]
1753 4419 1894 4471 enim
1933 4416 1980 4472 S
