<?xml version="1.0" encoding="UTF-8"?>
<!DOCTYPE html PUBLIC "-//W3C//DTD XHTML 1.0 Transitional//EN"
    "http://www.w3.org/TR/xhtml1/DTD/xhtml1-transitional.dtd">
<html xmlns="http://www.w3.org/1999/xhtml" xml:lang="en" lang="en">
 <head>
  <title>
</title>
<meta http-equiv="Content-Type" content="text/html;charset=utf-8" />
  <meta name='ocr-system' content='tesseract 3.04.00' />
  <meta name='ocr-capabilities' content='ocr_page ocr_carea ocr_par ocr_line ocrx_word'/>
</head>
<body>
  <div class='ocr_page' id='page_1' title='image "./corpusscriptoru27wissgoog_0803.png"; bbox 0 0 3159 4984; ppageno 0'>
   <div class='ocr_carea' id='block_1_1' title="bbox 912 431 2708 500">
    <p class='ocr_par' dir='ltr' id='par_1_1' title="bbox 912 431 2708 500">
     <span class='ocr_line' id='line_1_1' title="bbox 912 431 2708 500; baseline 0.001 -16"><span class='ocrx_word' id='word_1_1' title='bbox 912 433 1001 486; x_wconf 90' lang='lat' dir='ltr'>VI.</span> <span class='ocrx_word' id='word_1_2' title='bbox 1058 431 1347 486; x_wconf 87' lang='lat' dir='ltr'>Contra</span> <span class='ocrx_word' id='word_1_3' title='bbox 1402 433 1770 486; x_wconf 84' lang='lat' dir='ltr'>Faustum</span> <span class='ocrx_word' id='word_1_4' title='bbox 1832 433 1962 486; x_wconf 88' lang='lat' dir='ltr'>lib.</span> <span class='ocrx_word' id='word_1_5' title='bbox 2003 433 2250 488; x_wconf 86' lang='lat' dir='ltr'>XXXIII.</span> <span class='ocrx_word' id='word_1_6' title='bbox 2581 438 2708 500; x_wconf 79' lang='grc'>793</span> 
     </span>
    </p>
   </div>
   <div class='ocr_carea' id='block_1_2' title="bbox 318 621 2711 1778">
    <p class='ocr_par' dir='ltr' id='par_1_2' title="bbox 318 621 2711 1778">
     <span class='ocr_line' id='line_1_2' title="bbox 408 621 2710 710; baseline -0.001 -18"><span class='ocrx_word' id='word_1_7' title='bbox 408 629 970 710; x_wconf 84' lang='lat' dir='ltr'>qualiumcumque</span> <span class='ocrx_word' id='word_1_8' title='bbox 1036 627 1368 692; x_wconf 90' lang='lat' dir='ltr'>hominum</span> <span class='ocrx_word' id='word_1_9' title='bbox 1437 628 1693 710; x_wconf 91' lang='lat' dir='ltr'>scriptis</span> <span class='ocrx_word' id='word_1_10' title='bbox 1752 628 1890 692; x_wconf 91' lang='lat' dir='ltr'>siue</span> <span class='ocrx_word' id='word_1_11' title='bbox 1950 631 2122 692; x_wconf 83' lang='lat' dir='ltr'>extra</span> <span class='ocrx_word' id='word_1_12' title='bbox 2179 621 2514 692; x_wconf 85' lang='lat' dir='ltr'>ecclesiam</span> <span class='ocrx_word' id='word_1_13' title='bbox 2573 628 2710 692; x_wconf 89' lang='lat' dir='ltr'>siue</span> 
     </span>
     <span class='ocr_line' id='line_1_3' title="bbox 406 733 1996 818; baseline 0.001 -20"><span class='ocrx_word' id='word_1_14' title='bbox 406 735 471 798; x_wconf 90' lang='lat' dir='ltr'>in</span> <span class='ocrx_word' id='word_1_15' title='bbox 518 734 661 817; x_wconf 88' lang='lat' dir='ltr'>ipsa</span> <span class='ocrx_word' id='word_1_16' title='bbox 709 733 981 798; x_wconf 86' lang='lat' dir='ltr'>ecclesia</span> <span class='ocrx_word' id='word_1_17' title='bbox 1030 736 1208 796; x_wconf 86' lang='lat' dir='ltr'>tanta</span> <span class='ocrx_word' id='word_1_18' title='bbox 1254 733 1561 798; x_wconf 73' lang='lat' dir='ltr'><strong>facilitate</strong></span> <span class='ocrx_word' id='word_1_19' title='bbox 1609 735 1996 818; x_wconf 81' lang='lat' dir='ltr'>proueniat?</span> 
     </span>
     <span class='ocr_line' id='line_1_4' title="bbox 499 839 2706 926; baseline 0 -22"><span class='ocrx_word' id='word_1_20' title='bbox 499 841 557 904; x_wconf 90' lang='grc'>7.</span> <span class='ocrx_word' id='word_1_21' title='bbox 618 839 745 905; x_wconf 88' lang='lat' dir='ltr'>Sed</span> <span class='ocrx_word' id='word_1_22' title='bbox 790 840 1121 914; x_wconf 89' lang='lat' dir='ltr'>contraria,</span> <span class='ocrx_word' id='word_1_23' title='bbox 1170 841 1397 922; x_wconf 88' lang='lat' dir='ltr'>inquit,</span> <span class='ocrx_word' id='word_1_24' title='bbox 1444 841 1614 905; x_wconf 90' lang='lat' dir='ltr'>inter</span> <span class='ocrx_word' id='word_1_25' title='bbox 1650 861 1718 906; x_wconf 91' lang='lat' dir='ltr'>se</span> <span class='ocrx_word' id='word_1_26' title='bbox 1759 843 1994 926; x_wconf 88' lang='lat' dir='ltr'>scripta</span> <span class='ocrx_word' id='word_1_27' title='bbox 2033 862 2248 907; x_wconf 91' lang='lat' dir='ltr'>eorum</span> <span class='ocrx_word' id='word_1_28' title='bbox 2289 842 2706 925; x_wconf 86' lang='lat' dir='ltr'>reperiuntur.</span> 
     </span>
     <span class='ocr_line' id='line_1_5' title="bbox 404 946 2710 1032; baseline 0.001 -22"><span class='ocrx_word' id='word_1_29' title='bbox 404 946 670 1032; x_wconf 89' lang='lat' dir='ltr'>maligni</span> <span class='ocrx_word' id='word_1_30' title='bbox 716 947 885 1011; x_wconf 88' lang='lat' dir='ltr'>malo</span> <span class='ocrx_word' id='word_1_31' title='bbox 935 947 1152 1011; x_wconf 88' lang='lat' dir='ltr'>studio</span> <span class='ocrx_word' id='word_1_32' title='bbox 1211 947 1449 1031; x_wconf 88' lang='lat' dir='ltr'>legitis.</span> <span class='ocrx_word' id='word_1_33' title='bbox 1500 949 1689 1012; x_wconf 88' lang='lat' dir='ltr'>stulti</span> <span class='ocrx_word' id='word_1_34' title='bbox 1736 968 1858 1014; x_wconf 91' lang='lat' dir='ltr'>non</span> <span class='ocrx_word' id='word_1_35' title='bbox 1905 949 2305 1032; x_wconf 79' lang='lat' dir='ltr'>intellegitis,</span> <span class='ocrx_word' id='word_1_36' title='bbox 2368 947 2541 1012; x_wconf 89' lang='lat' dir='ltr'>caeci</span> <span class='ocrx_word' id='word_1_37' title='bbox 2588 967 2710 1014; x_wconf 88' lang='lat' dir='ltr'>non</span> 
     </span>
     <span class='ocr_line' id='line_1_6' title="bbox 342 1053 2711 1140; baseline 0.003 -28"><span class='ocrx_word' id='word_1_38' title='bbox 342 1074 367 1112; x_wconf 80' lang='lat'>⁵</span> <span class='ocrx_word' id='word_1_39' title='bbox 404 1053 662 1121; x_wconf 80' lang='lat' dir='ltr'>uidetis,</span> <span class='ocrx_word' id='word_1_40' title='bbox 734 1053 884 1136; x_wconf 88' lang='lat' dir='ltr'>quid</span> <span class='ocrx_word' id='word_1_41' title='bbox 943 1054 1109 1118; x_wconf 89' lang='lat' dir='ltr'>enim</span> <span class='ocrx_word' id='word_1_42' title='bbox 1171 1073 1473 1138; x_wconf 88' lang='lat' dir='ltr'>magnum</span> <span class='ocrx_word' id='word_1_43' title='bbox 1536 1058 1671 1118; x_wconf 88' lang='lat' dir='ltr'>erat</span> <span class='ocrx_word' id='word_1_44' title='bbox 1727 1056 1854 1120; x_wconf 88' lang='lat' dir='ltr'>ista</span> <span class='ocrx_word' id='word_1_45' title='bbox 1903 1055 2242 1140; x_wconf 75' lang='lat' dir='ltr'>diligenter</span> <span class='ocrx_word' id='word_1_46' title='bbox 2284 1055 2600 1139; x_wconf 83' lang='lat' dir='ltr'>inspicere</span> <span class='ocrx_word' id='word_1_47' title='bbox 2649 1059 2711 1119; x_wconf 90' lang='lat' dir='ltr'>et</span> 
     </span>
     <span class='ocr_line' id='line_1_7' title="bbox 410 1160 2709 1246; baseline 0 -22"><span class='ocrx_word' id='word_1_48' title='bbox 410 1160 757 1226; x_wconf 88' lang='lat' dir='ltr'>eorundem</span> <span class='ocrx_word' id='word_1_49' title='bbox 806 1160 1191 1243; x_wconf 88' lang='lat' dir='ltr'>scriptorum</span> <span class='ocrx_word' id='word_1_50' title='bbox 1238 1179 1535 1245; x_wconf 89' lang='lat' dir='ltr'>magnam</span> <span class='ocrx_word' id='word_1_51' title='bbox 1577 1165 1644 1225; x_wconf 90' lang='lat' dir='ltr'>et</span> <span class='ocrx_word' id='word_1_52' title='bbox 1682 1161 2000 1226; x_wconf 82' lang='lat' dir='ltr'>salubrem</span> <span class='ocrx_word' id='word_1_53' title='bbox 2041 1161 2326 1226; x_wconf 89' lang='lat' dir='ltr'>inuenire</span> <span class='ocrx_word' id='word_1_54' title='bbox 2365 1181 2709 1246; x_wconf 88' lang='lat' dir='ltr'>congruen-</span> 
     </span>
     <span class='ocr_line' id='line_1_8' title="bbox 408 1267 2707 1350; baseline 0.002 -20"><span class='ocrx_word' id='word_1_55' title='bbox 408 1267 585 1342; x_wconf 79' lang='lat' dir='ltr'>tiam,</span> <span class='ocrx_word' id='word_1_56' title='bbox 637 1268 693 1331; x_wconf 90' lang='lat' dir='ltr'>si</span> <span class='ocrx_word' id='word_1_57' title='bbox 740 1286 858 1332; x_wconf 89' lang='lat' dir='ltr'>uos</span> <span class='ocrx_word' id='word_1_58' title='bbox 908 1267 1232 1332; x_wconf 89' lang='lat' dir='ltr'>contentio</span> <span class='ocrx_word' id='word_1_59' title='bbox 1279 1286 1403 1332; x_wconf 91' lang='lat' dir='ltr'>non</span> <span class='ocrx_word' id='word_1_60' title='bbox 1451 1270 1849 1350; x_wconf 87' lang='lat' dir='ltr'>peruerteret</span> <span class='ocrx_word' id='word_1_61' title='bbox 1884 1271 1950 1331; x_wconf 90' lang='lat' dir='ltr'>et</span> <span class='ocrx_word' id='word_1_62' title='bbox 1987 1267 2043 1332; x_wconf 90' lang='lat' dir='ltr'>si</span> <span class='ocrx_word' id='word_1_63' title='bbox 2081 1267 2285 1350; x_wconf 87' lang='lat' dir='ltr'>pietas</span> <span class='ocrx_word' id='word_1_64' title='bbox 2325 1267 2707 1336; x_wconf 80' lang='lat' dir='ltr'>adiuuaret?</span> 
     </span>
     <span class='ocr_line' id='line_1_9' title="bbox 409 1375 2708 1458; baseline 0 -20"><span class='ocrx_word' id='word_1_65' title='bbox 409 1375 551 1457; x_wconf 89' lang='lat' dir='ltr'>quis</span> <span class='ocrx_word' id='word_1_66' title='bbox 621 1375 789 1439; x_wconf 89' lang='lat' dir='ltr'>enim</span> <span class='ocrx_word' id='word_1_67' title='bbox 855 1394 1155 1457; x_wconf 88' lang='lat' dir='ltr'>umquam</span> <span class='ocrx_word' id='word_1_68' title='bbox 1227 1375 1388 1440; x_wconf 87' lang='lat' dir='ltr'>duos</span> <span class='ocrx_word' id='word_1_69' title='bbox 1448 1375 1788 1441; x_wconf 88' lang='lat' dir='ltr'>historicos</span> <span class='ocrx_word' id='word_1_70' title='bbox 1845 1375 2066 1458; x_wconf 89' lang='lat' dir='ltr'>legens</span> <span class='ocrx_word' id='word_1_71' title='bbox 2126 1375 2201 1439; x_wconf 88' lang='lat' dir='ltr'>de</span> <span class='ocrx_word' id='word_1_72' title='bbox 2258 1394 2383 1439; x_wconf 90' lang='lat' dir='ltr'>una</span> <span class='ocrx_word' id='word_1_73' title='bbox 2437 1393 2501 1439; x_wconf 95' lang='lat' dir='ltr'>re</span> <span class='ocrx_word' id='word_1_74' title='bbox 2559 1377 2708 1440; x_wconf 88' lang='lat' dir='ltr'>scri-</span> 
     </span>
     <span class='ocr_line' id='line_1_10' title="bbox 405 1479 2707 1564; baseline 0.001 -20"><span class='ocrx_word' id='word_1_75' title='bbox 405 1481 631 1546; x_wconf 89' lang='lat' dir='ltr'>bentes</span> <span class='ocrx_word' id='word_1_76' title='bbox 688 1485 1033 1564; x_wconf 89' lang='lat' dir='ltr'>utrumque</span> <span class='ocrx_word' id='word_1_77' title='bbox 1090 1483 1196 1546; x_wconf 91' lang='lat' dir='ltr'>uel</span> <span class='ocrx_word' id='word_1_78' title='bbox 1252 1481 1635 1546; x_wconf 91' lang='lat' dir='ltr'>utrumlibet</span> <span class='ocrx_word' id='word_1_79' title='bbox 1691 1501 1910 1546; x_wconf 91' lang='lat' dir='ltr'>eorum</span> <span class='ocrx_word' id='word_1_80' title='bbox 1968 1485 2079 1545; x_wconf 86' lang='lat' dir='ltr'>aut</span> <span class='ocrx_word' id='word_1_81' title='bbox 2134 1482 2351 1545; x_wconf 88' lang='lat' dir='ltr'>fallere</span> <span class='ocrx_word' id='word_1_82' title='bbox 2409 1486 2520 1546; x_wconf 89' lang='lat' dir='ltr'>aut</span> <span class='ocrx_word' id='word_1_83' title='bbox 2573 1479 2707 1546; x_wconf 88' lang='lat' dir='ltr'>falli</span> 
     </span>
     <span class='ocr_line' id='line_1_11' title="bbox 318 1587 2705 1671; baseline 0 -20"><span class='ocrx_word' id='word_1_84' title='bbox 318 1607 368 1646; x_wconf 80' lang='grc' dir='ltr'>ιο</span> <span class='ocrx_word' id='word_1_85' title='bbox 408 1587 753 1652; x_wconf 85' lang='lat' dir='ltr'>arbitratus</span> <span class='ocrx_word' id='word_1_86' title='bbox 804 1591 921 1664; x_wconf 90' lang='lat' dir='ltr'>est,</span> <span class='ocrx_word' id='word_1_87' title='bbox 972 1588 1029 1652; x_wconf 90' lang='lat' dir='ltr'>si</span> <span class='ocrx_word' id='word_1_88' title='bbox 1076 1607 1243 1653; x_wconf 91' lang='lat' dir='ltr'>unus</span> <span class='ocrx_word' id='word_1_89' title='bbox 1292 1607 1510 1653; x_wconf 91' lang='lat' dir='ltr'>eorum</span> <span class='ocrx_word' id='word_1_90' title='bbox 1562 1587 1740 1654; x_wconf 82' lang='lat' dir='ltr'>dixit.</span> <span class='ocrx_word' id='word_1_91' title='bbox 1798 1588 1968 1670; x_wconf 91' lang='lat' dir='ltr'>quod</span> <span class='ocrx_word' id='word_1_92' title='bbox 2024 1588 2188 1653; x_wconf 89' lang='lat' dir='ltr'>alius</span> <span class='ocrx_word' id='word_1_93' title='bbox 2244 1589 2705 1671; x_wconf 46' lang='lat' dir='ltr'>praetermisi&amp;</span> 
     </span>
     <span class='ocr_line' id='line_1_12' title="bbox 406 1693 2705 1778; baseline 0 -21"><span class='ocrx_word' id='word_1_94' title='bbox 406 1697 520 1758; x_wconf 91' lang='lat' dir='ltr'>aut</span> <span class='ocrx_word' id='word_1_95' title='bbox 584 1695 638 1758; x_wconf 90' lang='lat' dir='ltr'>si</span> <span class='ocrx_word' id='word_1_96' title='bbox 708 1694 870 1758; x_wconf 89' lang='lat' dir='ltr'>alter</span> <span class='ocrx_word' id='word_1_97' title='bbox 932 1695 1173 1776; x_wconf 88' lang='lat' dir='ltr'>aliquid</span> <span class='ocrx_word' id='word_1_98' title='bbox 1236 1695 1495 1760; x_wconf 88' lang='lat' dir='ltr'>breuius</span> <span class='ocrx_word' id='word_1_99' title='bbox 1564 1696 1907 1778; x_wconf 83' lang='lat' dir='ltr'>conplexus</span> <span class='ocrx_word' id='word_1_100' title='bbox 1975 1699 2076 1760; x_wconf 92' lang='lat' dir='ltr'>est</span> <span class='ocrx_word' id='word_1_101' title='bbox 2139 1693 2402 1758; x_wconf 87' lang='lat' dir='ltr'>eandem</span> <span class='ocrx_word' id='word_1_102' title='bbox 2457 1697 2705 1759; x_wconf 87' lang='lat' dir='ltr'>tantum</span> 
     </span>
    </p>
   </div>
   <div class='ocr_carea' id='block_1_3' title="bbox 406 1801 2826 1885">
    <p class='ocr_par' dir='ltr' id='par_1_3' title="bbox 406 1801 2826 1885">
     <span class='ocr_line' id='line_1_13' title="bbox 406 1801 2826 1885; baseline 0 -21"><span class='ocrx_word' id='word_1_103' title='bbox 406 1801 792 1865; x_wconf 90' lang='lat' dir='ltr'>sententiam</span> <span class='ocrx_word' id='word_1_104' title='bbox 842 1802 1087 1865; x_wconf 90' lang='lat' dir='ltr'>saluam</span> <span class='ocrx_word' id='word_1_105' title='bbox 1138 1802 1579 1885; x_wconf 84' lang='lat' dir='ltr'>integramque</span> <span class='ocrx_word' id='word_1_106' title='bbox 1631 1801 2020 1876; x_wconf 82' lang='lat' dir='ltr'>custodiens,</span> <span class='ocrx_word' id='word_1_107' title='bbox 2081 1801 2242 1864; x_wconf 91' lang='lat' dir='ltr'>alter</span> <span class='ocrx_word' id='word_1_108' title='bbox 2289 1804 2502 1865; x_wconf 86' lang='lat' dir='ltr'>autem</span> <span class='ocrx_word' id='word_1_109' title='bbox 2549 1803 2706 1864; x_wconf 90' lang='lat' dir='ltr'>tam·</span> <span class='ocrx_word' id='word_1_110' title='bbox 2821 1829 2826 1834; x_wconf 87' lang='lat'><strong>·</strong></span> 
     </span>
    </p>
   </div>
   <div class='ocr_carea' id='block_1_4' title="bbox 310 1907 2710 3371">
    <p class='ocr_par' dir='ltr' id='par_1_4' title="bbox 310 1907 2710 3371">
     <span class='ocr_line' id='line_1_14' title="bbox 406 1907 2704 1990; baseline 0.001 -20"><span class='ocrx_word' id='word_1_111' title='bbox 406 1925 595 1988; x_wconf 87' lang='lat' dir='ltr'>quarn</span> <span class='ocrx_word' id='word_1_112' title='bbox 646 1907 1053 1972; x_wconf 84' lang='lat' dir='ltr'>membratim</span> <span class='ocrx_word' id='word_1_113' title='bbox 1102 1911 1333 1972; x_wconf 88' lang='lat' dir='ltr'>cuncta</span> <span class='ocrx_word' id='word_1_114' title='bbox 1380 1907 1672 1990; x_wconf 75' lang='lat' dir='ltr'>digessit,</span> <span class='ocrx_word' id='word_1_115' title='bbox 1714 1911 1788 1970; x_wconf 87' lang='lat' dir='ltr'>ut</span> <span class='ocrx_word' id='word_1_116' title='bbox 1832 1927 1955 1971; x_wconf 91' lang='lat' dir='ltr'>non</span> <span class='ocrx_word' id='word_1_117' title='bbox 2007 1908 2236 1980; x_wconf 84' lang='lat' dir='ltr'>solum,</span> <span class='ocrx_word' id='word_1_118' title='bbox 2277 1908 2430 1990; x_wconf 88' lang='lat' dir='ltr'>quid</span> <span class='ocrx_word' id='word_1_119' title='bbox 2467 1909 2704 1972; x_wconf 86' lang='lat' dir='ltr'>factum</span> 
     </span>
     <span class='ocr_line' id='line_1_15' title="bbox 406 2014 2710 2097; baseline -0 -19"><span class='ocrx_word' id='word_1_120' title='bbox 406 2014 513 2091; x_wconf 89' lang='lat' dir='ltr'>sit,</span> <span class='ocrx_word' id='word_1_121' title='bbox 562 2034 789 2078; x_wconf 92' lang='lat' dir='ltr'>uerum</span> <span class='ocrx_word' id='word_1_122' title='bbox 840 2015 1053 2086; x_wconf 66' lang='lat' dir='ltr'>etiam,</span> <span class='ocrx_word' id='word_1_123' title='bbox 1098 2014 1638 2097; x_wconf 89' lang='lat' dir='ltr'>quemadmodum</span> <span class='ocrx_word' id='word_1_124' title='bbox 1689 2014 1930 2079; x_wconf 87' lang='lat' dir='ltr'>factum</span> <span class='ocrx_word' id='word_1_125' title='bbox 1978 2015 2082 2092; x_wconf 88' lang='lat' dir='ltr'>sit,</span> <span class='ocrx_word' id='word_1_126' title='bbox 2121 2015 2492 2079; x_wconf 81' lang='lat' dir='ltr'>intimaret?</span> <span class='ocrx_word' id='word_1_127' title='bbox 2541 2014 2710 2079; x_wconf 87' lang='lat' dir='ltr'>sicut</span> 
     </span>
     <span class='ocr_line' id='line_1_16' title="bbox 314 2119 2706 2205; baseline 0 -21"><span class='ocrx_word' id='word_1_128' title='bbox 314 2139 365 2177; x_wconf 84' lang='lat'>1⁵</span> <span class='ocrx_word' id='word_1_129' title='bbox 402 2119 683 2186; x_wconf 86' lang='lat' dir='ltr'>Faustus</span> <span class='ocrx_word' id='word_1_130' title='bbox 750 2121 899 2184; x_wconf 91' lang='lat' dir='ltr'>hinc</span> <span class='ocrx_word' id='word_1_131' title='bbox 966 2120 1444 2205; x_wconf 86' lang='lat' dir='ltr'>euangeliorum</span> <span class='ocrx_word' id='word_1_132' title='bbox 1510 2121 1771 2185; x_wconf 87' lang='lat' dir='ltr'>ueritati</span> <span class='ocrx_word' id='word_1_133' title='bbox 1835 2121 2048 2186; x_wconf 90' lang='lat' dir='ltr'>uoluit</span> <span class='ocrx_word' id='word_1_134' title='bbox 2111 2121 2502 2188; x_wconf 88' lang='lat' dir='ltr'>calumniari.</span> <span class='ocrx_word' id='word_1_135' title='bbox 2562 2121 2706 2203; x_wconf 91' lang='lat' dir='ltr'>quia</span> 
     </span>
     <span class='ocr_line' id='line_1_17' title="bbox 401 2226 2696 2308; baseline -0 -18"><span class='ocrx_word' id='word_1_136' title='bbox 401 2226 768 2292; x_wconf 87' lang='lat' dir='ltr'>Matthaeus</span> <span class='ocrx_word' id='word_1_137' title='bbox 818 2226 1059 2308; x_wconf 85' lang='lat' dir='ltr'>aliquid</span> <span class='ocrx_word' id='word_1_138' title='bbox 1109 2226 1285 2302; x_wconf 81' lang='lat' dir='ltr'>dixit,</span> <span class='ocrx_word' id='word_1_139' title='bbox 1337 2226 1507 2308; x_wconf 92' lang='lat' dir='ltr'>quod</span> <span class='ocrx_word' id='word_1_140' title='bbox 1554 2227 1783 2303; x_wconf 77' lang='lat' dir='ltr'>Lucae,</span> <span class='ocrx_word' id='word_1_141' title='bbox 1833 2246 1980 2291; x_wconf 91' lang='lat' dir='ltr'>cum</span> <span class='ocrx_word' id='word_1_142' title='bbox 2038 2227 2206 2290; x_wconf 90' lang='lat' dir='ltr'>idem</span> <span class='ocrx_word' id='word_1_143' title='bbox 2265 2231 2567 2299; x_wconf 83' lang='lat' dir='ltr'>narraret,</span> <span class='ocrx_word' id='word_1_144' title='bbox 2617 2226 2696 2290; x_wconf 87' lang='lat' dir='ltr'>di-</span> 
     </span>
     <span class='ocr_line' id='line_1_18' title="bbox 402 2329 2706 2416; baseline -0.001 -19"><span class='ocrx_word' id='word_1_145' title='bbox 402 2351 543 2397; x_wconf 81' lang='lat' dir='ltr'>cere</span> <span class='ocrx_word' id='word_1_146' title='bbox 606 2331 1067 2415; x_wconf 82' lang='lat' dir='ltr'>praetermisit,</span> <span class='ocrx_word' id='word_1_147' title='bbox 1138 2331 1318 2414; x_wconf 86' lang='lat' dir='ltr'>quasi</span> <span class='ocrx_word' id='word_1_148' title='bbox 1386 2332 1722 2416; x_wconf 85' lang='lat' dir='ltr'>negauerit</span> <span class='ocrx_word' id='word_1_149' title='bbox 1785 2333 1991 2396; x_wconf 90' lang='lat' dir='ltr'>Lucas</span> <span class='ocrx_word' id='word_1_150' title='bbox 2059 2331 2292 2396; x_wconf 80' lang='lat' dir='ltr'>dixisse</span> <span class='ocrx_word' id='word_1_151' title='bbox 2359 2329 2706 2408; x_wconf 85' lang='lat' dir='ltr'>Christum,</span> 
     </span>
     <span class='ocr_line' id='line_1_19' title="bbox 402 2437 2704 2521; baseline 0 -19"><span class='ocrx_word' id='word_1_152' title='bbox 402 2439 570 2521; x_wconf 87' lang='lat' dir='ltr'>quod</span> <span class='ocrx_word' id='word_1_153' title='bbox 636 2457 781 2503; x_wconf 92' lang='lat' dir='ltr'>eum</span> <span class='ocrx_word' id='word_1_154' title='bbox 830 2437 1087 2521; x_wconf 88' lang='lat' dir='ltr'>scripsit</span> <span class='ocrx_word' id='word_1_155' title='bbox 1132 2438 1363 2504; x_wconf 83' lang='lat' dir='ltr'>dixisse</span> <span class='ocrx_word' id='word_1_156' title='bbox 1408 2439 1796 2504; x_wconf 88' lang='lat' dir='ltr'>Matthaeus.</span> <span class='ocrx_word' id='word_1_157' title='bbox 1843 2438 1990 2502; x_wconf 89' lang='lat' dir='ltr'>hinc</span> <span class='ocrx_word' id='word_1_158' title='bbox 2039 2438 2291 2503; x_wconf 91' lang='lat' dir='ltr'>omnino</span> <span class='ocrx_word' id='word_1_159' title='bbox 2339 2439 2515 2502; x_wconf 90' lang='lat' dir='ltr'>nulla</span> <span class='ocrx_word' id='word_1_160' title='bbox 2569 2457 2704 2502; x_wconf 92' lang='lat' dir='ltr'>um-</span> 
     </span>
     <span class='ocr_line' id='line_1_20' title="bbox 402 2544 2704 2627; baseline 0 -19"><span class='ocrx_word' id='word_1_161' title='bbox 402 2563 590 2626; x_wconf 89' lang='lat' dir='ltr'>quam</span> <span class='ocrx_word' id='word_1_162' title='bbox 655 2545 944 2626; x_wconf 89' lang='lat' dir='ltr'>quaestio</span> <span class='ocrx_word' id='word_1_163' title='bbox 1012 2544 1137 2608; x_wconf 90' lang='lat' dir='ltr'>fuit</span> <span class='ocrx_word' id='word_1_164' title='bbox 1199 2563 1403 2627; x_wconf 90' lang='lat' dir='ltr'>neque</span> <span class='ocrx_word' id='word_1_165' title='bbox 1468 2545 1590 2610; x_wconf 93' lang='lat' dir='ltr'>hoc</span> <span class='ocrx_word' id='word_1_166' title='bbox 1657 2545 1824 2610; x_wconf 91' lang='lat' dir='ltr'>obici</span> <span class='ocrx_word' id='word_1_167' title='bbox 1889 2545 2012 2608; x_wconf 90' lang='lat' dir='ltr'>nisi</span> <span class='ocrx_word' id='word_1_168' title='bbox 2077 2545 2154 2608; x_wconf 90' lang='lat' dir='ltr'>ab</span> <span class='ocrx_word' id='word_1_169' title='bbox 2203 2545 2456 2609; x_wconf 91' lang='lat' dir='ltr'>omnino</span> <span class='ocrx_word' id='word_1_170' title='bbox 2493 2544 2704 2626; x_wconf 88' lang='lat' dir='ltr'>inpru-</span> 
     </span>
     <span class='ocr_line' id='line_1_21' title="bbox 312 2649 2704 2716; baseline 0.001 -6"><span class='ocrx_word' id='word_1_171' title='bbox 312 2673 367 2710; x_wconf 79' lang='lat'>20</span> <span class='ocrx_word' id='word_1_172' title='bbox 404 2649 701 2716; x_wconf 89' lang='lat' dir='ltr'>dentibus</span> <span class='ocrx_word' id='word_1_173' title='bbox 768 2654 835 2714; x_wconf 90' lang='lat' dir='ltr'>et</span> <span class='ocrx_word' id='word_1_174' title='bbox 898 2651 1054 2713; x_wconf 92' lang='lat' dir='ltr'>nihil</span> <span class='ocrx_word' id='word_1_175' title='bbox 1121 2651 1345 2714; x_wconf 90' lang='lat' dir='ltr'>harum</span> <span class='ocrx_word' id='word_1_176' title='bbox 1410 2670 1621 2714; x_wconf 89' lang='lat' dir='ltr'>rerum</span> <span class='ocrx_word' id='word_1_177' title='bbox 1689 2650 2087 2715; x_wconf 90' lang='lat' dir='ltr'>considerare</span> <span class='ocrx_word' id='word_1_178' title='bbox 2161 2649 2528 2714; x_wconf 90' lang='lat' dir='ltr'>uolentibus</span> <span class='ocrx_word' id='word_1_179' title='bbox 2593 2668 2704 2713; x_wconf 90' lang='lat' dir='ltr'>seu</span> 
     </span>
     <span class='ocr_line' id='line_1_22' title="bbox 400 2754 2704 2837; baseline -0 -19"><span class='ocrx_word' id='word_1_180' title='bbox 400 2755 769 2819; x_wconf 88' lang='lat' dir='ltr'>ualentibus</span> <span class='ocrx_word' id='word_1_181' title='bbox 817 2757 1053 2837; x_wconf 87' lang='lat' dir='ltr'>potest.</span> <span class='ocrx_word' id='word_1_182' title='bbox 1122 2754 1286 2818; x_wconf 91' lang='lat' dir='ltr'>illud</span> <span class='ocrx_word' id='word_1_183' title='bbox 1334 2773 1483 2818; x_wconf 88' lang='lat' dir='ltr'>sane</span> <span class='ocrx_word' id='word_1_184' title='bbox 1535 2758 1602 2817; x_wconf 90' lang='lat' dir='ltr'>et</span> <span class='ocrx_word' id='word_1_185' title='bbox 1645 2754 1882 2835; x_wconf 90' lang='lat' dir='ltr'>requiri</span> <span class='ocrx_word' id='word_1_186' title='bbox 1927 2755 2095 2819; x_wconf 88' lang='lat' dir='ltr'>inter</span> <span class='ocrx_word' id='word_1_187' title='bbox 2139 2754 2362 2818; x_wconf 89' lang='lat' dir='ltr'>fideles</span> <span class='ocrx_word' id='word_1_188' title='bbox 2421 2759 2485 2818; x_wconf 90' lang='lat' dir='ltr'>et</span> <span class='ocrx_word' id='word_1_189' title='bbox 2542 2754 2704 2819; x_wconf 90' lang='lat' dir='ltr'>obici</span> 
     </span>
     <span class='ocr_line' id='line_1_23' title="bbox 404 2860 2704 2944; baseline -0 -20"><span class='ocrx_word' id='word_1_190' title='bbox 404 2863 481 2926; x_wconf 92' lang='lat' dir='ltr'>ab</span> <span class='ocrx_word' id='word_1_191' title='bbox 529 2861 896 2926; x_wconf 91' lang='lat' dir='ltr'>infidelibus</span> <span class='ocrx_word' id='word_1_192' title='bbox 954 2861 1139 2931; x_wconf 80' lang='lat' dir='ltr'>solet,</span> <span class='ocrx_word' id='word_1_193' title='bbox 1200 2860 1310 2925; x_wconf 88' lang='lat' dir='ltr'>sed</span> <span class='ocrx_word' id='word_1_194' title='bbox 1370 2860 1559 2924; x_wconf 87' lang='lat' dir='ltr'>etiarn</span> <span class='ocrx_word' id='word_1_195' title='bbox 1618 2860 1776 2944; x_wconf 90' lang='lat' dir='ltr'>ipsis</span> <span class='ocrx_word' id='word_1_196' title='bbox 1835 2861 1942 2925; x_wconf 92' lang='lat' dir='ltr'>uel</span> <span class='ocrx_word' id='word_1_197' title='bbox 1995 2880 2221 2944; x_wconf 89' lang='lat' dir='ltr'>parum</span> <span class='ocrx_word' id='word_1_198' title='bbox 2279 2861 2544 2925; x_wconf 90' lang='lat' dir='ltr'>eruditis</span> <span class='ocrx_word' id='word_1_199' title='bbox 2600 2861 2704 2924; x_wconf 92' lang='lat' dir='ltr'>uel</span> 
     </span>
     <span class='ocr_line' id='line_1_24' title="bbox 402 2967 2707 3051; baseline 0 -20"><span class='ocrx_word' id='word_1_200' title='bbox 402 2967 591 3031; x_wconf 90' lang='lat' dir='ltr'>nimis</span> <span class='ocrx_word' id='word_1_201' title='bbox 643 2967 1083 3043; x_wconf 85' lang='lat' dir='ltr'>contentiosis,</span> <span class='ocrx_word' id='word_1_202' title='bbox 1133 2967 1257 3032; x_wconf 88' lang='lat' dir='ltr'>nisi</span> <span class='ocrx_word' id='word_1_203' title='bbox 1307 2967 1617 3032; x_wconf 84' lang='lat' dir='ltr'>admoniti</span> <span class='ocrx_word' id='word_1_204' title='bbox 1665 2968 2065 3051; x_wconf 89' lang='lat' dir='ltr'>resipuerint,</span> <span class='ocrx_word' id='word_1_205' title='bbox 2126 2968 2295 3050; x_wconf 89' lang='lat' dir='ltr'>quod</span> <span class='ocrx_word' id='word_1_206' title='bbox 2341 2968 2707 3033; x_wconf 87' lang='lat' dir='ltr'>Matthaeus</span> 
     </span>
     <span class='ocr_line' id='line_1_25' title="bbox 408 3073 2701 3158; baseline 0.002 -21"><span class='ocrx_word' id='word_1_207' title='bbox 408 3075 598 3139; x_wconf 84' lang='lat' dir='ltr'>dixit:</span> <span class='ocrx_word' id='word_1_208' title='bbox 649 3075 985 3139; x_wconf 90' lang='lat' dir='ltr'>accessit</span> <span class='ocrx_word' id='word_1_209' title='bbox 1034 3073 1119 3138; x_wconf 90' lang='lat' dir='ltr'>ad</span> <span class='ocrx_word' id='word_1_210' title='bbox 1168 3093 1329 3137; x_wconf 90' lang='lat' dir='ltr'>eum</span> <span class='ocrx_word' id='word_1_211' title='bbox 1382 3074 1729 3140; x_wconf 89' lang='lat' dir='ltr'>centurio</span> <span class='ocrx_word' id='word_1_212' title='bbox 1778 3093 2049 3158; x_wconf 87' lang='lat' dir='ltr'>rogans</span> <span class='ocrx_word' id='word_1_213' title='bbox 2099 3093 2260 3138; x_wconf 91' lang='lat' dir='ltr'>eum</span> <span class='ocrx_word' id='word_1_214' title='bbox 2313 3077 2386 3138; x_wconf 91' lang='lat' dir='ltr'>et</span> <span class='ocrx_word' id='word_1_215' title='bbox 2424 3073 2701 3142; x_wconf 79' lang='lat' dir='ltr'>dicenS.</span> 
     </span>
     <span class='ocr_line' id='line_1_26' title="bbox 310 3179 2707 3264; baseline 0.001 -21"><span class='ocrx_word' id='word_1_216' title='bbox 310 3203 363 3242; x_wconf 79' lang='lat'>2⁵</span> <span class='ocrx_word' id='word_1_217' title='bbox 400 3181 606 3245; x_wconf 82' lang='lat' dir='ltr'>Lucas</span> <span class='ocrx_word' id='word_1_218' title='bbox 665 3184 902 3256; x_wconf 88' lang='lat' dir='ltr'>autem,</span> <span class='ocrx_word' id='word_1_219' title='bbox 964 3181 1137 3264; x_wconf 87' lang='lat' dir='ltr'>quod</span> <span class='ocrx_word' id='word_1_220' title='bbox 1182 3181 1431 3245; x_wconf 88' lang='lat' dir='ltr'>miserit</span> <span class='ocrx_word' id='word_1_221' title='bbox 1486 3181 1565 3244; x_wconf 94' lang='lat' dir='ltr'>ad</span> <span class='ocrx_word' id='word_1_222' title='bbox 1626 3201 1770 3245; x_wconf 88' lang='lat' dir='ltr'>eum</span> <span class='ocrx_word' id='word_1_223' title='bbox 1831 3182 2110 3245; x_wconf 88' lang='lat' dir='ltr'>seniores</span> <span class='ocrx_word' id='word_1_224' title='bbox 2159 3179 2538 3245; x_wconf 88' lang='lat' dir='ltr'>Iudaeorum</span> <span class='ocrx_word' id='word_1_225' title='bbox 2587 3181 2707 3245; x_wconf 92' lang='lat' dir='ltr'>hoc</span> 
     </span>
     <span class='ocr_line' id='line_1_27' title="bbox 398 3287 2702 3371; baseline 0 -21"><span class='ocrx_word' id='word_1_226' title='bbox 398 3287 613 3370; x_wconf 91' lang='lat' dir='ltr'>ipsum</span> <span class='ocrx_word' id='word_1_227' title='bbox 659 3290 959 3370; x_wconf 89' lang='lat' dir='ltr'>rogantes</span> <span class='ocrx_word' id='word_1_228' title='bbox 1000 3287 1075 3351; x_wconf 91' lang='lat' dir='ltr'>de</span> <span class='ocrx_word' id='word_1_229' title='bbox 1114 3307 1310 3371; x_wconf 85' lang='lat' dir='ltr'>puero</span> <span class='ocrx_word' id='word_1_230' title='bbox 1352 3287 1511 3359; x_wconf 84' lang='lat' dir='ltr'>eius,</span> <span class='ocrx_word' id='word_1_231' title='bbox 1554 3288 1664 3370; x_wconf 91' lang='lat' dir='ltr'>qui</span> <span class='ocrx_word' id='word_1_232' title='bbox 1703 3288 2094 3371; x_wconf 88' lang='lat' dir='ltr'>aegrotabat,</span> <span class='ocrx_word' id='word_1_233' title='bbox 2133 3292 2210 3351; x_wconf 92' lang='lat' dir='ltr'>ut</span> <span class='ocrx_word' id='word_1_234' title='bbox 2249 3306 2394 3352; x_wconf 91' lang='lat' dir='ltr'>eum</span> <span class='ocrx_word' id='word_1_235' title='bbox 2434 3291 2702 3358; x_wconf 81' lang='lat' dir='ltr'>sanaret,</span> 
     </span>
    </p>
   </div>
   <div class='ocr_carea' id='block_1_5' title="bbox 394 3451 2704 4409">
    <p class='ocr_par' dir='ltr' id='par_1_5' title="bbox 394 3451 2704 4409">
     <span class='ocr_line' id='line_1_28' title="bbox 472 3451 2698 3524; baseline -0.002 -16"><span class='ocrx_word' id='word_1_236' title='bbox 472 3457 498 3508; x_wconf 87' lang='lat'>1</span> <span class='ocrx_word' id='word_1_237' title='bbox 539 3453 997 3524; x_wconf 84' lang='lat' dir='ltr'>quialiumcumq:</span> <span class='ocrx_word' id='word_1_238' title='bbox 1037 3451 1238 3506; x_wconf 84' lang='lat' dir='ltr'><strong><em>L¹S¹G</em></strong></span> <span class='ocrx_word' id='word_1_239' title='bbox 1276 3452 1776 3522; x_wconf 76' lang='lat' dir='ltr'>quialiumcumque</span> <span class='ocrx_word' id='word_1_240' title='bbox 1813 3453 1861 3521; x_wconf 91' lang='lat' dir='ltr'>(c</span> <span class='ocrx_word' id='word_1_241' title='bbox 1900 3468 1965 3505; x_wconf 74' lang='lat' dir='ltr'>ev</span> <span class='ocrx_word' id='word_1_242' title='bbox 2003 3469 2030 3505; x_wconf 92' lang='lat' dir='ltr'>e</span> <span class='ocrx_word' id='word_1_243' title='bbox 2070 3456 2228 3520; x_wconf 80' lang='lat' dir='ltr'>corr.)</span> <span class='ocrx_word' id='word_1_244' title='bbox 2259 3453 2378 3506; x_wconf 90' lang='lat' dir='ltr'>PM</span> <span class='ocrx_word' id='word_1_245' title='bbox 2409 3453 2446 3516; x_wconf 81' lang='lat' dir='ltr'>(i</span> <span class='ocrx_word' id='word_1_246' title='bbox 2479 3468 2548 3506; x_wconf 81' lang='lat' dir='ltr'>er.</span> <span class='ocrx_word' id='word_1_247' title='bbox 2581 3469 2698 3505; x_wconf 90' lang='lat' dir='ltr'>cum</span> 
     </span>
     <span class='ocr_line' id='line_1_29' title="bbox 394 3540 2700 3608; baseline -0 -14"><span class='ocrx_word' id='word_1_248' title='bbox 394 3543 459 3596; x_wconf 78' lang='lat' dir='ltr'>in</span> <span class='ocrx_word' id='word_1_249' title='bbox 475 3558 589 3596; x_wconf 80' lang='lat' dir='ltr'>ras.</span> <span class='ocrx_word' id='word_1_250' title='bbox 610 3559 637 3596; x_wconf 88' lang='lat' dir='ltr'>c</span> <span class='ocrx_word' id='word_1_251' title='bbox 657 3559 722 3596; x_wconf 74' lang='lat' dir='ltr'>ex</span> <span class='ocrx_word' id='word_1_252' title='bbox 742 3547 789 3608; x_wconf 91' lang='lat' dir='ltr'>e)</span> <span class='ocrx_word' id='word_1_253' title='bbox 910 3542 1183 3595; x_wconf 90' lang='lat' dir='ltr'>hominem</span> <span class='ocrx_word' id='word_1_254' title='bbox 1206 3541 1499 3595; x_wconf 79' lang='lat' dir='ltr'>L¹S¹M¹G</span> <span class='ocrx_word' id='word_1_255' title='bbox 1593 3541 1626 3594; x_wconf 83' lang='lat'><strong><em>2</em></strong></span> <span class='ocrx_word' id='word_1_256' title='bbox 1646 3540 1907 3595; x_wconf 87' lang='lat' dir='ltr'>felicitate</span> <span class='ocrx_word' id='word_1_257' title='bbox 1928 3541 2140 3595; x_wconf 83' lang='lat' dir='ltr'>LMGb</span> <span class='ocrx_word' id='word_1_258' title='bbox 2159 3541 2424 3595; x_wconf 84' lang='lat' dir='ltr'>felicitate</span> <span class='ocrx_word' id='word_1_259' title='bbox 2445 3540 2557 3606; x_wconf 82' lang='lat' dir='ltr'>(fel.</span> <span class='ocrx_word' id='word_1_260' title='bbox 2580 3556 2700 3608; x_wconf 78' lang='lat' dir='ltr'>exp.</span> 
     </span>
     <span class='ocr_line' id='line_1_30' title="bbox 396 3627 2694 3699; baseline -0.001 -14"><span class='ocrx_word' id='word_1_261' title='bbox 396 3647 464 3685; x_wconf 85' lang='lat' dir='ltr'>m.</span> <span class='ocrx_word' id='word_1_262' title='bbox 508 3635 545 3684; x_wconf 90' lang='lat'><strong><em>3</em></strong></span> <span class='ocrx_word' id='word_1_263' title='bbox 580 3637 630 3685; x_wconf 81' lang='lat' dir='ltr'>et</span> <span class='ocrx_word' id='word_1_264' title='bbox 656 3631 922 3684; x_wconf 82' lang='lat' dir='ltr'>facilitate</span> <span class='ocrx_word' id='word_1_265' title='bbox 977 3631 1263 3698; x_wconf 76' lang='lat' dir='ltr'>superscr.)</span> <span class='ocrx_word' id='word_1_266' title='bbox 1294 3627 1335 3684; x_wconf 79' lang='lat' dir='ltr'><strong><em>S</em></strong></span> <span class='ocrx_word' id='word_1_267' title='bbox 1446 3629 1479 3683; x_wconf 87' lang='lat'><strong>3</strong></span> <span class='ocrx_word' id='word_1_268' title='bbox 1514 3628 1708 3699; x_wconf 86' lang='lat' dir='ltr'>inquid</span> <span class='ocrx_word' id='word_1_269' title='bbox 1741 3629 1793 3683; x_wconf 74' lang='lat' dir='ltr'><em>G</em></span> <span class='ocrx_word' id='word_1_270' title='bbox 1938 3647 1994 3682; x_wconf 89' lang='lat' dir='ltr'>se</span> <span class='ocrx_word' id='word_1_271' title='bbox 2051 3646 2154 3684; x_wconf 87' lang='lat' dir='ltr'>om.</span> <span class='ocrx_word' id='word_1_272' title='bbox 2203 3629 2300 3684; x_wconf 86' lang='lat' dir='ltr'>SG</span> <span class='ocrx_word' id='word_1_273' title='bbox 2462 3629 2694 3698; x_wconf 88' lang='lat' dir='ltr'>repperi·</span> 
     </span>
     <span class='ocr_line' id='line_1_31' title="bbox 398 3716 2698 3787; baseline -0 -15"><span class='ocrx_word' id='word_1_274' title='bbox 398 3722 562 3774; x_wconf 87' lang='lat' dir='ltr'>untur</span> <span class='ocrx_word' id='word_1_275' title='bbox 580 3719 697 3774; x_wconf 88' lang='lat' dir='ltr'>SL¹</span> <span class='ocrx_word' id='word_1_276' title='bbox 806 3723 839 3772; x_wconf 87' lang='grc'>6</span> <span class='ocrx_word' id='word_1_277' title='bbox 862 3719 1169 3772; x_wconf 88' lang='lat' dir='ltr'>eorumdem</span> <span class='ocrx_word' id='word_1_278' title='bbox 1194 3718 1245 3772; x_wconf 81' lang='lat' dir='ltr'><strong><em>G</em></strong></span> <span class='ocrx_word' id='word_1_279' title='bbox 1374 3719 1403 3770; x_wconf 87' lang='lat'>7</span> <span class='ocrx_word' id='word_1_280' title='bbox 1442 3735 1539 3772; x_wconf 86' lang='lat' dir='ltr'>uos</span> <span class='ocrx_word' id='word_1_281' title='bbox 1570 3718 1857 3772; x_wconf 87' lang='lat' dir='ltr'>adiuuaret</span> <span class='ocrx_word' id='word_1_282' title='bbox 1886 3719 1916 3771; x_wconf 83' lang='lat' dir='ltr'><strong><em>b</em></strong></span> <span class='ocrx_word' id='word_1_283' title='bbox 2045 3719 2080 3772; x_wconf 88' lang='grc'><strong>9</strong></span> <span class='ocrx_word' id='word_1_284' title='bbox 2099 3725 2342 3787; x_wconf 86' lang='lat' dir='ltr'>utrumq:</span> <span class='ocrx_word' id='word_1_285' title='bbox 2373 3720 2460 3786; x_wconf 76' lang='lat' dir='ltr'>(qt</span> <span class='ocrx_word' id='word_1_286' title='bbox 2489 3733 2532 3770; x_wconf 84' lang='lat'>8.</span> <span class='ocrx_word' id='word_1_287' title='bbox 2563 3717 2620 3784; x_wconf 83' lang='grc' dir='ltr'>Ζ.)</span> <span class='ocrx_word' id='word_1_288' title='bbox 2647 3716 2698 3771; x_wconf 77' lang='lat' dir='ltr'><strong><em>G</em></strong></span> 
     </span>
     <span class='ocr_line' id='line_1_32' title="bbox 400 3805 2693 3877; baseline -0.002 -15"><span class='ocrx_word' id='word_1_289' title='bbox 400 3810 462 3862; x_wconf 87' lang='lat'>11</span> <span class='ocrx_word' id='word_1_290' title='bbox 497 3808 693 3877; x_wconf 83' lang='lat' dir='ltr'>aliquit</span> <span class='ocrx_word' id='word_1_291' title='bbox 716 3808 776 3859; x_wconf 79' lang='lat' dir='ltr'>M</span> <span class='ocrx_word' id='word_1_292' title='bbox 948 3807 1249 3876; x_wconf 88' lang='lat' dir='ltr'>completus</span> <span class='ocrx_word' id='word_1_293' title='bbox 1274 3805 1323 3860; x_wconf 79' lang='lat' dir='ltr'><em>G</em></span> <span class='ocrx_word' id='word_1_294' title='bbox 1506 3806 1731 3860; x_wconf 87' lang='lat' dir='ltr'>eandem</span> <span class='ocrx_word' id='word_1_295' title='bbox 1763 3813 1818 3870; x_wconf 85' lang='lat' dir='ltr'>(a</span> <span class='ocrx_word' id='word_1_296' title='bbox 1847 3823 1912 3860; x_wconf 80' lang='lat' dir='ltr'>ex</span> <span class='ocrx_word' id='word_1_297' title='bbox 1939 3824 1974 3860; x_wconf 95' lang='lat' dir='ltr'>u</span> <span class='ocrx_word' id='word_1_298' title='bbox 2005 3824 2042 3860; x_wconf 87' lang='lat' dir='ltr'>a</span> <span class='ocrx_word' id='word_1_299' title='bbox 2069 3823 2138 3860; x_wconf 85' lang='lat' dir='ltr'>m.</span> <span class='ocrx_word' id='word_1_300' title='bbox 2168 3807 2221 3869; x_wconf 84' lang='grc'>2)</span> <span class='ocrx_word' id='word_1_301' title='bbox 2250 3805 2302 3859; x_wconf 89' lang='lat' dir='ltr'><strong><em>L</em></strong></span> <span class='ocrx_word' id='word_1_302' title='bbox 2447 3809 2632 3858; x_wconf 88' lang='lat' dir='ltr'>tamen</span> <span class='ocrx_word' id='word_1_303' title='bbox 2663 3805 2693 3858; x_wconf 81' lang='lat' dir='ltr'><em>b</em></span> 
     </span>
     <span class='ocr_line' id='line_1_33' title="bbox 397 3894 2696 3965; baseline -0.002 -15"><span class='ocrx_word' id='word_1_304' title='bbox 397 3897 465 3950; x_wconf 88' lang='lat'>12</span> <span class='ocrx_word' id='word_1_305' title='bbox 484 3896 640 3965; x_wconf 84' lang='lat' dir='ltr'>alter]</span> <span class='ocrx_word' id='word_1_306' title='bbox 666 3897 822 3948; x_wconf 86' lang='lat' dir='ltr'>aliter</span> <span class='ocrx_word' id='word_1_307' title='bbox 840 3894 940 3950; x_wconf 86' lang='lat' dir='ltr'>SG·</span> <span class='ocrx_word' id='word_1_308' title='bbox 1074 3899 1350 3965; x_wconf 81' lang='lat' dir='ltr'>tamquam</span> <span class='ocrx_word' id='word_1_309' title='bbox 1374 3898 1429 3965; x_wconf 92' lang='lat' dir='ltr'>(u</span> <span class='ocrx_word' id='word_1_310' title='bbox 1450 3895 1513 3948; x_wconf 73' lang='lat' dir='ltr'>in</span> <span class='ocrx_word' id='word_1_311' title='bbox 1530 3901 1666 3961; x_wconf 76' lang='lat' dir='ltr'>ras.)</span> <span class='ocrx_word' id='word_1_312' title='bbox 1690 3895 1742 3948; x_wconf 88' lang='lat' dir='ltr'><em>L</em></span> <span class='ocrx_word' id='word_1_313' title='bbox 1816 3896 1883 3948; x_wconf 88' lang='lat'>13</span> <span class='ocrx_word' id='word_1_314' title='bbox 1902 3894 2224 3949; x_wconf 86' lang='lat' dir='ltr'>menbratim</span> <span class='ocrx_word' id='word_1_315' title='bbox 2246 3894 2346 3950; x_wconf 82' lang='lat' dir='ltr'>SG</span> <span class='ocrx_word' id='word_1_316' title='bbox 2423 3895 2488 3948; x_wconf 89' lang='lat'>14</span> <span class='ocrx_word' id='word_1_317' title='bbox 2511 3910 2696 3963; x_wconf 88' lang='lat' dir='ltr'>quem—</span> 
     </span>
     <span class='ocr_line' id='line_1_34' title="bbox 394 3982 2700 4053; baseline -0.001 -15"><span class='ocrx_word' id='word_1_318' title='bbox 394 3982 701 4038; x_wconf 86' lang='lat' dir='ltr'>ammodum</span> <span class='ocrx_word' id='word_1_319' title='bbox 729 3983 782 4036; x_wconf 88' lang='lat' dir='ltr'><em>L</em></span> <span class='ocrx_word' id='word_1_320' title='bbox 892 3984 960 4036; x_wconf 89' lang='grc'>16</span> <span class='ocrx_word' id='word_1_321' title='bbox 991 3983 1081 4050; x_wconf 89' lang='grc'>(18</span> <span class='ocrx_word' id='word_1_322' title='bbox 1112 3987 1169 4037; x_wconf 84' lang='lat' dir='ltr'>et</span> <span class='ocrx_word' id='word_1_323' title='bbox 1195 3984 1287 4050; x_wconf 81' lang='lat'>23)</span> <span class='ocrx_word' id='word_1_324' title='bbox 1316 3983 1592 4038; x_wconf 85' lang='lat' dir='ltr'>mattheus</span> <span class='ocrx_word' id='word_1_325' title='bbox 1629 3984 1682 4037; x_wconf 88' lang='lat' dir='ltr'><em>L</em></span> <span class='ocrx_word' id='word_1_326' title='bbox 1718 3983 1968 4038; x_wconf 86' lang='lat' dir='ltr'>matheus</span> <span class='ocrx_word' id='word_1_327' title='bbox 2005 3982 2050 4036; x_wconf 83' lang='lat' dir='ltr'><em>G</em></span> <span class='ocrx_word' id='word_1_328' title='bbox 2157 3983 2223 4035; x_wconf 84' lang='lat'>17</span> <span class='ocrx_word' id='word_1_329' title='bbox 2262 3987 2444 4053; x_wconf 72' lang='lat' dir='ltr'>preter</span> <span class='ocrx_word' id='word_1_330' title='bbox 2468 3983 2618 4035; x_wconf 87' lang='lat' dir='ltr'>misit</span> <span class='ocrx_word' id='word_1_331' title='bbox 2652 3983 2700 4035; x_wconf 74' lang='lat' dir='ltr'>(J</span> 
     </span>
     <span class='ocr_line' id='line_1_35' title="bbox 395 4071 2700 4140; baseline -0 -13"><span class='ocrx_word' id='word_1_332' title='bbox 395 4073 591 4127; x_wconf 80' lang='lat' dir='ltr'>dixisse</span> <span class='ocrx_word' id='word_1_333' title='bbox 612 4077 664 4138; x_wconf 85' lang='lat' dir='ltr'>(x</span> <span class='ocrx_word' id='word_1_334' title='bbox 682 4072 744 4124; x_wconf 79' lang='lat' dir='ltr'>in</span> <span class='ocrx_word' id='word_1_335' title='bbox 758 4077 895 4132; x_wconf 77' lang='lat' dir='ltr'>ras.)</span> <span class='ocrx_word' id='word_1_336' title='bbox 924 4071 971 4125; x_wconf 79' lang='lat'><em>0</em></span> <span class='ocrx_word' id='word_1_337' title='bbox 1080 4072 1142 4126; x_wconf 85' lang='grc'>18</span> <span class='ocrx_word' id='word_1_338' title='bbox 1161 4073 1311 4126; x_wconf 84' lang='lat' dir='ltr'>nulla</span> <span class='ocrx_word' id='word_1_339' title='bbox 1332 4084 1419 4140; x_wconf 59' lang='grc' dir='ltr'>(Ν</span> <span class='ocrx_word' id='word_1_340' title='bbox 1442 4079 1535 4137; x_wconf 80' lang='lat' dir='ltr'>er.)</span> <span class='ocrx_word' id='word_1_341' title='bbox 1556 4073 1604 4126; x_wconf 88' lang='lat' dir='ltr'><strong><em>S</em></strong></span> <span class='ocrx_word' id='word_1_342' title='bbox 1619 4073 1822 4127; x_wconf 85' lang='lat' dir='ltr'>nullam</span> <span class='ocrx_word' id='word_1_343' title='bbox 1851 4072 1904 4128; x_wconf 79' lang='lat' dir='ltr'><strong><em>G</em></strong></span> <span class='ocrx_word' id='word_1_344' title='bbox 2017 4073 2080 4125; x_wconf 87' lang='lat'>19</span> <span class='ocrx_word' id='word_1_345' title='bbox 2111 4071 2251 4125; x_wconf 90' lang='lat' dir='ltr'>obici</span> <span class='ocrx_word' id='word_1_346' title='bbox 2283 4072 2338 4138; x_wconf 93' lang='lat' dir='ltr'>(o</span> <span class='ocrx_word' id='word_1_347' title='bbox 2366 4088 2410 4127; x_wconf 76' lang='grc' dir='ltr'>ε.</span> <span class='ocrx_word' id='word_1_348' title='bbox 2441 4087 2556 4140; x_wconf 68' lang='lat' dir='ltr'>etp.</span> <span class='ocrx_word' id='word_1_349' title='bbox 2579 4074 2632 4137; x_wconf 87' lang='lat' dir='ltr'>a)</span> <span class='ocrx_word' id='word_1_350' title='bbox 2654 4071 2700 4126; x_wconf 91' lang='lat' dir='ltr'><strong><em>S</em></strong></span> 
     </span>
     <span class='ocr_line' id='line_1_36' title="bbox 396 4159 2692 4232; baseline -0 -18"><span class='ocrx_word' id='word_1_351' title='bbox 396 4161 537 4215; x_wconf 90' lang='lat' dir='ltr'>obici</span> <span class='ocrx_word' id='word_1_352' title='bbox 562 4163 614 4226; x_wconf 90' lang='lat' dir='ltr'>(a</span> <span class='ocrx_word' id='word_1_353' title='bbox 630 4161 695 4213; x_wconf 73' lang='lat' dir='ltr'>in</span> <span class='ocrx_word' id='word_1_354' title='bbox 714 4176 743 4212; x_wconf 94' lang='lat' dir='ltr'>o</span> <span class='ocrx_word' id='word_1_355' title='bbox 766 4162 923 4228; x_wconf 85' lang='lat' dir='ltr'>corr.)</span> <span class='ocrx_word' id='word_1_356' title='bbox 953 4161 1003 4214; x_wconf 86' lang='lat' dir='ltr'>G·</span> <span class='ocrx_word' id='word_1_357' title='bbox 1129 4161 1545 4232; x_wconf 88' lang='lat' dir='ltr'>inprudentibus</span> <span class='ocrx_word' id='word_1_358' title='bbox 1566 4179 1669 4216; x_wconf 86' lang='lat' dir='ltr'>om.</span> <span class='ocrx_word' id='word_1_359' title='bbox 1691 4161 1791 4216; x_wconf 83' lang='lat' dir='ltr'>SG</span> <span class='ocrx_word' id='word_1_360' title='bbox 1866 4163 1928 4214; x_wconf 88' lang='grc'>21</span> <span class='ocrx_word' id='word_1_361' title='bbox 1952 4161 2145 4215; x_wconf 89' lang='lat' dir='ltr'>Potest</span> <span class='ocrx_word' id='word_1_362' title='bbox 2162 4159 2299 4214; x_wconf 86' lang='lat' dir='ltr'>illud</span> <span class='ocrx_word' id='word_1_363' title='bbox 2320 4161 2350 4214; x_wconf 78' lang='lat' dir='ltr'>b</span> <span class='ocrx_word' id='word_1_364' title='bbox 2426 4160 2494 4214; x_wconf 83' lang='lat'>23</span> <span class='ocrx_word' id='word_1_365' title='bbox 2515 4160 2692 4230; x_wconf 85' lang='lat' dir='ltr'>nimis]</span> 
     </span>
     <span class='ocr_line' id='line_1_37' title="bbox 396 4247 2704 4320; baseline -0.001 -16"><span class='ocrx_word' id='word_1_366' title='bbox 396 4251 573 4304; x_wconf 86' lang='lat' dir='ltr'>miuus</span> <span class='ocrx_word' id='word_1_367' title='bbox 612 4249 658 4304; x_wconf 93' lang='lat' dir='ltr'><strong><em>S</em></strong></span> <span class='ocrx_word' id='word_1_368' title='bbox 691 4249 851 4302; x_wconf 88' lang='lat' dir='ltr'>nimis</span> <span class='ocrx_word' id='word_1_369' title='bbox 892 4259 950 4312; x_wconf 91' lang='lat' dir='ltr'>(n</span> <span class='ocrx_word' id='word_1_370' title='bbox 990 4267 1055 4303; x_wconf 80' lang='lat' dir='ltr'>ex</span> <span class='ocrx_word' id='word_1_371' title='bbox 1092 4267 1143 4304; x_wconf 89' lang='lat' dir='ltr'>m</span> <span class='ocrx_word' id='word_1_372' title='bbox 1182 4253 1343 4304; x_wconf 56' lang='lat' dir='ltr'>corrui</span> <span class='ocrx_word' id='word_1_373' title='bbox 1385 4250 1459 4302; x_wconf 89' lang='lat' dir='ltr'>M</span> <span class='ocrx_word' id='word_1_374' title='bbox 1635 4251 1740 4304; x_wconf 88' lang='lat' dir='ltr'>resi</span> <span class='ocrx_word' id='word_1_375' title='bbox 1779 4251 1998 4320; x_wconf 86' lang='lat' dir='ltr'>puerint</span> <span class='ocrx_word' id='word_1_376' title='bbox 2041 4249 2088 4302; x_wconf 82' lang='lat'><em>0</em></span> <span class='ocrx_word' id='word_1_377' title='bbox 2228 4249 2296 4302; x_wconf 82' lang='lat'>25</span> <span class='ocrx_word' id='word_1_378' title='bbox 2334 4247 2612 4302; x_wconf 87' lang='lat' dir='ltr'>iudeorum</span> <span class='ocrx_word' id='word_1_379' title='bbox 2657 4248 2704 4302; x_wconf 87' lang='lat' dir='ltr'><em>C</em></span> 
     </span>
     <span class='ocr_line' id='line_1_38' title="bbox 398 4336 2622 4409; baseline 0 -18"><span class='ocrx_word' id='word_1_380' title='bbox 398 4339 466 4392; x_wconf 88' lang='grc'>26</span> <span class='ocrx_word' id='word_1_381' title='bbox 502 4340 625 4409; x_wconf 79' lang='lat' dir='ltr'>ipsu</span> <span class='ocrx_word' id='word_1_382' title='bbox 664 4343 751 4402; x_wconf 58' lang='lat' dir='ltr'>(ev</span> <span class='ocrx_word' id='word_1_383' title='bbox 794 4339 924 4391; x_wconf 83' lang='lat' dir='ltr'>add.</span> <span class='ocrx_word' id='word_1_384' title='bbox 964 4355 1031 4392; x_wconf 87' lang='lat' dir='ltr'>m.</span> <span class='ocrx_word' id='word_1_385' title='bbox 1071 4338 1123 4406; x_wconf 87' lang='lat'>2)</span> <span class='ocrx_word' id='word_1_386' title='bbox 1163 4338 1215 4391; x_wconf 90' lang='lat' dir='ltr'><strong><em>L</em></strong></span> <span class='ocrx_word' id='word_1_387' title='bbox 1251 4337 1410 4408; x_wconf 78' lang='lat' dir='ltr'>ipsud</span> <span class='ocrx_word' id='word_1_388' title='bbox 1452 4339 1503 4392; x_wconf 77' lang='lat' dir='ltr'><em>G</em></span> <span class='ocrx_word' id='word_1_389' title='bbox 1651 4339 1776 4408; x_wconf 89' lang='lat' dir='ltr'>quia</span> <span class='ocrx_word' id='word_1_390' title='bbox 1819 4337 1924 4392; x_wconf 80' lang='lat' dir='ltr'>GL</span> <span class='ocrx_word' id='word_1_391' title='bbox 2072 4336 2486 4407; x_wconf 87' lang='lat' dir='ltr'>quiaegrotabat</span> <span class='ocrx_word' id='word_1_392' title='bbox 2530 4336 2622 4391; x_wconf 79' lang='lat' dir='ltr'>OS</span> 
     </span>
    </p>
   </div>
  </div>
 </body>
</html>
