3159 4984
454 420 540 482 20
1217 419 1269 470 S.
1328 416 1605 470 Aureli
1661 417 2098 487 Augustini

455 631 582 695 qua
617 613 734 688 est,
774 629 1072 692 quaerere
1129 611 1438 678 ueritatis.
1491 611 1546 675 si
1583 611 1705 675 hoc
1744 611 1804 674 in
1844 614 1907 674 te
1945 630 2067 676 non
2118 614 2235 688 est,
2278 611 2357 674 da
2394 612 2649 676 ueniam
2682 615 2749 676 et

447 717 822 803 participare
851 735 1124 796 mecum,
1156 736 1411 799 quaeso,
1445 717 1819 800 sapientiam
1857 719 2060 791 tuam;
2112 717 2209 781 sin
2248 717 2332 792 id,
2374 718 2544 799 quod
2583 718 2743 796 dico,

453 825 745 910 agnoscis
783 824 849 887 in
885 828 970 901 te,
1011 824 1222 900 simul,
1273 825 1554 900 obsecr0,
1604 843 1979 907 quaeramus
2028 843 2272 888 uerum.

355 1011 360 1016 ι
550 934 649 998 15.
697 933 864 996 Puta
909 951 1024 997 nos
1081 930 1288 995 adhuc
1351 932 1669 996 neminem
1718 931 1972 996 audisse
2020 931 2375 1014 cuiuspiam
2420 931 2745 1015 religionis

447 1039 925 1104 insinuatorem.
993 1056 1138 1101 ecce
1183 1056 1283 1101 res
1331 1057 1498 1102 noua
1544 1041 1644 1102 est
1672 1037 1917 1102 anobis
1985 1037 2437 1121 negotiumque
2488 1058 2744 1122 suscep·
2810 1061 2843 1100 ε»

451 1148 610 1209 tum.
653 1145 989 1227 quaerendi
1039 1148 1205 1220 sunt,
1242 1144 1447 1216 credo,
1489 1145 1680 1209 huius
1726 1145 1837 1217 rei,
1886 1145 1944 1209 si
1989 1146 2123 1210 ulla
2168 1149 2287 1222 est,
2335 1146 2743 1229 professores,

449 1253 548 1316 fac
579 1271 692 1316 nos
725 1251 1076 1336 repperisse
1110 1250 1268 1316 alios
1325 1250 1500 1314 aliud
1527 1251 1857 1334 opinantes
1886 1255 1952 1315 et
1982 1252 2349 1317 diuersitate
2380 1254 2744 1336 opinionum

459 1357 537 1421 ad
577 1377 644 1422 se
693 1377 1006 1440 quemque
1043 1357 1292 1421 trahere
1342 1357 1687 1440 cupientes
1738 1358 1849 1423 sed
1875 1359 2040 1422 inter
2065 1358 2183 1423 hos
2212 1359 2513 1424 excellere
2542 1361 2745 1424 famae

465 1465 722 1529 interim
771 1465 1136 1530 celebritate
1185 1463 1490 1544 quosdam
1522 1467 1711 1546 atque
1760 1466 2040 1529 omnium
2088 1484 2284 1548 paene
2333 1466 2745 1549 occupatione

443 1573 842 1656 populorum.
891 1575 1106 1634 utrum
1143 1570 1254 1635 isti
1292 1589 1516 1634 uerum
1551 1574 1828 1639 teneant.
1858 1591 2087 1654 magna
2127 1572 2415 1654 quaestio
2454 1576 2579 1645 est3
2630 1573 2741 1637 sed
2786 1586 2845 1625 1⁰

450 1697 652 1743 nonne
690 1678 865 1761 prius
915 1680 1065 1742 sunt
1113 1677 1492 1759 explorandi,
1541 1681 1635 1755 ut,
1684 1678 1987 1760 quamdiu
2035 1697 2336 1754 erramus,
2386 1679 2441 1744 si
2488 1680 2745 1762 quidem

447 1785 736 1850 homines
811 1803 1053 1860 sumus,
1131 1803 1274 1848 cum
1339 1784 1478 1866 ipso
1527 1803 1755 1868 genere
1800 1784 2075 1849 humano
2124 1804 2325 1849 errare
2373 1786 2741 1850 uideamur?

540 1893 642 1956 16.
710 1891 796 1955 At
861 1891 1027 1955 enim
1085 1890 1251 1974 apud
1288 1909 1526 1973 paucos
1585 1891 1892 1972 quosdam
1956 1893 2055 1956 est
2110 1892 2368 1956 ueritas.
2420 1893 2545 1957 scis
2594 1913 2741 1977 ergo

445 1999 572 2063 iam
596 2017 755 2080 quae
791 1998 894 2074 sit,
927 1997 980 2062 si
1012 1997 1159 2072 scis,
1190 1997 1359 2080 apud
1388 2015 1547 2078 quos
1579 1997 1683 2062 sit.
1716 2016 1921 2062 nonne
1952 1997 2225 2062 dixeram
2253 2000 2441 2080 paulo
2474 2003 2638 2072 ante,
2668 2007 2745 2065 ut

447 2105 628 2188 quasi
672 2105 862 2168 rudes
911 2107 1394 2186 quaereremus?
1447 2103 1558 2168 sed
1620 2103 1675 2167 si
1733 2123 1805 2168 ex
1851 2104 1989 2187 ipsa
2055 2104 2119 2168 ui
2165 2105 2453 2170 ueritatis
2500 2125 2737 2189 paucos
2781 2118 2845 2155 ¹⁵

451 2230 589 2276 eam
637 2213 848 2274 tenere
897 2209 1236 2286 coniectas,
1287 2210 1394 2291 qui
1432 2228 1585 2276 uero
1626 2211 1772 2279 sint.
1830 2211 2059 2287 nesciS,
2090 2212 2282 2294 quid?
2323 2212 2377 2277 si
2413 2213 2505 2276 ita
2555 2213 2743 2296 pauci

449 2321 617 2394 sunt,
653 2318 760 2399 qui
788 2335 1011 2380 uerum
1041 2316 1272 2389 sciunt,
1302 2319 1377 2380 ut
1413 2317 1789 2382 auctoritate
1818 2335 1933 2381 sua
1962 2318 2437 2383 multitudinem
2464 2323 2741 2396 teneant,

451 2423 616 2488 unde
678 2443 746 2488 se
804 2424 866 2487 in
929 2424 1042 2487 illa
1099 2425 1341 2487 secreta
1407 2423 1693 2505 expedire
1748 2427 1813 2488 et
1866 2424 2045 2506 quasi
2115 2425 2389 2506 eliquare
2452 2426 2740 2508 paucitas

443 2531 690 2615 possit?
765 2549 968 2594 nonne
1045 2529 1359 2602 uidemus,
1428 2548 1616 2612 quam
1690 2531 1877 2614 pauci
1952 2550 2263 2595 summam
2315 2532 2735 2614 eloquentiam

447 2638 928 2719 consequantur,
951 2655 1096 2700 cum
1125 2655 1234 2718 per
1265 2639 1471 2701 totum
1499 2637 1712 2702 orbem
1746 2637 2069 2703 rhetorum
2092 2639 2345 2703 scholae
2376 2639 2737 2703 adulescen-
2780 2648 2845 2688 *ὓ

441 2743 606 2807 tium
655 2742 954 2826 gregibus
989 2745 1426 2825 perstrepant?
1473 2745 1922 2826 numquidnam
1972 2745 2383 2828 inperitorum
2428 2745 2742 2829 perterriti

445 2849 875 2925 multitudine,
927 2849 1308 2931 quicumque
1346 2850 1498 2914 boni
1535 2855 1815 2916 oratores
1854 2851 2120 2916 euadere
2186 2853 2433 2924 uolunt,
2484 2851 2742 2916 Caecilii

443 2955 566 3020 sibi
629 2953 842 3038 potius
911 2959 1022 3017 aut
1083 2953 1272 3018 Eruci
1338 2955 1728 3020 orationibus
1796 2975 1984 3038 quam
2031 2955 2339 3020 Tullianis
2386 2956 2738 3020 nauandam
2806 2937 2815 2944 ’

448 3081 700 3144 operam
776 3059 1178 3124 existimant?
1255 3058 1411 3124 haec
1487 3061 1799 3143 adpetunt
1872 3080 2112 3139 omnes,
2197 3081 2357 3144 quae
2432 3062 2741 3127 maiorum

445 3167 818 3231 auctoritate
883 3165 1132 3229 firmata
1197 3169 1366 3230 sunt.
1444 3167 1663 3231 eadem
1736 3167 2145 3250 inperitorum
2212 3169 2434 3234 turbae
2500 3169 2739 3234 discere
2783 3179 2847 3220 ²⁵

443 3273 809 3338 moliuntur.
831 3291 991 3354 quae
1023 3290 1060 3334 a
1085 3272 1304 3354 paucis
1335 3271 1538 3337 doctis
1569 3273 1869 3338 discenda
1896 3278 2149 3358 recepta
2182 3278 2358 3352 sunt3
2390 3275 2743 3357 adsequun-

443 3380 549 3442 tur
613 3381 826 3441 autem
889 3377 1204 3460 perpauci,
1281 3382 1481 3462 agunt
1536 3380 1888 3463 paucioreS,
1956 3381 2315 3446 clarescunt
2351 3381 2739 3466 paucissimi.

444 3483 638 3566 quid?
669 3483 724 3548 si
751 3483 878 3547 tale
911 3482 1209 3565 quiddam
1245 3487 1344 3548 est
1379 3503 1532 3550 uera
1568 3486 1813 3570 religi0.
1862 3486 2057 3568 quid?
2090 3487 2145 3552 si
2174 3489 2521 3553 multitudo
2568 3489 2747 3570 inpe-

518 3641 551 3693 2
604 3639 688 3693 sin
735 3639 814 3709 id]
863 3639 911 3692 si
957 3639 1012 3693 in
1059 3637 1116 3693 id
1149 3639 1238 3696 Ch
1287 3641 1392 3710 sis'n
1439 3641 1497 3695 id
1539 3643 1587 3699 <i
1635 3649 1727 3710 er.)
1759 3644 1815 3696 P
1860 3644 1905 3696 si
1945 3661 2050 3698 non
2100 3643 2156 3697 id
2183 3644 2255 3696 M
2290 3646 2335 3698 si
2372 3643 2428 3698 id
2454 3647 2560 3698 mb
2598 3645 2645 3699 si
2684 3643 2741 3715 in

441 3732 500 3786 id
531 3732 577 3787 S
610 3731 775 3802 siinid
794 3749 838 3801 p
1016 3733 1051 3784 4
1090 3731 1335 3786 audiesse
1379 3733 1462 3788 Ch
1644 3737 1675 3788 5
1714 3752 1747 3788 a
1782 3736 1939 3789 nobis
1976 3753 2078 3790 om.
2116 3736 2196 3790 Ch
2224 3755 2269 3805 p
2378 3745 2659 3809 suceptum
2696 3739 2759 3792 V

445 3821 478 3875 6
499 3821 858 3893 quecredendi
869 3821 1026 3892 Sque
1047 3818 1297 3875 credendi
1309 3821 1383 3874 M
1391 3839 1493 3894 que
1518 3823 1783 3878 credenda
1810 3826 1855 3879 fl
1874 3826 1905 3878 b
1981 3827 2011 3877 7
2034 3825 2332 3896 aliosJalius
2350 3827 2431 3880 010
2504 3829 2537 3882 8
2560 3830 2745 3883 fameb

449 3911 484 3965 9
538 3927 710 3981 poene
741 3910 788 3965 S
837 3925 1008 3981 poene
1044 3909 1132 4014 CUI}
1306 3911 1374 3964 12
1415 3913 1625 3966 errante
1662 3913 1724 3965 in
1758 3930 1862 3983 my.
1898 3913 1925 3966 Χ
1962 3914 2133 3968 errare
2164 3915 2213 3968 S
2343 3915 2410 3970 13
2448 3918 2527 3986 at]
2564 3921 2661 3971 aut
2698 3917 2757 3970 V

445 4027 514 4080 15
551 4024 892 4080 ueritasSV
927 4025 1130 4079 ueritas
1159 4027 1250 4079 νηὶ·
1398 4027 1465 4080 18
1505 4027 1753 4097 expedire
1790 4031 2015 4082 teneant
2051 4034 2108 4083 et
2145 4030 2299 4100 quasi
2336 4031 2390 4084 V
2510 4033 2577 4086 21
2615 4049 2741 4086 num

445 4140 538 4212 qui
595 4140 650 4193 ia
679 4139 710 4192 b
763 4145 768 4150 ·
871 4140 939 4194 23
978 4141 1121 4210 eruci
1149 4139 1224 4193 M
1265 4141 1430 4195 erucii
1459 4141 1491 4194 b
1563 4143 1761 4197 tullian
1783 4143 1825 4196 af
1860 4145 1916 4210 (u
1954 4159 2089 4198 corr.
2126 4147 2187 4199 in
2225 4147 2264 4211 i>
2297 4147 2343 4201 s
2391 4113 2643 4213 nssuanda
2668 4151 2748 4200 ,ηε

443 4227 694 4284 nouanda
733 4229 782 4280 V
954 4229 1022 4283 25
1061 4230 1174 4283 sint
1211 4229 1264 4283 V
1321 4230 1693 4301 imperitorum
1742 4233 1822 4298 (ra
1860 4239 1993 4287 snut.
2032 4234 2095 4286 in
2129 4235 2195 4302 ri)
2229 4235 2275 4288 S
2433 4235 2503 4290 28
2542 4231 2743 4307 quid—-

441 4343 638 4414 religio
685 4361 787 4399 οηι.
847 4343 894 4395 V
939 4310 1260 4415 similitudo
1302 4344 1349 4398 S
1391 4344 1689 4400 similitudo
1718 4347 1793 4400 M
1850 4349 2219 4418 imperitorum
2264 4358 2346 4414 (ra
2382 4365 2517 4405 corr.
2538 4351 2601 4403 ivi
2618 4351 2757 4418 riJS
