3159 4984
892 450 977 502 vl.
1036 449 1327 502 Contra
1384 450 1756 501 Faustum
1812 447 1944 501 lib.
2007 448 2148 502 XVI.
2529 455 2658 517 467

351 645 805 728 pendentem
854 648 928 709 et
974 664 1116 709 non
1167 644 1429 709 credes
1476 644 1688 707 uitae
1735 647 1931 711 tuae.
1983 645 2060 709 de
2100 644 2354 710 Christo
2400 645 2662 727 prophe-

352 754 561 815 tatum
618 770 935 835 negarem.
1004 770 1208 832 neque
1268 752 1435 815 enim
1491 751 1613 816 hoc
1669 751 2040 815 intuebatur
2096 752 2306 817 animo
2367 750 2661 834 CaiphaS.

354 858 527 940 quod
575 878 647 923 ex
694 858 911 924 uerbis
962 859 1101 925 eius
1147 859 1551 923 intellectum
1603 861 1722 928 est.
1771 878 1919 923 cum
1969 858 2294 925 Christum
2341 860 2417 921 ut
2459 858 2664 921 inimi-

354 984 500 1029 cum
565 984 952 1048 persequens
1019 966 1109 1031 ait
1175 965 1485 1049 expedire.
1553 968 1631 1029 ut
1683 985 1853 1031 unus
1909 966 2100 1031 homo
2157 966 2525 1031 moreretur.
2585 984 2663 1029 119

290 1070 317 1107 ⁵
353 1071 588 1154 periret
635 1074 771 1137 tota
818 1092 995 1156 gens,
1045 1072 1161 1137 ubi‘
1205 1072 1604 1156 euangelista
1653 1072 1927 1137 subiecit
1971 1073 2092 1137 hoc
2140 1090 2286 1136 eum
2331 1090 2456 1135 non
2504 1090 2539 1134 a
2587 1090 2654 1135 se

355 1176 609 1255 dixisse,
663 1178 775 1243 sed
825 1198 969 1244 cum
1021 1182 1194 1243 esset
1238 1178 1519 1263 pontifex
1568 1179 2004 1261 prophetasse.
2075 1177 2187 1242 sed
2235 1177 2492 1261 Moyses
2540 1196 2661 1242 non

354 1285 490 1346 erat
540 1283 833 1367 CaiphaS.
904 1304 1095 1367 quare
1144 1285 1328 1363 illud,
1379 1284 1548 1367 quod
1598 1286 1836 1369 populo
1884 1285 2172 1349 Hebraeo
2222 1284 2414 1349 dixit:
2463 1284 2660 1348 uide-

349 1391 468 1455 bis
516 1391 757 1455 uitam
807 1395 1013 1455 tuam
1062 1392 1515 1475 pendentem
1568 1395 1644 1455 et
1689 1411 1829 1457 non
1881 1391 2144 1456 credes
2201 1391 2407 1455 uitae
2463 1393 2658 1458 tuae.

349 1516 471 1561 non
523 1498 733 1562 solum
782 1497 860 1562 de
908 1497 1162 1563 Christo
1223 1498 1399 1565 dicit.
1461 1498 1652 1580 quod,
1711 1498 1835 1562 etsi
1890 1497 2182 1563 nesciens
2241 1496 2524 1564 dixisset.
2584 1496 2660 1561 de

260 1605 313 1644 ¹⁰
350 1603 527 1668 nullo
576 1604 701 1669 alio
750 1604 985 1669 dixisse
1042 1604 1303 1669 deberet
1356 1605 1668 1688 intellegi,
1717 1623 1941 1668 uerum
1982 1604 2175 1667 etiam
2225 1602 2433 1668 sciens
2484 1603 2658 1667 dixit.

351 1712 486 1773 erat
540 1709 709 1773 enim
765 1710 1181 1775 fidelissimus
1240 1711 1643 1794 dispensator
1705 1710 2065 1794 prophetici
2123 1708 2532 1787 sacramenti,
2589 1709 2656 1773 id

350 1818 450 1879 est
494 1815 673 1880 illius
723 1816 1135 1882 sacerdotalis
1183 1816 1566 1895 chrismatis,
1607 1816 1776 1882 unde
1816 1816 2056 1882 Christi
2104 1836 2331 1882 nomen
2373 1817 2658 1901 agnosci-

345 1940 529 1986 mus:
595 1922 661 1985 in
720 1942 843 2005 quo
902 1926 1321 2000 sacramento,
1383 1924 1680 2006 quamuis
1739 1925 1928 1990 homo
1988 1924 2333 2008 pessimuS,
2385 1924 2657 2008 Caiphas

349 2028 541 2093 etiam
629 2031 919 2095 nesciens
1002 2030 1218 2113 potuit
1289 2031 1690 2115 prophetare.
1765 2030 1889 2096 hoc
1955 2031 2188 2114 quippe
2253 2030 2318 2094 in
2386 2050 2459 2096 eo
2527 2030 2659 2115 egit

255 2139 309 2179 ¹⁵
347 2136 789 2218 propheticum
839 2136 1133 2213 chrisma,
1187 2140 1261 2201 ut
1306 2138 1752 2221 prophetaret3
1821 2138 1944 2203 hoc
2003 2140 2216 2202 autem
2275 2136 2410 2202 uita
2465 2137 2656 2221 inpia.

348 2244 423 2304 ut
459 2242 751 2307 nesciens
788 2243 1215 2326 prophetaret.
1257 2262 1381 2325 quo
1422 2244 1638 2326 itaque
1678 2263 1782 2310 ore
1822 2244 2056 2309 dicitur
2091 2242 2254 2307 nihil
2293 2244 2368 2308 de
2403 2242 2655 2308 Christo

344 2348 761 2431 prophet-asse
800 2350 1115 2433 Moyses?
1164 2369 1199 2413 a
1248 2369 1373 2432 quo
1420 2350 1585 2415 illud
1625 2351 1902 2416 chrisma
1939 2350 2170 2433 coepit,
2211 2351 2378 2415 unde
2421 2350 2654 2416 Christi

344 2473 571 2519 nomen
638 2455 939 2534 innotuit,
1008 2458 1075 2521 et
1126 2457 1294 2521 unde
1354 2456 1682 2522 Christum
1741 2458 1934 2522 etiam
1991 2461 2361 2542 persecutor
2418 2455 2652 2522 Christi

343 2560 452 2624 1191
499 2562 789 2627 nesciens
836 2563 1263 2646 prophetauit.

245 2672 303 2711 ²0
438 2668 541 2731 24.
608 2666 775 2732 Nam
835 2668 910 2732 de
966 2668 1306 2736 maledicto
1372 2670 1708 2755 pendentis
1765 2672 1829 2735 in
1885 2672 2060 2755 ligno
2128 2673 2300 2737 iam:
2344 2674 2648 2752 quantum

342 2773 499 2837 satis
564 2774 781 2838 uisum
848 2777 966 2840 est.
1033 2794 1225 2857 supra
1290 2776 1582 2849 diximus.
1651 2777 2160 2843 interficiendum
2231 2780 2442 2842 autem
2511 2795 2650 2841 esse

338 2880 715 2962 prophetam
763 2880 901 2945 siue
948 2882 1297 2965 principem
1344 2885 1588 2967 populi.
1629 2884 1738 2967 qui
1783 2884 1951 2951 filios
1990 2884 2236 2949 Israhel
2283 2903 2320 2947 a
2368 2883 2483 2947 deo
2533 2902 2649 2948 suo

338 2984 539 3049 uellet
574 2990 857 3052 auertere
907 2988 1229 3071 aliquidue
1276 2991 1620 3074 infringere
1667 2990 2130 3067 mandatorum,
2170 3010 2293 3055 non
2336 2990 2643 3055 aduersus

341 3094 667 3160 Christum
732 3096 1131 3179 praecepisse
1196 3098 1464 3182 Moysen
1536 3100 1600 3160 et
1666 3116 1736 3162 ex
1802 3096 1942 3163 his.
2021 3116 2182 3178 quae
2249 3097 2377 3161 iam
2442 3098 2649 3161 multa

240 3206 297 3245 2⁶
342 3201 612 3285 egimus.
663 3203 820 3268 satis
872 3205 1113 3268 clarum
1154 3207 1254 3268 est
1292 3208 1356 3268 et
1390 3203 1598 3288 magis
1635 3203 1970 3287 magisque
2013 3202 2440 3268 consideranti
2480 3203 2644 3267 dicta

336 3310 401 3371 et
463 3306 633 3372 facta
698 3308 937 3373 domini
994 3309 1143 3374 Iesu
1203 3308 1441 3374 Christi
1496 3309 1704 3393 magis
1759 3310 2094 3393 magisque
2154 3309 2438 3388 clarebit,
2501 3310 2648 3391 quia

333 3432 451 3477 nec
515 3432 552 3477 a
617 3432 733 3480 suo
801 3415 915 3479 deo
981 3414 1195 3480 uoluit
1260 3434 1645 3498 quemquam
1705 3434 1922 3481 eorum
1983 3414 2276 3479 Christus
2334 3419 2638 3480 auertere.

334 3519 492 3584 deus
540 3520 793 3604 quippe,
834 3540 1023 3603 quem
1059 3521 1190 3586 illis
1228 3522 1489 3605 Moyses
1530 3521 1925 3606 diligendum
1967 3520 2429 3603 colendumque
2465 3540 2640 3604 prae-

333 3630 605 3709 ceperat.
663 3626 798 3709 ipse
858 3630 957 3691 est
1014 3631 1182 3692 certe
1243 3628 1398 3693 deus
1446 3628 1764 3692 Abraham
1826 3633 1890 3693 et
1938 3629 2096 3693 deus
2141 3628 2322 3692 Isaac
2371 3630 2436 3691 et
2483 3627 2639 3692 deus

510 3844 542 3895 6
582 3842 646 3896 cf.
678 3843 791 3896 Ioh.
836 3845 895 3896 11
940 3844 1009 3895 49
1049 3860 1166 3913 sqq.

399 4012 434 4063 4
473 3976 650 4065 elidite
690 4010 735 4066 S
840 4014 874 4065 5
914 4013 1289 4081 euuangelista
1329 4012 1373 4066 C
1524 4014 1554 4064 7
1593 4011 1790 4067 hebreo
1832 4012 1924 4067 CS
2073 4015 2105 4066 9
2146 4012 2282 4067 dixit
2319 4014 2350 4067 b
2473 4012 2637 4066 dixis-

326 4102 413 4151 set
449 4114 553 4155 om.
592 4098 691 4154 80
769 4100 833 4154 10
855 4100 1049 4155 debere
1080 4101 1169 4153 Μ1
1209 4102 1431 4155 deberet
1462 4100 1535 4154 L¹
1631 4102 1687 4155 11
1735 4101 2040 4173 prophetici
2071 4102 2116 4155 G
2189 4102 2253 4157 12
2285 4101 2641 4157 sacerdotalis

326 4188 409 4255 (ta
442 4204 487 4243 8.
527 4188 585 4255 Ζ.)
630 4188 678 4243 0
856 4190 920 4242 17
968 4190 1318 4261 prophetauit
1356 4189 1456 4243 SG
1639 4190 1708 4243 24
1755 4192 2057 4261 precepisse
2115 4190 2163 4245 0
2301 4206 2488 4243 mosen
2539 4189 2637 4243 SG·

324 4277 395 4329 26
436 4275 528 4330 dni
564 4276 657 4330 nri
699 4276 751 4331 G
896 4277 1123 4331 clarebit
1160 4277 1214 4348 (b
1254 4294 1389 4331 corr.
1430 4294 1497 4332 ex
1533 4284 1588 4342 11)
1637 4278 1764 4333 GM
1903 4280 1973 4334 28
2010 4296 2184 4333 moses
2213 4278 2337 4334 S’G
2481 4294 2636 4347 prae·

326 4365 533 4436 ciperat
572 4366 643 4419 L¹

2417 4472 2516 4527 30·
