3159 4984
370 2190 425 2231 15

1006 476 1098 530 vl.
1156 475 1445 531 Contra
1496 475 1868 529 Faustum
1925 474 2053 528 lib.
2109 472 2236 528 XII.
2609 476 2742 540 375

460 667 655 733 faciat
710 667 789 733 ad
845 666 1275 751 intellegenda
1331 685 1606 749 superna
1661 669 1728 731 et
1782 668 2054 733 aeterna.
2121 666 2214 731 sic
2271 667 2439 733 enim
2495 670 2560 733 et
2612 687 2753 750 pro-

462 774 657 858 pheta
713 774 905 839 dicit:
975 773 1127 839 uisi
1192 772 1710 851 credideritis,
1779 793 1920 839 non
1985 772 2491 858 intellegetis.
2559 778 2627 839 at
2681 794 2754 841 ea

460 882 603 965 ipsa
647 884 748 948 est
794 882 1061 963 simplex
1106 880 1287 958 fideS,
1337 900 1461 963 qua
1508 880 1847 955 credimus,
1905 882 2243 963 antequam
2290 899 2754 966 cognoscamus

463 990 1037 1085 supereminentem
1104 990 1438 1055 scientiam
1495 989 1778 1055 caritatis
1838 989 2094 1064 Christi,
2152 992 2228 1053 ut
2279 989 2636 1072 inpleamur
2688 990 2752 1053 in

462 1116 715 1163 omnem
759 1096 1223 1180 plenitudinem
1272 1097 1391 1172 dei,
1449 1116 1571 1161 non
1631 1096 1768 1161 sine
1815 1115 2009 1163 causa
2054 1096 2592 1180 dispensationem
2639 1097 2754 1161 hu-

460 1204 755 1269 militatis
802 1204 959 1281 eius„
1010 1222 1133 1285 qua
1177 1202 1546 1267 humanitus
1597 1204 1782 1267 natus
1823 1205 1888 1267 et
1921 1220 2152 1285 passus
2192 1206 2310 1279 est,
2350 1221 2388 1266 a
2421 1202 2749 1286 prophetis

463 1328 576 1394 per
618 1309 1055 1393 propheticam
1103 1314 1378 1394 gentem.
1426 1330 1538 1393 per
1582 1308 2026 1393 propheticum
2070 1310 2402 1392 populum,
2459 1328 2571 1393 per
2613 1328 2753 1391 pro-

462 1417 791 1501 pheticum
855 1435 1121 1502 regnum
1186 1420 1364 1481 tanto
1430 1420 1574 1481 ante
1641 1416 2049 1500 praedictam.
2117 1416 2240 1482 nisi
2305 1416 2454 1499 quia
2515 1416 2578 1480 in
2641 1417 2755 1481 illa

465 1522 763 1599 stultitia,
812 1542 971 1606 quae
1022 1522 1369 1606 sapientior
1416 1526 1515 1587 est
1560 1522 1948 1597 hominibus,
1988 1526 2053 1585 et
2099 1522 2162 1587 iu
2209 1522 2322 1586 illa
2364 1521 2752 1591 infirmitate.

468 1650 627 1712 quae
674 1629 895 1696 fortior
943 1632 1044 1694 est
1088 1629 1473 1695 hominibus,
1532 1648 1832 1711 magnum
1892 1629 2132 1711 aliquid
2189 1630 2349 1694 latet
2404 1630 2480 1694 ad
2527 1630 2753 1693 iustifi-

466 1737 779 1803 cationem
812 1740 875 1801 et
903 1736 1423 1821 glorificationem
1460 1740 1760 1801 nostram.
1801 1741 1867 1801 et
1902 1737 1991 1801 ibi
2030 1741 2181 1802 sunt
2218 1756 2433 1803 omnes
2471 1737 2754 1802 thesauri

464 1842 808 1926 sapientiae
858 1845 921 1905 et
970 1841 1269 1907 scientiae
1318 1841 1694 1917 absconditi,
1744 1843 1852 1924 qui
1898 1842 2060 1907 nulli
2107 1842 2492 1925 aperiuntur,
2533 1843 2586 1908 si
2633 1842 2752 1907 tibi

462 1970 573 2033 per
618 1952 963 2015 maternam
1014 1968 1263 2013 carnem
1310 1950 1644 2013 traiectum
1695 1950 1930 2023 cibum,
1989 1950 2055 2013 id
2104 1953 2204 2014 est
2247 1969 2357 2033 per
2403 1950 2754 2034 apostolica

464 2062 529 2129 et
571 2056 941 2140 prophetica
984 2056 1181 2121 ubera
1224 2056 1411 2121 lactis
1463 2054 1764 2119 alimenta
1813 2056 2267 2140 contempserit
2314 2059 2379 2121 et
2422 2063 2751 2139 tamquam

460 2163 815 2227 infantilem
863 2164 1110 2228 uictum
1158 2163 1340 2245 quasi
1384 2162 1758 2246 praegrandi
1825 2166 2029 2227 aetate
2087 2162 2419 2229 fastidiens
2465 2164 2641 2247 prius
2689 2165 2752 2229 in

462 2289 705 2336 uenena
736 2269 1199 2333 haereticorum
1231 2288 1421 2351 quam
1448 2269 1513 2332 in
1545 2269 1891 2351 sapientiae
1932 2270 2163 2338 cibum,
2205 2271 2309 2334 cni
2349 2290 2416 2335 se
2455 2271 2753 2337 idoneum
2833 2324 2858 2351 ,

462 2380 699 2441 temere
739 2376 1095 2451 arbitratur,
1134 2375 1414 2439 inruerit.
1465 2394 1589 2439 non
1630 2395 1777 2458 ergo
1818 2376 1986 2457 quod
2026 2377 2296 2441 dicimus
2335 2379 2752 2443 necessariam

464 2484 816 2566 simplicem
854 2482 1067 2559 fidem,
1106 2482 1489 2547 contrarium
1530 2486 1630 2547 est
1669 2483 1744 2547 ei.
1786 2484 1955 2563 quod
1993 2484 2286 2559 dicimuS,
2317 2489 2392 2549 ut
2427 2487 2753 2570 prophetis

464 2588 791 2661 credatur;
838 2586 1047 2670 magis
1096 2587 1263 2651 enim
1312 2587 1390 2651 ad
1436 2587 1557 2652 hoc
1604 2588 1898 2670 pertinet,
1948 2592 2022 2652 ut
2065 2590 2395 2673 prophetis
2442 2592 2750 2664 credatur,

462 2695 831 2778 priusquam
879 2697 1149 2777 purgata
1197 2699 1261 2757 et
1308 2695 1598 2759 roborata
1647 2698 1859 2759 mente
1907 2696 2114 2777 possit
2149 2696 2458 2781 intellegi,
2500 2698 2606 2780 qui
2645 2719 2755 2782 per

462 2802 799 2885 prophetas
848 2801 940 2865 sic
986 2800 1385 2882 loquebatur.

555 2910 661 2975 47.
710 2910 796 2973 At
844 2907 1011 2971 enim
1061 2906 1117 2987 si
1166 2905 1487 2971 Christum
1536 2908 2097 2990 prophetanerunt,
2146 2928 2268 2975 non
2319 2910 2504 2994 digne
2551 2931 2753 2995 neque

464 3017 885 3099 congruenter
933 3032 1051 3078 sua
1094 3014 1576 3097 prophetatione
1626 3015 1935 3079 uixerunt.
2003 3015 2170 3080 unde
2217 3016 2338 3081 hoc
2386 3016 2618 3083 scitis?
2676 3038 2751 3083 an

464 3120 613 3201 quid
682 3122 769 3185 sit
833 3120 938 3185 uel
1004 3122 1161 3187 bene
1226 3121 1332 3186 uel
1394 3122 1561 3185 male
1628 3122 1866 3195 uiuere,
1933 3122 2212 3187 iudicare
2275 3102 2406 3189 uos¹
2457 3128 2752 3209 potestis,

464 3245 727 3308 quorum
796 3228 1043 3293 iustitia
1110 3231 1208 3292 est
1270 3228 1486 3311 potius
1554 3228 2050 3293 succurrendum
2127 3248 2269 3295 esse
2331 3232 2565 3297 meloni
2628 3254 2752 3300 uon

464 3332 781 3412 sentienti,
841 3338 915 3398 ut
974 3354 1119 3399 eum
1180 3354 1298 3399 uos
1356 3334 1774 3399 manducetis.
1843 3353 2027 3415 quam
2097 3336 2386 3404 mendico
2451 3339 2756 3405 esurienti

462 3442 535 3503 ut
598 3441 1107 3505 manducandum
1175 3442 1417 3523 aliquid
1484 3442 1702 3506 detis?
1771 3441 2100 3507 catholicis
2167 3447 2380 3509 autem
2444 3448 2750 3528 paruulis,

464 3548 800 3629 antequam
849 3548 1074 3625 sciant,
1137 3568 1295 3630 qnae
1346 3548 1431 3612 sit
1476 3548 1720 3612 animae
1779 3548 2089 3613 humanae
2149 3550 2428 3633 perfecta
2485 3552 2750 3629 iustitia,

638 3756 671 3807 2
708 3755 797 3808 Es.
839 3756 887 3816 7,
927 3758 958 3807 9
1104 3758 1137 3809 5
1178 3758 1239 3807 cf.
1284 3756 1478 3825 Ephe-s.
1519 3757 1567 3811 3.
1614 3758 1678 3809 19
1838 3758 1902 3811 10
1943 3758 2007 3810 cf.
2047 3758 2072 3811 I
2114 3759 2232 3812 Cor.
2277 3761 2321 3823 1,
2362 3760 2429 3813 25
2579 3762 2645 3814 12
2685 3764 2750 3816 cf.

461 3842 574 3896 Col.
614 3844 664 3906 2,
704 3844 736 3897 3

535 3995 560 4048 1
604 3998 660 4047 et
698 4002 825 4049 ante
863 4002 1083 4049 aeterna
1119 4012 1162 4050 ε.
1204 3997 1236 4049 l.
1280 4014 1315 4049 α
1352 4014 1419 4049 m.
1460 4002 1489 4049 1
1533 3997 1579 4049 C
1721 3996 1882 4066 enim]
1934 3999 2134 4052 etenim
2188 3998 2316 4051 CPb
2463 4000 2494 4051 2
2532 3999 2749 4055 intelle-

458 4082 591 4151 gitis
636 4082 689 4137 L
870 4086 901 4137 3
961 4102 1096 4155 quae
1144 4084 1195 4137 L
1378 4086 1445 4138 12
1503 4090 1557 4138 et
1613 4086 1870 4140 scientiae
1929 4104 2030 4141 om.
2077 4086 2129 4139 L
2337 4087 2460 4158 tibi]
2513 4089 2618 4143 sibi
2663 4090 2750 4145 Lb

463 4210 529 4263 13
558 4168 733 4264 cibum
772 4180 1059 4263 traiectum
1095 4208 1141 4261 0
1250 4210 1313 4261 16
1352 4210 1708 4263 hereticorum
1737 4209 1846 4263 Lo
1986 4210 2071 4263 cui
2100 4203 2309 4279 se]'cui’
2341 4212 2371 4264 b
2489 4213 2550 4265 19
2580 4214 2748 4282 perti·

460 4302 617 4355 netut
664 4302 748 4356 (ut
793 4314 929 4353 corr.
975 4314 1040 4351 ec
1088 4312 1169 4360 ur)
1220 4297 1266 4351 S
1310 4298 1612 4367 pertinetur
1653 4299 1704 4353 G
1849 4301 1914 4353 21
1965 4298 2288 4370 loquebatur
2331 4300 2378 4353 G
2518 4301 2590 4355 23
2627 4318 2752 4371 pro-

460 4387 740 4457 phetatioii
776 4387 829 4439 L
938 4389 1005 4440 24
1045 4390 1162 4457 uos]
1202 4388 1355 4441 uiuos
1394 4386 1519 4441 8¹6
1629 4389 1695 4441 27
1735 4392 1916 4442 autem
1954 4405 2055 4442 om.
2102 4387 2148 4440 C
