3159 4984
481 430 600 492 168
1168 428 1220 481 S.
1278 426 1554 481 Aureli
1608 427 2045 498 Augustini

475 622 671 687 nihil
745 622 980 689 odisti
1054 642 1328 696 eorum,
1397 642 1586 705 quae
1650 623 1933 701 fecisti,
2002 623 2114 689 sed
2180 626 2390 689 omnia
2454 627 2591 693 siue
2654 650 2765 711 per

467 748 702 814 poenas
759 730 896 795 siue
952 748 1062 813 per
1108 729 1386 813 praemia
1442 730 1693 794 iustitia
1744 730 2109 796 moderante
2167 730 2465 815 disponit.
2559 752 2761 799 nonne

469 836 796 923 apostolus
842 836 1082 901 Paulus
1131 836 1492 900 christianis
1535 835 1831 901 fidelibus
1868 837 2266 919 loquebatur,
2306 857 2453 903 cum
2493 838 2757 905 diceret:

467 943 738 1026 probet
783 945 1036 1007 autem
1087 962 1162 1007 se
1209 944 1426 1009 homo
1496 947 1570 1007 et
1636 943 1745 1008 sic
1812 944 1895 1008 de
1942 963 2127 1027 pane
2178 946 2351 1009 edat
2396 948 2473 1010 et
2518 947 2629 1011 sic
2677 948 2761 1013 de

471 1049 709 1115 calice
739 1049 971 1113 bibat.
1004 1050 1128 1131 qui
1159 1050 1354 1115 enim
1391 1050 1796 1115 manducat
1824 1054 1897 1115 et
1928 1051 2125 1115 bibit
2154 1052 2461 1136 indigne
2490 1053 2760 1119 iudici·
2828 1074 2855 1114 5

469 1176 590 1223 um
657 1156 804 1222 sibi
875 1158 1281 1222 manducat
1355 1160 1429 1221 et
1500 1157 1700 1222 bibit
1773 1177 1911 1223 non
1988 1158 2419 1223 diiudicans
2486 1178 2761 1243 corpus

473 1264 774 1330 domini.
841 1266 1244 1347 propterea
1308 1265 1380 1328 in
1447 1264 1668 1329 uobis
1745 1265 1968 1329 multi
2040 1264 2329 1330 infirmi
2402 1268 2477 1329 et
2558 1256 2763 1351 aegri

473 1374 546 1435 et
628 1370 1012 1437 dormiunt
1095 1370 1607 1437 sufficientes,
1685 1373 1746 1436 si
1833 1376 2081 1437 autem
2154 1392 2287 1437 nos
2370 1372 2581 1456 ipsos
2658 1374 2755 1438 di-

471 1477 1004 1555 iudicaremus‚
1081 1496 1220 1542 non
1299 1477 1566 1559 utique
1644 1478 2254 1543 diiudicaremur.
2334 1479 2501 1544 dum
2576 1480 2761 1545 iudi-

474 1602 727 1649 camur
761 1588 1031 1663 autem,
1073 1604 1110 1650 a
1148 1584 1446 1649 domino
1479 1584 1949 1667 corripimur,
1988 1604 2073 1649 ne
2113 1604 2276 1651 cum
2314 1585 2453 1651 hoc
2489 1586 2760 1650 mundo
2806 1612 2857 1653 ιο

475 1689 947 1753 damnemur?
989 1709 1133 1755 ecce
1163 1689 1574 1754 manifestum
1634 1688 1822 1753 deum
1872 1708 2017 1754 cum
2066 1690 2403 1755 dilectione
2453 1690 2762 1774 corrigere

473 1814 596 1862 non
647 1797 853 1861 solum
899 1796 1375 1861 infirmitatibus
1424 1797 1489 1860 et
1525 1795 2031 1879 aegritudinibus
2070 1796 2181 1861 sed
2221 1798 2413 1861 etiam
2448 1797 2761 1862 mortibus

475 1902 930 1985 temporalibus
977 1922 1108 1981 eos,
1157 1922 1318 1987 quos
1364 1920 1488 1968 non
1535 1904 1683 1967 uult
1730 1903 2022 1967 damnare
2068 1922 2217 1967 cum
2262 1903 2518 1969 mundo,

565 2008 932 2101 Adtendant
1002 2008 1159 2073 haec
1242 2008 1352 2074 isti
1417 2013 1484 2073 et
1564 2007 1845 2087 uideant,
1912 2009 2229 2092 quomodo
2301 2009 2623 2092 potuerint
2698 2012 2763 2072 et

477 2116 683 2199 inpiae
753 2118 976 2201 gentes
1025 2114 1158 2180 dari
1205 2115 1270 2179 in
1315 2134 1543 2181 manus
1590 2116 1813 2200 populi
1862 2116 2152 2199 quamuis
2218 2116 2425 2180 adhuc
2474 2115 2761 2189 carnalis,
2810 2142 2857 2182 ιε

476 2225 687 2287 tamen
735 2241 932 2286 unum
982 2222 1169 2287 deum
1219 2222 1508 2301 colentis,
1555 2226 1633 2287 ut
1678 2224 1756 2287 ab
1806 2241 1881 2288 eo
1926 2223 2464 2298 interficerentur;
2515 2241 2661 2286 cum
2702 2222 2767 2283 in

481 2348 553 2394 eo
599 2332 811 2393 tamen
876 2328 1111 2412 populo
1177 2329 1233 2393 si
1298 2329 1406 2411 qui
1470 2333 1687 2394 essent
1735 2329 2073 2412 spiritales,
2122 2329 2259 2394 sine
2307 2328 2577 2393 alicuius
2626 2328 2769 2393 odio

473 2434 912 2518 intellegerent
960 2433 1493 2517 dispensationem
1543 2434 1663 2511 dei,
1732 2437 1799 2497 et
1853 2434 2168 2516 quomodo
2218 2454 2341 2499 non
2390 2434 2477 2498 sit
2524 2438 2769 2498 contra-

477 2540 664 2616 rium,
704 2538 872 2621 quod
909 2538 1202 2603 dominus
1241 2538 1423 2604 nobis
1462 2539 1524 2603 in
1575 2539 1905 2623 euangelio
1943 2540 2281 2623 praecepit,
2324 2542 2395 2604 ut
2432 2540 2770 2623 diligamus

479 2645 770 2710 inimicos
821 2649 1089 2721 nostroe,
1139 2644 1217 2708 de
1265 2644 1496 2726 quibus
1546 2648 1757 2709 tamen
1826 2644 2143 2728 promittit
2204 2645 2341 2729 ipse
2404 2644 2770 2721 uindictam,
2812 2674 2865 2713 ιο

485 2770 628 2817 cum
675 2750 750 2815 de
795 2750 908 2815 illo
954 2749 1164 2814 iudice
1214 2749 1697 2815 similitudinem
1744 2750 2006 2826 inducit,
2048 2750 2159 2833 qui
2198 2750 2544 2816 cotidianas
2584 2750 2770 2814 inter—

481 2856 856 2941 pellationes
901 2854 1134 2920 uiduae
1183 2856 1471 2921 mulieris
1518 2856 1816 2940 petentiS,
1855 2858 1930 2921 ut
1966 2876 2035 2921 se
2075 2857 2444 2933 uindicaret,
2478 2855 2770 2938 quamuis

483 2964 655 3028 esset
699 2961 974 3026 iniustus
1023 2980 1138 3025 nec
1187 2962 1375 3027 deum
1421 2962 1655 3027 timens
1702 2981 1819 3027 nec
1864 2962 2153 3029 homines
2199 2981 2513 3039 mucrene,
2562 2964 2771 3025 tamen

485 3068 796 3133 sustinere
843 3086 965 3131 non
1013 3068 1226 3151 potuit
1271 3070 1338 3132 et
1382 3068 1630 3132 audiuit
1675 3086 1834 3145 eam,
1883 3088 1961 3133 ne
2007 3068 2277 3134 ulterius
2340 3066 2622 3132 taedium
2668 3084 2773 3149 pa-

484 3178 763 3239 teretur:
830 3192 902 3238 ex
967 3174 1149 3238 cuius
1217 3174 1661 3256 conparatione
1723 3174 1926 3239 multo
1992 3175 2199 3259 magis
2266 3175 2473 3251 deum,
2518 3172 2631 3256 qui
2679 3178 2779 3237 est
2812 3210 2867 3251 25

487 3279 986 3364 benignissimus
1034 3283 1224 3362 atque
1271 3278 1692 3357 iustissimus,
1742 3280 1897 3345 dixit
1942 3280 2262 3345 uindicare
2306 3279 2473 3343 filios
2512 3297 2661 3343 suos
2700 3278 2777 3342 de

487 3385 761 3451 inimicis
827 3404 1064 3450 eorum.
1145 3384 1293 3449 huic
1377 3384 1487 3449 isti
1553 3384 1827 3450 audeant
1909 3385 2153 3452 obicere
2218 3386 2653 3470 quaestionem
2716 3388 2783 3450 et

670 3525 696 3578 1
739 3526 864 3595 Sap.
905 3526 989 3590 11,
1029 3524 1097 3577 25
1206 3525 1241 3578 4
1279 3525 1306 3579 1
1344 3524 1463 3580 Cor.
1503 3525 1589 3588 11.
1628 3524 1697 3579 ⁶28
1735 3541 1851 3596 sqq.
1962 3524 2031 3579 26
2070 3524 2135 3579 cf.
2172 3524 2301 3579 Luc.
2341 3524 2426 3589 18,
2464 3522 2499 3575 2
2534 3540 2653 3592 sqq.

566 3658 591 3711 1
629 3658 820 3711 horum
861 3620 1038 3710 P⁸oru
1081 3660 1130 3723 (e
1170 3672 1304 3712 corr.
1346 3674 1410 3711 ex
1445 3656 1504 3725 h)
1549 3656 1601 3711 G
1748 3656 1781 3709 2
1818 3672 1983 3727 penas
2032 3655 2085 3709 V
2239 3656 2274 3709 4
2310 3610 2503 3725 panem
2528 3654 2607 3707 (3²
2640 3668 2781 3723 pano

485 3746 584 3800 illo
623 3744 811 3801 SOVb
956 3746 1048 3800 sic.
1088 3762 1190 3800 om.
1233 3745 1310 3799 Tb
1456 3748 1488 3800 5
1525 3746 1751 3817 indigne
1800 3748 1868 3812 (s.
1910 3744 1973 3812 1.)
2018 3742 2093 3798 6¹²
2256 3744 2287 3797 7
2324 3741 2527 3797 domini
2566 3758 2671 3797 om.
2710 3740 2781 3807 G,

491 3840 560 3904 (s.
601 3836 636 3890 1.
675 3852 742 3889 m.
782 3836 848 3902 2)
877 3834 931 3887 P
1039 3833 1072 3887 8
1109 3837 1322 3887 nosmet
1357 3834 1412 3887 V
1513 3835 1546 3889 9
1582 3834 1942 3889 indicaremus
1982 3834 2029 3887 V
2140 3834 2205 3887 10
2239 3832 2343 3887 hoc
2380 3848 2481 3887 om.
2526 3830 2633 3886 GT
2639 3831 2723 3886 OS
2736 3830 2789 3884 V

494 3923 558 3979 11
601 3922 951 3994 dampnemur
997 3923 1050 3977 V
1149 3922 1496 4027 manifestum
1535 3928 1621 3978 est
1660 3922 1955 3978 GTGSVb
2065 3924 2134 3976 12
2170 3922 2335 3993 etiam
2363 3920 2420 3974 P
2529 3921 2595 3975 13
2633 3920 2782 3974 dam-

487 4055 658 4109 pnare
706 4037 756 4090 V
880 4038 950 4091 14
988 4053 1181 4107 quomo
1197 4003 1274 4092 ”G
1423 4039 1487 4092 15
1540 4037 1706 4108 impie
1745 4043 1970 4109 agentes
2008 4036 2357 4092 PGTGSVb
2556 4032 2784 4089 earnalis

496 4127 535 4198 (i
556 4142 690 4181 corr.
712 4142 777 4181 ex
797 4143 844 4181 e.
863 4143 932 4181 m.
955 4128 1018 4194 2)
1036 4124 1088 4181 G
1162 4126 1231 4179 16
1251 4126 1489 4181 colentes
1506 4127 1580 4181 (Ρ
1658 4130 1721 4180 ut
1738 4127 1907 4182 om.P
1980 4126 2046 4181 18
2067 4126 2159 4180 dni
2182 4126 2231 4178 V
2298 4125 2364 4179 21
2389 4122 2789 4179 cothidianasV

497 4241 566 4295 23
605 4200 814 4295 ¹¹²iustus
855 4242 932 4296 (3²
1005 4242 1074 4295 24
1111 4256 1210 4310 nec
1237 4241 1293 4295 P
1325 4256 1424 4295 nec
1459 4241 1508 4297 0
1608 4241 1813 4296 tedium
1854 4242 1903 4295 V
1972 4241 2042 4297 25
2071 4241 2469 4311 comparatione
2493 4238 2785 4294 GTCSVb

497 4354 679 4425 deum]
709 4372 828 4411 eum
850 4356 881 4409 b
992 4356 1060 4409 26
1089 4318 1265 4427 adque
1288 4355 1340 4408 P
1433 4356 1595 4426 filios]
1625 4357 1824 4431 electos
1849 4354 2137 4411 GIOSVb
2246 4354 2313 4408 27
2335 4356 2540 4425 eorum]
2560 4353 2671 4407 suis
2699 4352 2782 4408 Vb
