3159 4984
967 447 1059 500 VI.
1108 445 1396 502 Contra
1450 448 1820 503 Faustum
1879 450 2008 504 lib.
2066 451 2318 508 XXVIII.
2657 459 2778 523 741

494 643 567 706 de
628 662 695 707 se
750 643 889 726 ipse
954 643 1467 725 praedicanerit?
1536 645 1590 708 si
1659 645 1826 708 enim
1892 647 2176 728 prola-tae
2239 646 2476 711 fuerint
2537 649 2786 731 aliquae

492 749 761 828 litterae,
815 769 976 832 quae
1032 751 1207 816 nullo
1266 751 1391 815 alio
1448 756 1737 816 narrante
1792 753 1998 836 ipsius
2053 753 2304 836 proprie
2353 753 2588 818 Christi
2645 775 2786 822 esse

492 857 801 930 dicantur,
869 857 1037 920 unde
1104 857 1241 921 fieri
1305 861 1573 940 poterat,
1643 862 1717 921 ut
1783 859 1838 923 si
1903 879 2052 924 uere
2108 861 2312 943 ipsius
2371 865 2602 938 essent,
2659 881 2783 927 non

488 965 870 1048 legerentur,
920 983 1043 1028 non
1094 964 1547 1046 acciperentur,
1609 984 1731 1029 non
1788 967 2127 1050 praecipuo
2187 967 2461 1031 culmine
2517 969 2786 1034 auetori-

429 1086 457 1124 ⁵
488 1071 644 1135 tatis
694 1071 1045 1136 eminerent
1087 1071 1152 1133 in
1203 1071 1341 1135 eius
1399 1071 1690 1136 ecclesia.
1749 1091 1908 1154 quae
1966 1073 2044 1137 ab
2101 1075 2240 1157 ipso
2295 1093 2408 1157 per
2461 1076 2785 1157 apostolos

488 1177 982 1243 succedentibus
1031 1177 1292 1241 sibimet
1338 1178 1656 1262 episcopis
1703 1197 1911 1260 usque
1959 1180 2038 1244 ad
2093 1181 2252 1244 haec
2305 1184 2594 1263 tempora
2645 1202 2782 1265 pro-

486 1291 719 1369 pagata
768 1284 1077 1348 dilatatur
1120 1284 1345 1348 multis
1390 1285 1455 1348 in
1506 1305 1579 1348 ea
1624 1286 1752 1349 iam
1801 1286 2134 1369 conpletiS,
2193 1305 2352 1368 quae
2408 1289 2554 1350 ante
2609 1305 2782 1369 prae-

488 1393 659 1458 dicta
706 1395 857 1456 sunt
904 1393 969 1454 et
1014 1410 1219 1472 usque
1263 1391 1329 1455 in
1378 1391 1567 1455 finem
1618 1409 1778 1472 quae
1823 1395 2087 1462 restant,
2128 1392 2263 1456 sine
2311 1392 2503 1457 dubio
2548 1392 2781 1457 futuris

487 1503 675 1581 atque
724 1497 1013 1562 uenturis
1034 1497 1067 1563 ἱ)
1134 1497 1281 1578 quia
1329 1501 1394 1561 et
1437 1498 1588 1562 11139
1635 1498 1887 1562 litterae
1946 1498 2000 1562 si
2055 1499 2500 1581 proferrentur,
2557 1499 2780 1582 utique

396 1614 449 1654 1⁰
488 1604 1012 1670 considerandum
1065 1607 1217 1683 erat,
1280 1623 1316 1667 a
1372 1605 1604 1685 quibus
1663 1605 2125 1687 proferrentur:
2194 1606 2250 1669 si
2306 1606 2383 1669 ab
2438 1606 2600 1688 ipso,
2645 1606 2778 1671 illis

488 1713 781 1795 primitus
840 1713 976 1776 sine
1036 1711 1229 1776 dubio
1286 1712 1547 1794 proferri
1603 1715 1970 1795 potuerunt,
2039 1712 2148 1796 qui
2203 1715 2356 1776 tunc
2415 1712 2620 1777 eidem
2676 1731 2778 1778 co—

487 1819 851 1894 haerebant,
920 1822 985 1882 et
1048 1837 1161 1900 per
1222 1817 1370 1882 illos
1438 1819 1628 1882 etiam
1697 1819 1774 1882 ad
1839 1820 2000 1884 alios
2064 1819 2413 1901 peruenire.
2489 1820 2657 1902 quod
2723 1821 2778 1885 si

486 1927 725 1990 factum
774 1928 965 2001 esset,
1012 1941 1125 2007 per
1170 1922 1335 1999 illas,
1386 1941 1543 2004 quas
1594 1923 2111 2001 commemoraui,
2159 1924 2666 2007 praepositorum
2715 1928 2780 1988 et

484 2031 860 2114 populorum
921 2029 1362 2095 successiones
1420 2030 1973 2095 confirmatissima
2029 2031 2407 2094 auctoritate
2473 2031 2778 2095 claresce-

394 2145 445 2184 ¹⁵
483 2142 639 2202 rent.
711 2138 854 2220 quis
904 2140 1003 2201 est
1052 2157 1199 2221 ergo
1246 2140 1379 2201 tam
1430 2137 1712 2202 (1913933.
1772 2138 1881 2219 qui
1935 2137 2124 2203 hodie
2182 2136 2398 2202 credat
2453 2155 2593 2202 esse
2649 2137 2776 2219 epi-

484 2245 719 2309 stulam
779 2243 1037 2322 Christi,
1098 2263 1289 2327 quam
1353 2244 1691 2328 protulerit
1744 2244 2178 2321 Manichaeus,
2245 2247 2310 2308 et
2373 2263 2496 2309 non
2562 2245 2777 2309 credat

481 2351 647 2415 facta
692 2350 800 2415 uel
849 2350 1022 2414 dicta
1069 2369 1209 2414 esse
1260 2350 1517 2428 Christi,
1568 2369 1729 2433 quae
1779 2350 2035 2434 scripsit
2078 2349 2496 2415 Matthaeus?
2563 2354 2675 2414 aut
2720 2351 2776 2416 si

480 2458 671 2521 etiam
730 2457 807 2520 de
864 2457 1215 2533 Matthan,
1274 2461 1489 2522 utrum
1554 2458 1680 2522 iste
1745 2458 1886 2540 ipsa
1950 2457 2293 2540 scripserit,
2363 2457 2632 2535 dubitat,
2699 2458 2776 2522 de

389 2643 397 2650 ,
478 2565 617 2646 11130
666 2583 918 2646 quoque
966 2563 1297 2627 Matthaeo
1346 2583 1466 2628 non
1515 2563 1732 2646 potius
1779 2564 1846 2627 id
1893 2563 2127 2641 credat,
2187 2563 2356 2646 quod
2410 2563 2658 2627 inuenit
2708 2565 2774 2628 in

388 2676 443 2715 ²⁰
482 2670 771 2748 ecclesia,
831 2688 991 2753 quae
1051 2669 1129 2733 ab
1184 2669 1388 2752 ipsius
1435 2670 1750 2734 Matthaei
1805 2669 2202 2753 temporibus
2259 2689 2462 2751 usque
2519 2670 2598 2733 ad
2651 2669 2775 2735 hoc

478 2781 732 2861 tempus
782 2781 954 2843 certa
1002 2776 1483 2842 successionum
1532 2777 1694 2842 serie
1744 2777 2118 2853 declaratur,
2178 2779 2243 2841 et
2297 2776 2513 2840 credat
2555 2779 2770 2843 nescio

478 2883 580 2947 eui
630 2903 700 2947 ex
748 2887 1116 2947 transuerso
1167 2881 1243 2946 de
1279 2881 1539 2946 Perside
1588 2885 1736 2965 post
1773 2882 2082 2947 ducentos
2118 2881 2225 2946 uel
2261 2881 2536 2964 amplius
2575 2901 2772 2948 anuos

474 2989 758 3054 uenienti
798 2993 862 3052 et
902 2987 1216 3064 suadenti,
1250 2991 1323 3051 ut
1358 2987 1455 3051 illi
1492 2988 1734 3070 potius,
1767 2988 1917 3070 quid
1950 2988 2243 3054 Christus
2273 2987 2499 3053 dixerit
2525 2987 2769 3052 fecerit-

476 3114 595 3177 que
654 3094 974 3171 credatur,
1034 3112 1181 3157 cum
1234 3092 1375 3175 ipse
1432 3093 1762 3176 apostolus
1817 3093 2058 3158 Paulus
2123 3097 2270 3177 post
2333 3095 2767 3160 ascensionem

386 3203 438 3244 ²⁵
478 3201 717 3266 domini
765 3201 843 3266 de
891 3200 1067 3265 caelo
1116 3203 1405 3275 uocatus,
1446 3199 1500 3264 si
1546 3219 1670 3266 non
1715 3199 2031 3264 inueniret
2075 3201 2138 3264 in
2190 3220 2372 3266 carne
2420 3201 2766 3283 apostolos,

472 3307 702 3389 quibus
751 3306 1280 3372 communicando
1329 3309 1393 3370 et
1440 3325 1583 3370 cum
1632 3306 1864 3388 quibus
1922 3307 2296 3372 conferendo
2363 3307 2766 3392 euangelium

649 3541 719 3594 25
755 3540 821 3594 cf.
857 3541 979 3594 Act.
1019 3541 1051 3594 9

540 3711 567 3764 1
588 3710 707 3780 ipso
727 3707 827 3764 SG
926 3707 1357 3778 praedicanerint
1375 3707 1475 3762 So
1546 3708 1579 3760 2
1600 3708 1844 3778 1119111139
1863 3706 2022 3764 LSG
2093 3709 2126 3763 3
2147 3711 2402 3779 potuerat
2420 3707 2506 3763 Lb
2579 3710 2614 3762 4
2634 3725 2758 3763 auc·

466 3799 679 3852 toritati
731 3797 807 3851 1²¹
862 3796 1203 3852 auctoritatis
1260 3799 1313 3860 (9
1366 3811 1409 3850 a.
1467 3797 1526 3862 Ζ.)
1566 3795 1615 3851 S
1733 3799 1769 3850 5
1803 3797 2072 3853 minerent
2125 3797 2250 3853 8¹6
2303 3797 2632 3852 seminerent
2683 3797 2758 3851 P¹

465 3888 741 3959 apostolos
780 3891 833 3954 (o
869 3887 967 3955 fin.
993 3891 1209 3940 retract.
1236 3902 1303 3939 m.
1335 3885 1395 3954 2)
1423 3883 1477 3938 L
1654 3888 1688 3938 6
1717 3902 1885 3956 usque
1925 3886 2056 3940 add.
2095 3903 2164 3942 m.
2203 3889 2246 3940 2
2271 3885 2323 3938 L
2503 3886 2540 3939 9
2577 3886 2672 3940 ille
2706 3885 2758 3940 G

464 3976 803 4048 proferentur
835 3975 979 4030 G¹L²
1091 3975 1159 4028 10
1187 3973 1529 4044 proferentur
1553 3972 1630 4026 L¹
1742 3974 1806 4028 11
1835 3975 2116 4045 potuerint
2141 3973 2242 4030 So
2277 3973 2473 4045 potue?
2503 3977 2594 4042 (κν
2626 3973 2758 4030 add.

462 4083 533 4120 m.
569 4071 695 4130 rec)
728 4065 776 4120 0
915 4062 1243 4120 coherebant
1266 4061 1380 4116 LG
1528 4063 1592 4116 13
1631 4079 1834 4117 comme
1869 4063 2076 4118 13913111
2107 4063 2156 4118 G
2292 4064 2362 4117 15
2390 4064 2678 4134 epistolam
2706 4062 2758 4116 L

468 4157 533 4262 113
552 4154 949 4226 protulitulerit
968 4152 1015 4209 S
1126 4151 1438 4206 manicheus
1465 4150 1620 4206 LOS
1718 4152 1782 4204 17
1809 4152 2085 4206 mattheus
2105 4150 2213 4206 Lo
2299 4151 2366 4206 18
2395 4151 2638 4207 mattheo
2656 4151 2760 4208 LO

462 4273 551 4342 1119
586 4271 705 4342 11133
744 4275 791 4336 (τ
830 4269 960 4324 add.
1000 4285 1067 4322 m.
1099 4271 1158 4333 2)
1195 4265 1245 4322 Ο
1264 4267 1385 4337 ipsa
1410 4266 1520 4322 ista
1548 4267 1589 4323 S
1616 4267 1736 4336 ipse
1763 4267 1872 4321 ista
1895 4266 1947 4321 G
1973 4267 2078 4320 iste
2107 4267 2217 4320 ista
2246 4266 2278 4320 b
2424 4233 2638 4322 debitat
2662 4267 2754 4320 Μ’

464 4359 533 4414 20
576 4358 809 4413 matthei
856 4357 959 4411 Lo
1101 4356 1171 4410 22
1217 4360 1367 4410 trans
1416 4373 1573 4412 uerso
1628 4357 1674 4411 0
1815 4355 1882 4410 23
1931 4373 2029 4410 sua
2067 4356 2220 4410 denti
2263 4356 2312 4409 C'
2450 4356 2522 4411 24
2555 4358 2676 4428 ipso
2713 4356 2761 4413 S
