3159 4984
858 478 950 531 VI.
1012 477 1305 533 Contra
1364 480 1736 536 Faustum
1794 482 1926 536 lib.
1985 484 2214 537 XVIIII.
2543 488 2674 554 529

374 704 497 749 non
538 682 617 746 ad
654 677 1041 745 matrimonii
1068 676 1279 754 fidem,
1310 676 1422 741 sed
1462 675 1541 740 ad
1579 679 2130 761 concupiscentiae
2169 679 2405 745 crimen
2443 680 2674 745 haben-

377 792 521 856 dam
591 808 729 855 esse
797 786 1090 852 censetis.
1160 784 1638 849 matrimonium
1694 785 1931 869 quippe
1987 806 2060 851 ex
2115 788 2237 853 hoc
2283 788 2672 872 appellatum

374 902 496 975 est,
545 895 716 980 quod
764 912 889 960 11011
938 892 1018 957 ob
1068 891 1242 955 aliud
1290 891 1516 956 debeat
1561 892 1800 956 femina
1835 893 2092 971 nubere,
2131 913 2326 975 quam
2364 898 2440 958 ut
2473 897 2678 959 mater

372 1006 521 1070 fiat:
580 1001 750 1087 quod
798 998 984 1065 uobis
1034 1000 1326 1065 odiosum
1374 1002 1491 1063 est.
1560 1018 1633 1064 eo
1681 1000 1869 1065 modo
1919 1000 2085 1065 enim
2133 1001 2672 1085 putatispartem

306 1138 333 1175 ⁵
377 1113 478 1178 dei
542 1110 745 1177 uestri
810 1109 1021 1193 gentis
1085 1106 1485 1171 tenebrarum
1541 1108 1782 1190 proelio
1843 1107 2161 1173 deuictam
2223 1112 2288 1172 et
2343 1109 2672 1174 subactam

375 1220 568 1284 etiam
617 1216 859 1283 carneis
908 1212 1294 1296 conpedibus
1344 1213 1668 1297 conligari.

466 1328 571 1391 27.
623 1322 768 1401 Sed,
807 1324 882 1386 ut
916 1320 1133 1405 potius
1182 1319 1352 1403 quod
1398 1338 1565 1383 nunc
1611 1320 1823 1405 agitur
1859 1322 2164 1405 explicem
2205 1372 2219 1400 ,
2261 1322 2316 1387 si
2355 1321 2670 1402 ChristuS,

370 1433 485 1497 ubi
549 1429 934 1514 quibusdam
1000 1426 1277 1509 antiquis
1346 1427 1680 1511 sententiis
1736 1427 2081 1511 propositis
2147 1427 2466 1491 adiunxit:
2537 1448 2669 1513 ego

373 1544 623 1605 autem
688 1537 855 1602 dico
923 1534 1165 1611 uobis,
1223 1552 1428 1615 neque
1488 1533 1835 1616 primorum
1892 1533 2221 1599 hominum
2275 1536 2486 1619 legem
2549 1536 2672 1602 hoc

284 1666 333 1705 ιο
370 1648 712 1712 uerborum
751 1642 1181 1707 additamento
1223 1640 1576 1724 adinpleuit
1603 1661 1805 1723 neque
1834 1641 2034 1717 illam,
2067 1662 2226 1725 quae
2265 1663 2376 1726 per
2404 1643 2671 1728 Moysen

372 1756 521 1819 data
567 1755 686 1830 est,
736 1749 922 1833 quasi
968 1748 1425 1813 contrariorum
1474 1748 1873 1832 obpositione
1922 1749 2249 1827 destruxit,
2298 1750 2409 1815 sed
2455 1750 2671 1832 potius

372 1861 581 1927 omnia
650 1878 720 1923 ex
776 1856 1213 1921 Hebraeorum
1277 1856 1421 1939 lege
1479 1860 1974 1921 commemorata
2032 1857 2123 1921 ita
2178 1858 2668 1934 commendauit,

367 1973 462 2048 ut,
514 1963 820 2049 quicquid
870 1982 941 2028 ex
987 1980 1257 2045 persona
1306 1980 1423 2027 sua
1467 1962 1729 2045 insuper
1771 1962 2158 2045 loqueretur,
2207 1964 2314 2029 uel
2361 1964 2440 2028 ad
2487 1984 2669 2047 expo·

370 2075 666 2141 sitionem
716 2061 1157 2152 requirendam
1207 2068 1470 2145 ualeret,
1520 2068 1575 2133 si
1625 2069 1778 2151 quid
1829 2070 1945 2133 illa
1999 2072 2265 2136 obscure
2319 2072 2666 2155 posuisset.

276 2198 331 2238 1⁵
368 2181 477 2247 uel
525 2179 605 2244 ad
649 2178 857 2242 tutius
908 2178 1417 2241 conseruandum
1464 2177 1635 2259 quod
1682 2177 1798 2241 illa
1831 2178 2188 2243 uoluisset:
2233 2178 2437 2255 uideS,
2477 2196 2668 2261 quam

370 2290 457 2355 sit
501 2287 686 2352 aliter
728 2283 1255 2368 intellegendum,
1307 2284 1475 2366 quod
1522 2284 1614 2347 ait
1660 2303 1784 2350 non
1841 2303 1910 2349 se
1965 2285 2224 2351 uenisse
2277 2286 2489 2369 legem
2544 2284 2668 2349 sol-

365 2414 517 2460 uere
602 2391 715 2458 sed
785 2390 1143 2473 adinplere,
1213 2390 1462 2455 scilicet
1524 2394 1601 2454 ut
1664 2410 1788 2455 non
1856 2392 2036 2473 quasi
2101 2392 2452 2476 semiplena
2522 2390 2667 2455 istis

366 2502 582 2567 uerbis
629 2501 1071 2582 integraretur,
1122 2496 1235 2562 sed
1272 2500 1366 2573 ut,
1408 2497 1575 2580 quod
1613 2498 1830 2562 littera
1866 2498 2124 2563 iubente
2160 2500 2418 2583 propter
2453 2516 2668 2581 super·

364 2610 594 2674 borum
639 2605 1219 2691 praesumptionem
1276 2624 1401 2669 non
1459 2608 1728 2687 poterat,
1789 2606 2097 2671 suadente
2152 2605 2358 2689 gratia
2411 2608 2670 2688 propter

273 2733 327 2769 2⁰
366 2714 709 2779 humilium
778 2711 1239 2777 confessionem
1306 2712 1654 2795 inpleretur
1717 2732 1905 2795 opere
1969 2712 2304 2789 factorum,
2372 2731 2495 2777 non
2560 2711 2666 2775 ad-

364 2822 639 2887 iectione
685 2821 1047 2886 uerborum.
1113 2817 1313 2882 fides
1374 2817 1560 2895 enim,
1621 2818 1792 2883 sicut
1847 2820 2177 2902 apostolus
2235 2819 2343 2888 ait,
2393 2836 2522 2901 per
2568 2818 2665 2882 di-

364 2928 783 2993 lectionem
836 2927 1212 3007 operatur.
1281 2923 1450 2988 unde
1497 2923 1652 2987 item
1705 2924 1899 2988 dicit:
1966 2924 2092 3006 qui
2147 2924 2343 2988 enim
2400 2923 2666 3007 diligit

366 3036 723 3108 alterum,
790 3034 1037 3116 legem
1102 3030 1457 3113 inpleuit.
1535 3030 1726 3094 istam
1795 3031 2120 3095 caritatem
2188 3030 2336 3113 quia
2400 3031 2664 3095 ueniens

367 3141 659 3207 Christus
725 3159 838 3223 per
900 3142 1193 3204 sanctum
1261 3138 1577 3221 spiritum,
1646 3157 1835 3219 quem
1898 3138 2286 3220 promissum
2342 3139 2541 3215 misit,
2598 3140 2662 3203 in

278 3262 327 3301 ²⁵
363 3245 875 3313 manifestatione
926 3245 1206 3324 donauit,
1258 3264 1383 3327 qua
1429 3245 1567 3309 sola
1614 3245 1875 3309 caritate
1922 3244 2172 3309 iustitia
2225 3244 2388 3329 legis
2442 3249 2665 3327 posset

364 3353 608 3436 inpleri,
656 3353 989 3435 propterea
1037 3350 1230 3414 dixit:
1280 3370 1419 3414 non
1469 3349 1649 3413 ueni
1699 3350 1944 3434 legem
2013 3351 2314 3415 soluere
2373 3351 2502 3415 sed
2548 3351 2661 3414 ad-

540 3595 604 3648 21
649 3593 768 3651 Gal.
807 3598 861 3659 5,
896 3594 931 3647 6
1040 3594 1111 3647 22
1146 3594 1301 3647 Rom.
1344 3594 1425 3658 13,
1464 3593 1499 3647 8

432 3774 463 3825 1
501 3770 669 3824 monii
704 3769 1343 3825 fidem-matrimonium
1380 3770 1443 3822 in
1477 3785 1592 3823 ras.
1631 3769 1676 3823 C
1837 3770 2298 3840 concupiscentias
2342 3770 2394 3824 G
2527 3770 2564 3822 4
2601 3771 2658 3823 et

360 3860 515 3915 uobis
549 3858 601 3914 G
748 3860 890 3912 enim
919 3856 1078 3913 modo
1114 3856 1283 3912 GSM
1424 3860 1578 3929 parte
1609 3858 1767 3929 (corr.
1795 3876 1864 3915 m.
1894 3863 1926 3911 1
1954 3873 2019 3913 ex
2045 3861 2220 3928 patre)
2259 3860 2306 3913 (J
2409 3860 2444 3912 ὃ
2473 3857 2657 3927 gentis

358 3966 458 4005 om.
500 3949 545 4003 0
684 3948 797 4017 plio
842 3946 891 4000 0
1030 3948 1107 4017 et]
1136 3949 1201 4000 ut
1229 3946 1329 4000 SG
1438 3946 1473 4000 6
1502 3946 1764 4015 conligari
1794 3946 2027 4001 cre'datis
2057 3946 2216 4017 (cred.
2247 3952 2380 4015 post
2417 3944 2572 4013 add.)
2614 3944 2661 3999 S

356 4038 391 4093 8
436 4038 746 4107 propositus
794 4038 934 4107 (sup.
990 4053 1027 4101 11
1083 4052 1121 4089 a
1174 4052 1245 4088 m.
1304 4040 1335 4088 1
1380 4036 1420 4099 i)
1477 4034 1527 4089 Ο
1666 4035 1894 4091 adiunci
1947 4035 1996 4090 0
2136 4035 2202 4089 12
2249 4033 2568 4089 hebreorum
2616 4033 2663 4087 0

358 4128 427 4180 14
463 4125 733 4195 potuisset
766 4123 833 4178 0¹
945 4125 1009 4176 15
1046 4122 1218 4177 totius
1238 4122 1473 4177 L¹S¹Gb
1619 4122 1775 4178 uides
1809 4125 1919 4177 inc.
1957 4140 1999 4177 c.
2038 4124 2106 4177 27
2143 4124 2206 4176 in
2235 4123 2268 4175 b
2379 4123 2444 4176 17
2484 4122 2656 4177 adim·

357 4216 503 4286 plere
526 4213 616 4281 (ad
634 4230 677 4269 8.
699 4215 734 4268 l.
754 4230 821 4270 m.
853 4218 902 4280 1)
932 4212 981 4267 G
1121 4212 1271 4280 qvasi
1300 4212 1353 4281 (v
1382 4226 1423 4266 s.
1456 4212 1491 4265 l.
1522 4229 1559 4266 a
1587 4229 1656 4267 m.
1683 4212 1734 4282 1)
1763 4214 1816 4267 L
1909 4214 1976 4266 19
2005 4212 2186 4282 gracia
2212 4212 2260 4266 G
2343 4212 2414 4265 22
2451 4210 2594 4265 idem
2625 4213 2658 4265 b

356 4304 425 4358 23
456 4304 583 4374 quia
605 4308 660 4363 (a
685 4320 728 4359 ε.
761 4304 819 4370 1.)
849 4304 896 4357 0
1001 4302 1069 4355 24
1099 4307 1217 4372 ἑῑῇὶ
1254 4306 1365 4357 ἔιῑη
1410 4301 1624 4357 GSMG
1733 4302 1802 4357 26
1842 4302 1978 4356 dixit
2017 4306 2064 4366 (t
2097 4318 2140 4357 ε.
2173 4302 2229 4369 Ζ.)
2258 4301 2307 4355 S
2447 4301 2655 4355 soluere

352 4393 533 4463 1030111
570 4390 773 4446 SGMb
1488 4407 1497 4417 ·

458 4516 595 4558 xxv.
628 4516 747 4565 Aug.
779 4522 888 4557 sect.
918 4517 959 4557 a.
1244 4536 1254 4546 -
2449 4496 2520 4551 34
