3159 4984
1017 495 1104 546 VI.
1155 493 1446 549 Contra
1501 495 1875 548 Faustum
1932 494 2063 546 lib.
2122 493 2289 546 xxn.
2658 495 2787 556 653

481 687 775 772 regendis
813 688 1069 771 populis
1111 707 1252 754 esse
1288 689 1560 771 possint,
1600 690 1813 752 tamen
1851 687 2063 751 uitant
2096 690 2354 770 propter
2390 688 2789 752 turbulentas

486 795 933 879 occupationes
1002 799 1066 859 et
1127 796 1192 860 in
1261 796 1582 860 doctrinae
1649 795 1853 861 otium
1926 798 2063 860 toto
2136 797 2391 878 pectore
2466 797 2788 878 tamquam

487 903 812 985 speciosae
859 902 1099 967 Rachel
1145 903 1436 968 feruntur
1481 902 1861 986 amplexum.

575 1010 678 1072 57.
753 1008 877 1074 Sed
925 1009 1073 1092 quia
1116 1010 1358 1075 bonum
1405 1013 1524 1088 est,
1581 1012 1659 1073 ut
1714 1010 1905 1074 etiarn
1961 1009 2117 1074 haec
2173 1009 2311 1080 uita
2366 1010 2561 1074 latius
2616 1009 2790 1073 inno-

427 1138 455 1176 5
483 1119 734 1180 tescens
780 1118 1152 1200 popularem
1201 1117 1470 1200 gloriam
1518 1121 1859 1196 mereatur,
1917 1116 2228 1182 iniustum
2288 1118 2389 1180 est
2433 1118 2669 1194 autem,
2718 1117 2794 1179 ut

487 1241 624 1286 eam
673 1227 1120 1306 consequatur,
1171 1225 1226 1288 si
1274 1226 1624 1288 amatorem
1674 1242 1863 1289 suum
1922 1223 2437 1288 administrandis
2498 1222 2791 1288 ecclesia·

486 1330 664 1394 sticis
705 1331 872 1396 curis
914 1334 1134 1413 aptum
1176 1334 1240 1394 et
1276 1331 1578 1396 idoneum
1618 1332 1682 1394 in
1723 1331 1851 1396 otio
1893 1330 2154 1406 detinet,
2195 1350 2310 1395 nec
2348 1329 2791 1414 gubernationi

487 1437 842 1502 communis
891 1437 1194 1504 utilitatis
1240 1437 1523 1520 inpertit.
1581 1440 1917 1521 propterea
1961 1437 2077 1501 Lia
2132 1437 2332 1502 sorori
2388 1454 2541 1500 suae
2598 1435 2790 1499 dicit:

482 1561 738 1624 parurn
789 1547 907 1606 est
951 1543 1132 1622 tibi,
1194 1543 1391 1626 quod
1435 1543 1683 1607 uirum
1728 1563 1971 1608 meum
2019 1542 2421 1625 accepisti,
2479 1543 2793 1626 insuper

397 1667 451 1706 ιο
491 1652 564 1712 et
608 1649 1182 1733 mandragorica
1226 1649 1382 1712 filii
1419 1649 1564 1714 mei
1602 1649 1722 1714 1118
1761 1649 2149 1732 accipere?
2194 1668 2308 1732 per
2343 1668 2543 1712 unum
2580 1649 2789 1713 uirum

485 1755 851 1839 significans
902 1775 1012 1821 eos
1060 1775 1302 1832 omnes,
1345 1755 1453 1838 qui
1500 1774 1647 1820 cum
1697 1755 1826 1819 sint
1874 1755 2103 1838 agendi
2147 1755 2387 1819 uirtute
2433 1755 2679 1819 habiles
2730 1758 2793 1818 et

487 1862 680 1943 digni,
731 1861 965 1942 quibus
1013 1862 1297 1945 regimen
1338 1862 1645 1927 ecclesiae
1683 1862 2140 1940 committatur,
2180 1863 2259 1926 ad
2299 1862 2793 1946 dispensandum

482 1969 629 2032 fidei
696 1972 1168 2034 sacramentum
1232 1969 1330 2033 illi
1395 1969 1647 2032 accensi
1714 1968 1928 2033 studio
1996 1969 2317 2034 doctrinae
2376 1974 2564 2052 atque
2618 1969 2791 2033 inda-

486 2075 751 2158 gandae'
776 2080 841 2141 et
889 2076 1414 2160 contemplandae
1463 2075 1811 2159 sapientiae
1860 2095 1929 2140 se
1979 2076 2054 2140 ab
2115 2075 2412 2141 omnibus
2468 2075 2791 2140 actionum

391 2199 442 2238 1⁵
484 2182 799 2248 molestiis
847 2202 1174 2248 remouere
1223 2186 1412 2267 atque
1459 2183 1522 2246 in
1573 2183 1703 2248 otio
1755 2183 2039 2247 discendi
2087 2202 2160 2248 ac
2208 2183 2476 2248 docendi
2522 2183 2790 2247 condere

483 2290 732 2356 uolunt.
781 2290 872 2354 ita
923 2309 1072 2373 ergo
1123 2290 1363 2355 dictum
1415 2293 1550 2354 est:
1600 2309 1857 2372 parum
1930 2291 2049 2354 est
2109 2290 2279 2367 tibi,
2330 2289 2527 2372 quod
2592 2309 2791 2354 acce·

401 2479 410 2486 .
480 2396 668 2481 pisti
724 2397 971 2460 uirum
1027 2416 1298 2472 meum,
1347 2398 1660 2480 insuper
1706 2400 1781 2462 et
1823 2397 2398 2480 mandragorica
2444 2396 2602 2460 filii
2649 2395 2793 2460 mei

481 2503 598 2568 uis
647 2503 1040 2586 accipere?
1087 2521 1158 2566 ac
1208 2503 1264 2567 si
1311 2503 1666 2568 diceretur:
1710 2523 1933 2586 parum
1984 2506 2102 2581 est,
2152 2501 2323 2586 quod
2368 2503 2660 2569 homines
2710 2503 2789 2566 ad

479 2609 758 2674 laborem
824 2629 1038 2674 rerum
1104 2609 1522 2693 gerendarum
1588 2610 1981 2675 necessmios
2037 2609 2101 2674 in
2159 2610 2289 2674 otio
2351 2609 2592 2674 detinet
2656 2608 2790 2672 uita

390 2737 442 2772 ευ
485 2717 865 2794 studiorum,
914 2715 1175 2799 insuper
1221 2719 1288 2780 et
1331 2717 1703 2798 popularem
1750 2716 2016 2800 gloriam
2062 2716 2378 2799 requirit?

573 2826 678 2888 58.
743 2823 1016 2887 Proinde
1062 2826 1137 2886 ut
1185 2841 1322 2887 eam
1370 2823 1538 2888 iuste
1599 2826 1919 2906 conparet,
1975 2823 2239 2906 inpertit
2284 2823 2522 2886 Rachel
2576 2821 2784 2886 uirum

486 2930 683 2994 sorori
733 2941 884 2996 suae
925 2930 1038 2994 illa
1074 2931 1282 3008 nocte,
1321 2932 1397 2994 ut
1435 2930 1684 2995 scilicet
1721 2929 1829 3012 qui
1867 2931 2109 2994 uirtute
2146 2930 2463 2995 laboriosa
2496 2928 2790 3012 regimini

482 3037 863 3120 populorum
919 3035 1389 3102 adcommodati
1444 3039 1616 3114 sunt,
1675 3037 1926 3102 etiamsi
1982 3037 2284 3102 scientiae
2340 3055 2563 3101 uacare
2621 3035 2787 3100 dele·

484 3146 723 3226 gerant,
763 3143 1119 3226 suscipiant
1165 3143 1610 3226 experientiam
1659 3144 2151 3226 temptationum
2199 3161 2615 3225 curarumque
2662 3161 2789 3207 sar-

389 3267 444 3306 25
488 3249 692 3314 cinam
736 3269 850 3333 pro
900 3249 1181 3314 utilitate
1231 3249 1574 3327 communi,
1621 3269 1699 3314 ne
1745 3250 1889 3333 ipsa
1935 3250 2223 3316 doctrina
2269 3249 2637 3332 sapientiae,
2686 3249 2790 3314 cui

485 3373 710 3420 uacare
758 3359 1142 3434 statuerunt,
1190 3355 1673 3439 blasphemetur
1725 3375 1929 3438 neque
1987 3356 2377 3440 adipiscatur
2431 3357 2508 3421 ab
2560 3355 2788 3439 inperi-

481 3461 749 3527 tioribus
798 3462 1056 3545 populis
1106 3461 1636 3527 existimationem
1682 3463 1935 3542 bonam,
1986 3463 2157 3544 quod
2201 3462 2316 3527 illa
2358 3482 2549 3546 poma
2594 3463 2787 3547 signi-

482 3569 690 3648 ficant,
742 3572 808 3633 et
853 3569 1023 3652 quod
1069 3568 1494 3633 necessarium
1544 3571 1646 3633 est
1692 3567 1769 3632 ad
1822 3568 2319 3635 exhortationem
2381 3569 2783 3634 discentium.

558 3763 578 3812 l
619 3759 832 3829 possint
867 3762 926 3825 (11
960 3775 1008 3814 8.
1045 3759 1080 3812 Ζ.
1121 3775 1158 3812 α
1193 3775 1263 3812 m.
1301 3763 1352 3826 1)
1391 3757 1443 3811 L
1570 3758 1783 3811 euitant
1825 3757 1874 3812 G
2022 3756 2364 3813 turbolentas
2402 3757 2450 3814 S
2552 3759 2587 3811 2
2626 3775 2781 3813 occu-

479 3847 726 3918 pationes
777 3850 888 3916 (pr.
939 3865 966 3901 6
1009 3863 1054 3904 3.
1102 3847 1159 3916 l.)
1209 3847 1256 3902 S
1431 3847 1464 3900 3
1515 3847 1792 3901 bruuntur
1850 3849 1960 3916 (pr.
2028 3865 2063 3902 11
2116 3865 2160 3902 8.
2211 3849 2246 3902 l.
2295 3865 2431 3903 corr.
2488 3865 2557 3904 m.
2614 3849 2673 3916 2)
2732 3847 2784 3901 L

482 3936 728 4006 amplexu
776 3939 864 4004 (ιν
911 3953 1072 4007 super
1116 3952 1151 3990 11
1197 3936 1299 3990 del.
1346 3952 1416 3990 m.
1462 3939 1522 3998 2)
1563 3933 1619 3988 L
1799 3937 1831 3988 6
1886 3953 1950 3990 ea
1988 3937 2019 3990 b
2166 3939 2237 3994 10
2272 3934 2705 4006 mandragoriam
2744 3935 2792 3991 S

481 4024 892 4096 mandragoran
937 4025 986 4096 (c
1035 4041 1105 4080 er.
1153 4029 1210 4079 et
1247 4049 1316 4070 κν
1353 4041 1471 4094 8111).
1523 4041 1555 4078 a
1604 4023 1759 4094 add.)
1804 4023 1881 4079 G²
2062 4025 2129 4079 13
2176 4023 2515 4096 indagendae
2564 4023 2793 4080 LSGM

487 4141 552 4194 16
591 4157 779 4210 parum
817 4157 884 4194 ne
924 4140 955 4193 b
1085 4141 1149 4194 17
1188 4105 1602 4210 mandragorica}
1638 4137 1687 4194 S
1806 4141 1877 4194 22
1914 4139 2085 4195 sorori
2122 4141 2167 4212 (s
2205 4143 2300 4206 er.)
2340 4140 2393 4193 L
2538 4143 2696 4210 nocte
2734 4140 2785 4192 L

481 4245 585 4297 (1116
633 4227 681 4282 S
693 4227 950 4282 GM'L1b
1130 4229 1200 4284 23
1248 4228 1525 4304 delegeret
1569 4228 1602 4282 b
1784 4231 1856 4283 24
1902 4229 2318 4300 temptationem
2364 4227 2414 4284 S
2426 4227 2477 4283 G
2692 4246 2783 4283 cu-

479 4333 762 4386 rarumque
824 4319 870 4386 (r
917 4319 1016 4373 alt.
1062 4331 1184 4386 sup.
1233 4333 1350 4385 exp.
1400 4321 1426 4371 t
1469 4331 1736 4386 superser.
1784 4318 1925 4384 uid.)
1984 4318 2032 4371 C'
2206 4317 2276 4372 26
2332 4317 2689 4388 adi-piscatur
2742 4318 2790 4373 C

479 4405 546 4456 27
588 4406 1075 4469 eexistimationem
1117 4405 1166 4460 0
