3159 4984
269 1617 320 1655 10

265 2146 318 2187 15

995 442 1128 497 1111.
1183 442 1486 499 Contra
1540 443 2052 499 Adimantum.
2525 446 2651 510 137

357 639 568 721 itaque
615 639 672 703 si
717 640 984 705 maritus
1033 644 1206 705 esset
1249 659 1362 723 per
1407 658 1476 705 se
1521 640 1737 723 ipsum
1784 641 2013 705 beatus
2052 644 2117 705 et
2154 640 2553 723 omnipotens
2594 642 2659 703 et

359 745 586 814 iustus,
635 745 772 810 sine
822 746 955 811 ullo
1005 746 1289 812 cruciatu
1341 750 1405 811 et
1449 750 1587 812 tota
1634 747 1939 811 facilitate
1990 751 2055 811 et
2100 747 2277 810 nulla
2322 745 2657 828 iniquitate

359 854 688 935 peccatum
737 852 1026 936 coniugis
1075 853 1445 918 uindicaret.
1497 873 1687 936 quam
1734 857 1946 919 tamen
1996 852 2134 917 eius
2182 853 2495 919 actionem
2544 852 2657 916 hu-

359 977 540 1022 mano
589 959 890 1041 loquendi
936 959 1126 1024 modo
1175 959 1428 1023 etiamsi
1472 980 1596 1026 non
1644 960 1913 1043 proprie.
1974 960 2279 1024 translate
2334 963 2546 1023 tamen
2596 963 2661 1023 et

361 1067 524 1129 recte
573 1065 780 1129 zelum
838 1084 1154 1131 uocarem.
1221 1066 1364 1147 quis
1417 1066 1587 1129 enim
1616 1066 1825 1130 Tullio
1885 1066 2309 1131 calumniatus
2370 1070 2487 1142 est,
2549 1066 2657 1147 qui

361 1175 524 1235 certe
571 1175 834 1236 nouerat
880 1173 1076 1237 latine
1123 1173 1320 1254 loqui.
1371 1192 1518 1236 cum
1567 1173 1657 1237 ait
1696 1172 1985 1237 Caesari:
2036 1174 2245 1237 nulla
2294 1172 2377 1237 de
2426 1172 2659 1236 uirtu-

359 1277 566 1343 tibus
613 1278 772 1342 tuis
819 1296 952 1342 nec
1001 1278 1530 1343 admirabilior
1589 1298 1722 1343 nec
1781 1280 2074 1364 gratior
2131 1278 2661 1344 misericordia

363 1387 514 1448 est?
583 1387 648 1449 et
691 1388 906 1450 tamen
955 1405 1025 1449 ex
1075 1406 1147 1451 eo
1198 1386 1579 1469 appellatam
1636 1386 2135 1463 misericordiam
2194 1386 2432 1455 dicunt.
2491 1386 2661 1467 quod

361 1491 660 1555 miserum
737 1510 844 1557 cor
908 1494 1100 1557 faciat
1164 1493 1437 1557 dolentis
1507 1493 1711 1557 aliena
1776 1493 2049 1557 miseria.
2127 1492 2435 1575 numquid
2510 1512 2659 1576 ergo

359 1599 564 1663 uirtus
637 1598 942 1663 miserum
1020 1619 1128 1665 cor
1200 1600 1402 1665 facit?
1479 1600 1631 1682 quid
1708 1618 1855 1683 ergo
1936 1600 2345 1664 calumniosis
2410 1599 2659 1664 Tullius

359 1706 786 1788 responderet.
835 1706 958 1770 nisi
997 1706 1462 1771 misericordiae.
1501 1708 1755 1771 nomine
1796 1706 2197 1771 clementiam
2236 1726 2304 1771 se
2344 1706 2661 1789 appellare

362 1813 696 1878 uoluisse?
747 1813 1044 1895 quoniam
1091 1816 1262 1877 recte
1311 1814 1593 1877 solemus
1640 1812 1819 1894 loqui
1864 1832 1985 1877 non
2036 1814 2245 1877 solum
2293 1812 2661 1895 uerba-pro-

358 1919 512 2001 pria,
562 1917 675 1983 sed
725 1920 916 1983 etiam
963 1919 1173 1984 uicina
1223 1923 1623 2002 usurpantes,
1692 1920 1875 1983 cuius
1936 1920 2213 1985 auctoris
2272 1920 2661 1983 mentionem

359 2027 563 2091 facere
611 2027 810 2101 uolui.
861 2027 1156 2109 quoniam
1205 2046 1327 2091 non
1378 2027 1454 2091 de
1503 2045 1566 2090 re
1630 2027 1919 2109 quaestio
1980 2028 2089 2091 sed
2153 2027 2229 2091 de
2288 2028 2483 2091 uerbo
2542 2029 2660 2092 est.

363 2133 532 2197 sicut
577 2134 746 2199 enim
795 2135 994 2199 nostri
1052 2136 1364 2199 auctores,
1427 2133 1785 2198 diuinarum
1844 2134 2091 2199 scilicet·
2148 2134 2525 2199 litterarum.
2585 2133 2661 2197 de

359 2242 550 2305 rebus
597 2230 866 2305 maxime
915 2241 1376 2324 cogitauerunt.
1437 2241 1531 2305 sic
1577 2240 2039 2305 mundanorum
2089 2243 2421 2305 auctorum
2467 2258 2661 2323 prope

361 2348 568 2412 omnis
617 2366 767 2413 cura
815 2347 890 2412 de
950 2348 1162 2412 uerbis
1221 2350 1338 2413 est.
1408 2347 1521 2412 sed
1577 2348 1780 2413 habeo
1841 2348 2241 2431 euangelium
2312 2349 2377 2411 et
2440 2366 2661 2411 omnes

360 2454 512 2519 noui
538 2455 908 2519 testamenti
937 2454 1153 2522 libros.
1185 2454 1247 2518 in
1279 2454 1511 2536 quibus
1543 2454 1971 2519 misericordia
2012 2454 2113 2519 dei
2148 2454 2660 2537 frequentissime

360 2560 860 2625 commendatur.
933 2562 988 2625 si
1035 2562 1272 2625 audent
1318 2580 1466 2645 ergo
1514 2562 1627 2626 isti
1680 2560 1919 2635 miseri,
1977 2560 2167 2625 etiam
2224 2560 2369 2625 inde
2424 2561 2663 2625 faciant

359 2667 798 2749 quaestionem
847 2670 912 2731 et
957 2670 1192 2751 negent
1238 2686 1378 2732 esse
1425 2667 1895 2732 misericordem
1954 2666 2164 2743 deum,
2222 2685 2299 2731 ne
2354 2667 2659 2731 miserum

362 2791 472 2838 cor
516 2772 750 2837 habere
797 2772 1224 2857 intellegatur.
1283 2773 1452 2838 sicut
1499 2792 1647 2857 ergo
1692 2776 1907 2856 potest
1952 2792 2092 2838 esse
2138 2773 2201 2837 in
2252 2772 2370 2838 deo
2416 2773 2660 2837 miseri-

363 2878 574 2944 cordia
622 2879 756 2945 sine
807 2878 1014 2945 cordis
1059 2879 1332 2948 miseria.
1382 2879 1474 2945 sic
1523 2880 1717 2944 etiam
1763 2880 1897 2945 sine
1944 2880 2091 2944 tabe
2138 2884 2327 2963 atque
2376 2879 2661 2945 cruciatu

362 2984 552 3049 animi
602 2986 808 3050 zelum
859 2985 960 3051 dei
1007 3006 1129 3051 non
1179 2986 1599 3070 dedignemur
1635 2986 1917 3069 accipere
1954 2990 2019 3051 et
2055 2985 2317 3050 humani
2354 2984 2661 3050 sermonis

363 3091 796 3157 condicionem
841 3092 1141 3167 seramus,
1189 3095 1264 3156 ut
1327 3092 1404 3157 ad
1463 3092 1751 3158 diuinum
1807 3092 2252 3175 perueniamus
2310 3092 2657 3157 silentium.

363 3196 472 3261 sed
520 3197 576 3263 si
623 3199 934 3263 contraria
982 3198 1204 3263 dicunt
1251 3218 1390 3263 esse
1438 3199 1749 3263 zelantem
1798 3199 1989 3263 deum
2036 3202 2101 3263 et
2145 3198 2391 3263 iustum
2448 3198 2658 3275 deum,

363 3304 513 3386 quid
545 3304 790 3384 ,dicturi
839 3310 1008 3375 sunt.
1059 3324 1204 3369 cum
1255 3308 1320 3369 et
1362 3305 1428 3369 in
1475 3324 1643 3370 nouo
1690 3307 2077 3371 testamento
2130 3305 2427 3370 inuenio:
2496 3305 2657 3370 zelo

363 3408 480 3488 dei
525 3430 662 3475 uos
710 3411 870 3475 zelo
921 3414 984 3475 et
1031 3410 1386 3474 adhibitum
1434 3410 1628 3475 etiam
1686 3410 1763 3475 de
1820 3411 2147 3477 ueteribus
2203 3412 2267 3476 in
2325 3411 2657 3494 euangelio

539 3628 660 3698 ep.
703 3626 1098 3697 Q.Lig.§38
1207 3625 1529 3681 2611cor.
1574 3628 1656 3686 11.
1696 3628 1727 3680 2

571 3770 612 3803 dl

429 3815 462 3869 3
499 3812 838 3917 uincaretfflP²
936 3815 970 3867 5
989 3813 1344 3879 calomniatus
1363 3814 1438 3869 Ρ2
1457 3800 1853 3884 calumpniatus
1881 3813 1985 3867 01
2088 3813 2120 3865 6
2142 3813 2309 3866 cesari
2332 3812 2385 3865 P
2494 3812 2523 3865 7
2545 3811 2657 3866 tuis

357 3946 459 3985 om.
495 3930 550 3983 P
693 3928 1082 3999 ammirabilior
1113 3928 1166 3984 G
1275 3930 1308 3983 9
1345 3927 1629 3999 numquid]
1668 3928 1910 3999 nonquid
1958 3928 2007 3979 1
2115 3927 2182 3981 10
2220 3926 2411 3982 tullius
2453 3926 2655 4031 calum-

356 4044 562 4115 pniosis
608 4045 889 4100 1’11
934 4062 1022 4112 me
1061 4045 1276 4099 nornine
1314 4044 1370 4099 P
1413 4088 1418 4091 .
1533 4045 1599 4097 14
1638 4044 1885 4113 quaestio
1924 4044 2011 4097 hic
2055 4043 2107 4097 T
2122 4042 2220 4097 OS
2240 4044 2287 4097 Γ
2324 4043 2373 4099 b.
2415 4041 2557 4109 (hoc)
2604 4040 2657 4095 G

358 4160 426 4215 17
465 4162 612 4215 omni
648 4163 702 4216 Ρ
734 4158 910 4275 omnis
951 4164 1000 4226 (e
1038 4161 1100 4213 in
1137 4161 1154 4214 i
1195 4164 1352 4227 corr.)
1399 4158 1450 4214 G
1614 4159 1683 4214 20
1721 4176 1818 4213 nec
1871 4159 1917 4209 Γ
2100 4158 2165 4213 21
2207 4158 2264 4213 in
2303 4156 2401 4213 deo
2444 4173 2560 4213 esse
2608 4155 2661 4209 V

357 4274 430 4329 22
467 4278 633 4331 etiam
670 4276 872 4354 habeat
909 4293 968 4360 q.
1008 4276 1247 4330 cruciatu
1287 4274 1362 4328 P²
1542 4275 1613 4329 23
1649 4274 1871 4328 humani
1910 4272 2278 4328 condicionem
2318 4271 2579 4327 sermonis
2620 4270 2653 4323 b

357 4364 432 4419 24
465 4364 546 4435 ut]
587 4369 642 4421 et
679 4346 734 4419 P
841 4362 908 4419 27
949 4365 1022 4434 et]
1064 4366 1152 4419 uel
1195 4364 1492 4420 GTGSVb
