3159 4984
456 469 540 528 40
1153 461 1205 515 S.
1261 461 1537 515 Aureli
1593 461 2031 531 Augustini

455 676 578 721 nou
645 658 723 732 ei,
793 649 932 721 sed⁴
969 657 1122 734 illis,
1191 657 1299 738 qui
1366 676 1504 720 eam
1568 657 1911 739 proferunt,
1979 658 2271 722 creditur.
2341 659 2751 740 quamobrem

462 763 809 847 scripturas
856 763 1015 828 istas
1064 763 1120 828 si
1165 782 1284 828 uos
1330 764 1644 846 prosertiS,
1693 767 1826 842 tam
1880 764 2067 847 pauci
2125 768 2188 828 et
2240 764 2569 849 incogniti,
2627 785 2751 830 non

457 870 618 934 libet
683 869 954 934 credere.
1032 869 1226 934 simul
1292 869 1482 934 etiam
1550 873 1769 934 contra
1838 871 2223 955 promissum
2290 871 2499 936 facitis
2562 871 2754 935 fidem

455 976 672 1060 potius
742 977 1110 1060 imperando
1185 997 1376 1059 quam
1440 977 1757 1042 reddendo
1822 977 2150 1042 rationem.
2223 997 2443 1043 rursus
2507 998 2609 1042 me
2676 978 2756 1042 ad

457 1083 938 1148 multitudinem
984 1083 1342 1166 famamque
1388 1084 1740 1149 reuocabis.
1791 1084 2015 1150 cohibe
2052 1085 2308 1149 tandem
2344 1084 2755 1168 pertinaciam
2820 1105 2849 1146 5

461 1193 527 1252 et
579 1190 794 1256 nescio
855 1209 1042 1272 quam
1100 1189 1474 1254 indomitam
1529 1189 1919 1274 propagandi
1978 1191 2249 1255 nominis
2305 1190 2635 1255 libidinem
2693 1194 2757 1255 et

459 1315 647 1361 mone
669 1297 904 1379 potius,
927 1300 1001 1361 ut
1027 1297 1219 1361 huius
1249 1298 1680 1362 multitudinis
1708 1298 2011 1381 primates
2043 1317 2333 1380 quaeram
2368 1301 2434 1364 et
2460 1317 2755 1382 quaeram

461 1402 950 1486 diligentissime
991 1421 1064 1468 ac
1099 1402 1619 1477 laboriosissime,
1651 1407 1727 1467 ut
1764 1404 1841 1467 ab
1880 1404 1981 1468 his
2017 1405 2234 1486 potius
2274 1404 2350 1469 de
2388 1403 2487 1469 his
2525 1405 2756 1468 litteris

460 1508 703 1591 aliquid
768 1509 1029 1586 discam,
1098 1510 1205 1592 qui
1263 1511 1317 1574 si
1373 1531 1498 1576 non
1556 1515 1790 1588 essent,
1858 1511 2227 1576 discendum
2298 1513 2550 1577 omnino
2616 1531 2759 1577 esse

459 1615 790 1680 nescirem.
839 1619 912 1680 tu
960 1635 1112 1681 uero
1159 1617 1224 1680 in
1260 1618 1535 1682 latebras
1573 1621 1719 1682 tuas
1756 1617 1892 1682 redi
1929 1637 2044 1682 nec
2083 1619 2421 1701 quicquam
2458 1618 2757 1684 insidiare
2798 1639 2853 1678 ιο

463 1722 580 1787 sub
630 1722 882 1786 nomine
929 1723 1243 1801 ueritatis,
1294 1743 1484 1806 quam
1524 1724 1767 1789 conaris
1810 1725 1901 1789 eis
1941 1725 2233 1800 adimere,
2275 1724 2504 1807 quibus
2544 1728 2757 1790 aucto-

457 1828 710 1892 ritatem
755 1826 894 1910 ipse
944 1828 1259 1894 concedis.

562 1936 666 1998 32.
747 1933 813 1999 Si
879 1937 1093 1997 autem
1154 1934 1404 2000 Christo
1472 1935 1665 1999 etiam
1734 1936 2115 2000 credendum
2179 1938 2431 2020 negant,
2488 1936 2612 2000 nisi
2669 1937 2759 2000 in-

475 2041 766 2105 dubitata
809 2041 968 2105 ratio
1018 2040 1262 2104 reddita
1307 2041 1518 2116 fuerit,
1569 2040 1899 2106 christiani
1945 2061 2069 2106 non
2118 2046 2286 2106 sunt.
2352 2061 2497 2106 nam
2543 2042 2611 2106 id
2656 2043 2751 2107 ad·

461 2164 688 2211 uersus
735 2165 852 2211 nos
896 2147 1124 2230 pagani
1171 2146 1430 2228 quidam
1479 2147 1719 2226 dicunt,
1762 2149 1959 2212 stulte
1998 2148 2277 2230 quidem,
2326 2148 2437 2213 sed
2476 2167 2600 2214 non
2640 2149 2759 2213 sibi
2796 2169 2845 2210 15

469 2251 721 2316 aduersi
767 2270 886 2316 nec
930 2255 1374 2336 repugnant-es.
1433 2253 1550 2318 hos
1598 2273 1750 2319 uero
1800 2254 1942 2337 quis
1988 2254 2149 2320 ferat
2194 2255 2273 2319 ad
2321 2255 2641 2320 Christum
2692 2274 2760 2320 se

468 2359 780 2442 pertinere
827 2357 1126 2440 profiteri,
1175 2359 1286 2440 qui
1341 2359 1464 2424 nisi
1519 2360 1986 2443 apertissimam
2040 2360 2351 2424 rationem
2408 2361 2627 2426 stultis
2685 2361 2760 2425 de

469 2464 584 2529 deo
640 2463 1037 2546 protulerint,
1095 2464 1255 2529 nihil
1309 2464 1691 2530 credendum
1740 2485 1879 2531 esse
1930 2467 2365 2532 contendunt?
2432 2470 2499 2532 at
2551 2467 2763 2551 ipsum

469 2569 785 2647 uidemuS,
836 2571 1144 2650 quantum
1190 2569 1322 2646 illa,
1373 2571 1477 2635 cui
1527 2575 1593 2636 et
1624 2572 1748 2655 ipsi
1788 2572 2041 2650 cedunt,
2083 2572 2270 2638 docet
2306 2573 2572 2639 historia
2608 2573 2764 2637 nihil

466 2679 642 2761 prius
689 2695 894 2758 neque
932 2675 1160 2740 fortius
1199 2695 1389 2758 quam
1429 2677 1599 2741 credi
1638 2678 1760 2742 sibi
1797 2679 2118 2742 uoluisse:
2170 2696 2316 2743 cum
2351 2680 2450 2744 illi
2486 2681 2765 2745 nondum
2798 2701 2855 2740 »ο

410 2858 419 2866 .
471 2786 688 2848 essent
732 2782 962 2860 idonei,
1015 2800 1158 2846 cum
1209 2783 1440 2864 quibus
1490 2783 1547 2846 ei
1594 2803 1695 2848 res
1744 2786 1933 2862 esset,
1984 2784 2062 2848 ad
2111 2784 2325 2849 diuina
2366 2786 2768 2869 percipienda

471 2895 734 2957 secreta.
786 2889 938 2973 quid
987 2890 1154 2954 enim
1203 2889 1377 2953 aliud
1427 2894 1625 2974 agunt
1670 2894 1849 2954 tanta
1896 2894 1961 2955 et
2004 2894 2135 2955 tam
2181 2892 2387 2956 multa
2438 2893 2765 2970 miracula,

472 2996 614 3080 ipso
665 2995 858 3059 etiam
908 2994 1154 3060 dicente
1201 2995 1316 3059 illa
1361 2995 1498 3060 fieri
1543 3016 1667 3061 non
1718 2998 1795 3061 ob
1848 2997 2039 3075 aliud,
2096 2997 2218 3062 nisi
2266 3000 2343 3060 ut
2386 2999 2511 3062 sibi
2558 2999 2767 3064 crede-

466 3105 641 3167 retur
663 3106 693 3166 ?
741 3101 864 3166 fide
912 3101 1022 3167 ille
1073 3104 1310 3168 stultos
1360 3103 1652 3181 ducebat,
1693 3122 1810 3169 uos
1850 3103 2091 3168 ratione
2132 3103 2403 3180 ducitis3
2454 3105 2771 3171 clamabat

472 3209 606 3286 ille,
665 3212 738 3272 ut
795 3208 1174 3288 crederetur,
1232 3229 1352 3275 uos
1407 3210 1805 3286 reclamatis;
1872 3210 2177 3274 laudabat
2241 3209 2569 3276 credentes
2632 3213 2765 3292 ille,
2805 3231 2856 3273 πε

469 3334 589 3382 uos
630 3314 1003 3399 obiurgatiS.
1051 3315 1175 3380 nisi
1223 3335 1374 3381 uero
1423 3319 1536 3380 aut
1577 3317 1643 3381 in
1690 3316 1913 3395 uinum
1960 3335 2188 3398 aquam
2237 3321 2653 3393 conuerteret,
2692 3323 2769 3385 ut

471 3421 597 3486 alia
645 3421 957 3498 omittam,
1017 3421 1070 3486 si
1128 3421 1286 3486 nihil
1341 3422 1469 3486 tale
1524 3422 1861 3488 facientem
1920 3422 2032 3487 sed
2088 3421 2419 3488 docentem
2474 3423 2766 3489 homines

639 3637 709 3692 26
747 3638 812 3694 cf.
851 3637 969 3693 1011.
1009 3639 1059 3706 2,
1101 3639 1240 3694 7—9

535 3807 560 3860 1
581 3773 818 3878 ,psci-{nt
835 3810 914 3861 m²
940 3807 1220 3878 proferant
1247 3807 1296 3860 V
1403 3809 1435 3861 2
1463 3809 1599 3862 istas
1628 3807 1921 3878 scripturas
1954 3807 2055 3862 Vm
2164 3809 2195 3862 5
2225 3765 2376 3863 oolibe
2395 3825 2441 3877 p
2471 3808 2689 3863 cohibet
2704 3809 2773 3862 M

457 3896 490 3948 6
527 3895 781 3965 nominis]
817 3895 1051 3950 hominis
1086 3895 1168 3951 Ch
1297 3897 1328 3950 7
1365 3899 1545 3966 mone]
1579 3896 1812 3950 modone
1848 3896 1931 3951 Ch
2056 3897 2089 3951 9
2128 3897 2361 3968 aliquid]
2395 3897 2479 3951 ita
2516 3895 2649 3967 quid
2684 3897 2769 3951 Oh

457 4009 526 4064 10
563 3977 784 4065 nescir}
815 4011 856 4064 S
908 4011 1197 4115 quiquaM
1267 4013 1335 4066 14
1369 4029 1557 4068 uersus
1598 4005 1651 4065 V
1737 4013 1805 4065 15
1842 4013 2069 4083 paganis
2105 4011 2187 4065 Ch
2299 4013 2365 4066 16
2404 4011 2647 4067 aduersis
2682 4011 2767 4066 Ch

460 4123 526 4179 18
583 4127 662 4194 at]
708 4126 780 4180 ad
814 4125 898 4179 012
942 4126 1011 4180 ad
1039 4125 1096 4178 P
1206 4127 1272 4180 19
1330 4127 1528 4197 cedunt
1555 4127 1628 4180 M
1732 4126 1801 4181 20
1856 4128 2085 4196 primum
2126 4126 2175 4180 V
2280 4128 2345 4181 21
2388 4127 2460 4198 ei]
2500 4127 2579 4180 eis
2610 4127 2763 4182 SVm

455 4213 526 4266 22
575 4213 724 4268 aliud
781 4231 883 4270 om.
924 4215 978 4268 V
1093 4218 1151 4269 et
1185 4218 1300 4270 tam
1337 4231 1440 4270 om.
1476 4216 1560 4270 Ch
1742 4215 1811 4269 23
1868 4214 2148 4270 crederent
2188 4215 2237 4266 V
2453 4215 2523 4269 24
2561 4215 2763 4268 stultus

454 4299 753 4356 ducebatur
784 4303 868 4358 oh
977 4304 1044 4357 25
1083 4302 1462 4358 reclamabatis
1497 4302 1578 4357 Oh
1688 4303 1757 4356 26
1796 4300 2083 4373 obrugatio
2104 4302 2187 4356 oh
2250 4319 2394 4372 aqua.
2426 4304 2679 4370 (meras.)
2709 4301 2764 4354 P

453 4391 521 4444 27
559 4390 845 4446 homittam
881 4391 963 4447 Ch
1002 4391 1288 4446 obmittam
1327 4391 1378 4444 V
1482 4391 1829 4447 seducentem
1862 4391 1945 4446 Oh
