<?xml version="1.0" encoding="UTF-8"?>
<!DOCTYPE html PUBLIC "-//W3C//DTD XHTML 1.0 Transitional//EN"
    "http://www.w3.org/TR/xhtml1/DTD/xhtml1-transitional.dtd">
<html xmlns="http://www.w3.org/1999/xhtml" xml:lang="en" lang="en">
 <head>
  <title>
</title>
<meta http-equiv="Content-Type" content="text/html;charset=utf-8" />
  <meta name='ocr-system' content='tesseract 3.04.00' />
  <meta name='ocr-capabilities' content='ocr_page ocr_carea ocr_par ocr_line ocrx_word'/>
</head>
<body>
  <div class='ocr_page' id='page_1' title='image "./corpusscriptoru27wissgoog_0341.png"; bbox 0 0 3159 4984; ppageno 0'>
   <div class='ocr_carea' id='block_1_1' title="bbox 968 425 2732 493">
    <p class='ocr_par' dir='ltr' id='par_1_1' title="bbox 968 425 2732 493">
     <span class='ocr_line' id='line_1_1' title="bbox 968 425 2732 493; baseline 0.001 -13"><span class='ocrx_word' id='word_1_1' title='bbox 968 427 1057 483; x_wconf 85' lang='lat' dir='ltr'>VI.</span> <span class='ocrx_word' id='word_1_2' title='bbox 1116 426 1411 483; x_wconf 85' lang='lat' dir='ltr'>Contra</span> <span class='ocrx_word' id='word_1_3' title='bbox 1467 425 1838 480; x_wconf 84' lang='lat' dir='ltr'>Faustum</span> <span class='ocrx_word' id='word_1_4' title='bbox 1894 426 2027 479; x_wconf 89' lang='lat' dir='ltr'>lib.</span> <span class='ocrx_word' id='word_1_5' title='bbox 2085 426 2206 481; x_wconf 83' lang='lat' dir='ltr'>XII.</span> <span class='ocrx_word' id='word_1_6' title='bbox 2601 428 2732 493; x_wconf 84' lang='lat'>333</span> 
     </span>
    </p>
   </div>
   <div class='ocr_carea' id='block_1_2' title="bbox 338 621 2742 3696">
    <p class='ocr_par' dir='ltr' id='par_1_2' title="bbox 338 621 2742 3696">
     <span class='ocr_line' id='line_1_2' title="bbox 440 621 2732 707; baseline -0.002 -18"><span class='ocrx_word' id='word_1_7' title='bbox 440 644 607 700; x_wconf 91' lang='lat' dir='ltr'>eum,</span> <span class='ocrx_word' id='word_1_8' title='bbox 666 642 857 707; x_wconf 89' lang='lat' dir='ltr'>quem</span> <span class='ocrx_word' id='word_1_9' title='bbox 911 624 1435 707; x_wconf 87' lang='lat' dir='ltr'>praedicauerunt</span> <span class='ocrx_word' id='word_1_10' title='bbox 1490 624 1784 706; x_wconf 86' lang='lat' dir='ltr'>apostoli,</span> <span class='ocrx_word' id='word_1_11' title='bbox 1843 622 1956 687; x_wconf 91' lang='lat' dir='ltr'>sed</span> <span class='ocrx_word' id='word_1_12' title='bbox 2011 643 2198 688; x_wconf 88' lang='lat' dir='ltr'>suum</span> <span class='ocrx_word' id='word_1_13' title='bbox 2252 621 2576 706; x_wconf 89' lang='lat' dir='ltr'>proprium</span> <span class='ocrx_word' id='word_1_14' title='bbox 2621 622 2732 685; x_wconf 90' lang='lat' dir='ltr'>fal-</span> 
     </span>
     <span class='ocr_line' id='line_1_3' title="bbox 440 728 2735 814; baseline -0.001 -21"><span class='ocrx_word' id='word_1_15' title='bbox 440 730 645 794; x_wconf 82' lang='lat' dir='ltr'>lacem</span> <span class='ocrx_word' id='word_1_16' title='bbox 689 729 1019 807; x_wconf 78' lang='lat' dir='ltr'><strong>fallaciter,</strong></span> <span class='ocrx_word' id='word_1_17' title='bbox 1069 730 1251 795; x_wconf 90' lang='lat' dir='ltr'>cuius</span> <span class='ocrx_word' id='word_1_18' title='bbox 1296 729 1596 794; x_wconf 88' lang='lat' dir='ltr'>falsitatis</span> <span class='ocrx_word' id='word_1_19' title='bbox 1643 732 1990 794; x_wconf 75' lang='lat' dir='ltr'>sectatores</span> <span class='ocrx_word' id='word_1_20' title='bbox 2038 734 2456 814; x_wconf 76' lang='lat' dir='ltr'>congruenter</span> <span class='ocrx_word' id='word_1_21' title='bbox 2502 731 2567 793; x_wconf 93' lang='lat' dir='ltr'>et</span> <span class='ocrx_word' id='word_1_22' title='bbox 2611 728 2735 811; x_wconf 90' lang='lat' dir='ltr'>ipsi</span> 
     </span>
     <span class='ocr_line' id='line_1_4' title="bbox 442 836 2734 919; baseline -0 -20"><span class='ocrx_word' id='word_1_23' title='bbox 442 836 856 913; x_wconf 85' lang='lat' dir='ltr'>mentiuntur,</span> <span class='ocrx_word' id='word_1_24' title='bbox 914 836 1039 902; x_wconf 87' lang='lat' dir='ltr'>nisi</span> <span class='ocrx_word' id='word_1_25' title='bbox 1094 836 1264 919; x_wconf 87' lang='lat' dir='ltr'>quod</span> <span class='ocrx_word' id='word_1_26' title='bbox 1319 836 1697 919; x_wconf 88' lang='lat' dir='ltr'>inpudenter</span> <span class='ocrx_word' id='word_1_27' title='bbox 1753 836 1876 901; x_wconf 91' lang='lat' dir='ltr'>sibi</span> <span class='ocrx_word' id='word_1_28' title='bbox 1933 836 2106 901; x_wconf 90' lang='lat' dir='ltr'>credi</span> <span class='ocrx_word' id='word_1_29' title='bbox 2159 836 2405 909; x_wconf 91' lang='lat' dir='ltr'>uolunt,</span> <span class='ocrx_word' id='word_1_30' title='bbox 2464 854 2610 901; x_wconf 91' lang='lat' dir='ltr'>cum</span> <span class='ocrx_word' id='word_1_31' title='bbox 2667 854 2734 899; x_wconf 88' lang='lat' dir='ltr'>se</span> 
     </span>
     <span class='ocr_line' id='line_1_5' title="bbox 444 940 2735 1026; baseline -0 -20"><span class='ocrx_word' id='word_1_32' title='bbox 444 943 810 1007; x_wconf 91' lang='lat' dir='ltr'>mentientis</span> <span class='ocrx_word' id='word_1_33' title='bbox 858 940 1205 1026; x_wconf 86' lang='lat' dir='ltr'>discipulos</span> <span class='ocrx_word' id='word_1_34' title='bbox 1254 962 1395 1008; x_wconf 90' lang='lat' dir='ltr'>esse</span> <span class='ocrx_word' id='word_1_35' title='bbox 1440 942 1888 1026; x_wconf 84' lang='lat' dir='ltr'>profiteantur:</span> <span class='ocrx_word' id='word_1_36' title='bbox 1957 943 2225 1026; x_wconf 88' lang='lat' dir='ltr'>contigit</span> <span class='ocrx_word' id='word_1_37' title='bbox 2279 942 2392 1019; x_wconf 90' lang='lat' dir='ltr'>eis,</span> <span class='ocrx_word' id='word_1_38' title='bbox 2440 942 2612 1025; x_wconf 90' lang='lat' dir='ltr'>quod</span> <span class='ocrx_word' id='word_1_39' title='bbox 2658 940 2735 1005; x_wconf 90' lang='lat' dir='ltr'>de</span> 
     </span>
     <span class='ocr_line' id='line_1_6' title="bbox 372 1049 2734 1133; baseline 0.003 -20"><span class='ocrx_word' id='word_1_40' title='bbox 372 1067 406 1105; x_wconf 59' lang='grc' dir='ltr'>ὁ</span> <span class='ocrx_word' id='word_1_41' title='bbox 443 1049 601 1132; x_wconf 90' lang='lat' dir='ltr'>ipsis</span> <span class='ocrx_word' id='word_1_42' title='bbox 629 1050 994 1116; x_wconf 88' lang='lat' dir='ltr'>infidelibus</span> <span class='ocrx_word' id='word_1_43' title='bbox 1026 1050 1279 1115; x_wconf 88' lang='lat' dir='ltr'>Iudaeis</span> <span class='ocrx_word' id='word_1_44' title='bbox 1311 1050 1465 1114; x_wconf 88' lang='lat' dir='ltr'>dicit</span> <span class='ocrx_word' id='word_1_45' title='bbox 1494 1050 1854 1133; x_wconf 83' lang='lat' dir='ltr'>apostolus:</span> <span class='ocrx_word' id='word_1_46' title='bbox 1895 1067 2058 1114; x_wconf 91' lang='lat' dir='ltr'>cum</span> <span class='ocrx_word' id='word_1_47' title='bbox 2095 1050 2385 1133; x_wconf 89' lang='lat' dir='ltr'>legitur</span> <span class='ocrx_word' id='word_1_48' title='bbox 2411 1050 2734 1131; x_wconf 73' lang='lat' dir='ltr'>Moyses,</span> 
     </span>
     <span class='ocr_line' id='line_1_7' title="bbox 441 1156 2737 1241; baseline -0 -21"><span class='ocrx_word' id='word_1_49' title='bbox 441 1158 787 1222; x_wconf 90' lang='lat' dir='ltr'>uelamen</span> <span class='ocrx_word' id='word_1_50' title='bbox 836 1161 953 1223; x_wconf 89' lang='lat' dir='ltr'>est</span> <span class='ocrx_word' id='word_1_51' title='bbox 1000 1176 1228 1241; x_wconf 88' lang='lat' dir='ltr'>super</span> <span class='ocrx_word' id='word_1_52' title='bbox 1274 1176 1399 1225; x_wconf 92' lang='grc'>001</span> <span class='ocrx_word' id='word_1_53' title='bbox 1443 1176 1726 1232; x_wconf 84' lang='grc'>00111111;</span> <span class='ocrx_word' id='word_1_54' title='bbox 1785 1175 1991 1240; x_wconf 91' lang='lat' dir='ltr'>neque</span> <span class='ocrx_word' id='word_1_55' title='bbox 2039 1156 2206 1220; x_wconf 91' lang='lat' dir='ltr'>enim</span> <span class='ocrx_word' id='word_1_56' title='bbox 2253 1156 2574 1220; x_wconf 85' lang='lat' dir='ltr'>auferetur</span> <span class='ocrx_word' id='word_1_57' title='bbox 2617 1156 2737 1219; x_wconf 90' lang='lat' dir='ltr'>hoc</span> 
     </span>
     <span class='ocr_line' id='line_1_8' title="bbox 443 1258 2740 1348; baseline -0.001 -21"><span class='ocrx_word' id='word_1_58' title='bbox 443 1264 756 1341; x_wconf 88' lang='lat' dir='ltr'>uelamen,</span> <span class='ocrx_word' id='word_1_59' title='bbox 820 1284 932 1348; x_wconf 87' lang='lat' dir='ltr'>per</span> <span class='ocrx_word' id='word_1_60' title='bbox 998 1264 1170 1347; x_wconf 88' lang='lat' dir='ltr'>quod</span> <span class='ocrx_word' id='word_1_61' title='bbox 1234 1258 1357 1329; x_wconf 83' lang='grc'>11011</span> <span class='ocrx_word' id='word_1_62' title='bbox 1410 1264 1797 1347; x_wconf 86' lang='lat' dir='ltr'>intellegunt</span> <span class='ocrx_word' id='word_1_63' title='bbox 1846 1264 2134 1347; x_wconf 81' lang='lat' dir='ltr'>Moysen,</span> <span class='ocrx_word' id='word_1_64' title='bbox 2199 1262 2324 1327; x_wconf 89' lang='lat' dir='ltr'>nisi</span> <span class='ocrx_word' id='word_1_65' title='bbox 2377 1261 2740 1327; x_wconf 84' lang='lat' dir='ltr'>transierint</span> 
     </span>
     <span class='ocr_line' id='line_1_9' title="bbox 444 1368 2737 1453; baseline -0.001 -20"><span class='ocrx_word' id='word_1_66' title='bbox 444 1370 525 1434; x_wconf 88' lang='lat' dir='ltr'>ad</span> <span class='ocrx_word' id='word_1_67' title='bbox 571 1369 915 1448; x_wconf 84' lang='lat' dir='ltr'>Christum,</span> <span class='ocrx_word' id='word_1_68' title='bbox 972 1389 1097 1437; x_wconf 89' lang='lat' dir='ltr'>non</span> <span class='ocrx_word' id='word_1_69' title='bbox 1154 1371 1408 1453; x_wconf 90' lang='lat' dir='ltr'>qualem</span> <span class='ocrx_word' id='word_1_70' title='bbox 1461 1370 1588 1452; x_wconf 85' lang='lat' dir='ltr'>ipsi</span> <span class='ocrx_word' id='word_1_71' title='bbox 1641 1369 1972 1448; x_wconf 86' lang='lat' dir='ltr'>finxerunt,</span> <span class='ocrx_word' id='word_1_72' title='bbox 2039 1369 2151 1434; x_wconf 88' lang='lat' dir='ltr'>sed</span> <span class='ocrx_word' id='word_1_73' title='bbox 2210 1368 2464 1451; x_wconf 91' lang='lat' dir='ltr'>qualem</span> <span class='ocrx_word' id='word_1_74' title='bbox 2526 1370 2737 1451; x_wconf 90' lang='lat' dir='ltr'>patres</span> 
     </span>
     <span class='ocr_line' id='line_1_10' title="bbox 446 1475 2738 1561; baseline -0.001 -21"><span class='ocrx_word' id='word_1_75' title='bbox 446 1477 719 1541; x_wconf 85' lang='lat' dir='ltr'>Hebraei</span> <span class='ocrx_word' id='word_1_76' title='bbox 772 1477 1327 1561; x_wconf 87' lang='lat' dir='ltr'>prophetauerunt.</span> <span class='ocrx_word' id='word_1_77' title='bbox 1387 1477 1479 1542; x_wconf 93' lang='lat' dir='ltr'>sic</span> <span class='ocrx_word' id='word_1_78' title='bbox 1538 1476 1706 1541; x_wconf 90' lang='lat' dir='ltr'>enim</span> <span class='ocrx_word' id='word_1_79' title='bbox 1759 1476 1930 1540; x_wconf 88' lang='lat' dir='ltr'>idem</span> <span class='ocrx_word' id='word_1_80' title='bbox 1985 1477 2314 1559; x_wconf 88' lang='lat' dir='ltr'>apostolus</span> <span class='ocrx_word' id='word_1_81' title='bbox 2379 1475 2504 1539; x_wconf 84' lang='lat' dir='ltr'>ait:</span> <span class='ocrx_word' id='word_1_82' title='bbox 2574 1492 2738 1539; x_wconf 89' lang='lat' dir='ltr'>cum</span> 
     </span>
     <span class='ocr_line' id='line_1_11' title="bbox 345 1582 2736 1659; baseline -0 -13"><span class='ocrx_word' id='word_1_83' title='bbox 345 1598 414 1637; x_wconf 64' lang='grc' dir='ltr'>ἰο</span> <span class='ocrx_word' id='word_1_84' title='bbox 453 1586 703 1649; x_wconf 89' lang='lat' dir='ltr'>autem</span> <span class='ocrx_word' id='word_1_85' title='bbox 782 1583 1189 1648; x_wconf 88' lang='lat' dir='ltr'>transieris</span> <span class='ocrx_word' id='word_1_86' title='bbox 1266 1582 1353 1647; x_wconf 90' lang='lat' dir='ltr'>ad</span> <span class='ocrx_word' id='word_1_87' title='bbox 1428 1582 1837 1659; x_wconf 88' lang='lat' dir='ltr'>dominum,</span> <span class='ocrx_word' id='word_1_88' title='bbox 1914 1583 2301 1647; x_wconf 87' lang='lat' dir='ltr'>auferetur</span> <span class='ocrx_word' id='word_1_89' title='bbox 2374 1582 2736 1646; x_wconf 89' lang='lat' dir='ltr'>uelamen.</span> 
     </span>
     <span class='ocr_line' id='line_1_12' title="bbox 448 1688 2736 1774; baseline 0 -21"><span class='ocrx_word' id='word_1_90' title='bbox 448 1709 653 1773; x_wconf 87' lang='lat' dir='ltr'>neque</span> <span class='ocrx_word' id='word_1_91' title='bbox 711 1690 877 1754; x_wconf 89' lang='lat' dir='ltr'>enim</span> <span class='ocrx_word' id='word_1_92' title='bbox 934 1690 1165 1754; x_wconf 91' lang='lat' dir='ltr'>mirum</span> <span class='ocrx_word' id='word_1_93' title='bbox 1222 1693 1341 1767; x_wconf 92' lang='lat' dir='ltr'>est,</span> <span class='ocrx_word' id='word_1_94' title='bbox 1398 1690 1571 1772; x_wconf 89' lang='lat' dir='ltr'>quod</span> <span class='ocrx_word' id='word_1_95' title='bbox 1624 1689 1982 1774; x_wconf 88' lang='lat' dir='ltr'>resurgenti</span> <span class='ocrx_word' id='word_1_96' title='bbox 2038 1689 2289 1755; x_wconf 88' lang='lat' dir='ltr'>Christo</span> <span class='ocrx_word' id='word_1_97' title='bbox 2347 1692 2412 1753; x_wconf 78' lang='lat' dir='ltr'>et</span> <span class='ocrx_word' id='word_1_98' title='bbox 2467 1688 2736 1754; x_wconf 86' lang='lat' dir='ltr'>dicenti:</span> 
     </span>
     <span class='ocr_line' id='line_1_13' title="bbox 451 1796 2737 1881; baseline -0.001 -18"><span class='ocrx_word' id='word_1_99' title='bbox 451 1798 852 1881; x_wconf 87' lang='lat' dir='ltr'>oportebat</span> <span class='ocrx_word' id='word_1_100' title='bbox 914 1797 1194 1880; x_wconf 90' lang='lat' dir='ltr'>inpleri</span> <span class='ocrx_word' id='word_1_101' title='bbox 1259 1798 1523 1869; x_wconf 84' lang='lat' dir='ltr'>omnia,</span> <span class='ocrx_word' id='word_1_102' title='bbox 1591 1814 1782 1878; x_wconf 90' lang='lat' dir='ltr'>quae</span> <span class='ocrx_word' id='word_1_103' title='bbox 1849 1798 2137 1879; x_wconf 88' lang='lat' dir='ltr'>scripta</span> <span class='ocrx_word' id='word_1_104' title='bbox 2201 1799 2378 1860; x_wconf 90' lang='lat' dir='ltr'>sunt</span> <span class='ocrx_word' id='word_1_105' title='bbox 2438 1796 2511 1860; x_wconf 93' lang='lat' dir='ltr'>in</span> <span class='ocrx_word' id='word_1_106' title='bbox 2567 1796 2737 1880; x_wconf 90' lang='lat' dir='ltr'>lege</span> 
     </span>
     <span class='ocr_line' id='line_1_14' title="bbox 444 1902 2736 1988; baseline -0.001 -20"><span class='ocrx_word' id='word_1_107' title='bbox 444 1904 689 1987; x_wconf 86' lang='lat' dir='ltr'>Moysi</span> <span class='ocrx_word' id='word_1_108' title='bbox 739 1906 813 1968; x_wconf 92' lang='lat' dir='ltr'>et</span> <span class='ocrx_word' id='word_1_109' title='bbox 855 1903 1254 1988; x_wconf 87' lang='lat' dir='ltr'>prophetis</span> <span class='ocrx_word' id='word_1_110' title='bbox 1294 1906 1367 1967; x_wconf 91' lang='lat' dir='ltr'>et</span> <span class='ocrx_word' id='word_1_111' title='bbox 1403 1904 1721 1987; x_wconf 90' lang='lat' dir='ltr'>psalmis</span> <span class='ocrx_word' id='word_1_112' title='bbox 1761 1902 1846 1967; x_wconf 89' lang='lat' dir='ltr'>de</span> <span class='ocrx_word' id='word_1_113' title='bbox 1885 1922 2016 1980; x_wconf 89' lang='lat' dir='ltr'>me,</span> <span class='ocrx_word' id='word_1_114' title='bbox 2055 1902 2283 1969; x_wconf 90' lang='lat' dir='ltr'>nolunt</span> <span class='ocrx_word' id='word_1_115' title='bbox 2316 1902 2429 1967; x_wconf 91' lang='lat' dir='ltr'>isti</span> <span class='ocrx_word' id='word_1_116' title='bbox 2466 1902 2736 1975; x_wconf 90' lang='lat' dir='ltr'>credere,</span> 
     </span>
     <span class='ocr_line' id='line_1_15' title="bbox 446 2006 2742 2093; baseline 0 -20"><span class='ocrx_word' id='word_1_117' title='bbox 446 2009 959 2093; x_wconf 87' lang='lat' dir='ltr'>quandoquidem</span> <span class='ocrx_word' id='word_1_118' title='bbox 1015 2009 1306 2076; x_wconf 90' lang='lat' dir='ltr'>Christus</span> <span class='ocrx_word' id='word_1_119' title='bbox 1360 2010 1500 2093; x_wconf 87' lang='lat' dir='ltr'>ipse</span> <span class='ocrx_word' id='word_1_120' title='bbox 1563 2010 1861 2086; x_wconf 88' lang='lat' dir='ltr'>narrauit,</span> <span class='ocrx_word' id='word_1_121' title='bbox 1927 2008 2082 2092; x_wconf 89' lang='lat' dir='ltr'>quid</span> <span class='ocrx_word' id='word_1_122' title='bbox 2134 2006 2454 2075; x_wconf 84' lang='lat' dir='ltr'>Abraham</span> <span class='ocrx_word' id='word_1_123' title='bbox 2518 2008 2742 2073; x_wconf 84' lang='lat' dir='ltr'>dixerit</span> 
     </span>
     <span class='ocr_line' id='line_1_16' title="bbox 358 2115 2742 2199; baseline -0.001 -18"><span class='ocrx_word' id='word_1_124' title='bbox 358 2131 419 2170; x_wconf 77' lang='lat'>1⁵</span> <span class='ocrx_word' id='word_1_125' title='bbox 448 2116 909 2181; x_wconf 88' lang='lat' dir='ltr'>inmisericordi</span> <span class='ocrx_word' id='word_1_126' title='bbox 954 2116 1203 2182; x_wconf 87' lang='lat' dir='ltr'>cuidam</span> <span class='ocrx_word' id='word_1_127' title='bbox 1251 2116 1458 2194; x_wconf 90' lang='lat' dir='ltr'>diuiti,</span> <span class='ocrx_word' id='word_1_128' title='bbox 1517 2136 1664 2181; x_wconf 90' lang='lat' dir='ltr'>cum</span> <span class='ocrx_word' id='word_1_129' title='bbox 1720 2115 1887 2198; x_wconf 90' lang='lat' dir='ltr'>apud</span> <span class='ocrx_word' id='word_1_130' title='bbox 1942 2115 2174 2181; x_wconf 86' lang='lat' dir='ltr'>inferos</span> <span class='ocrx_word' id='word_1_131' title='bbox 2228 2118 2631 2199; x_wconf 88' lang='lat' dir='ltr'>torqueretur</span> <span class='ocrx_word' id='word_1_132' title='bbox 2677 2124 2742 2180; x_wconf 89' lang='lat' dir='ltr'>et</span> 
     </span>
     <span class='ocr_line' id='line_1_17' title="bbox 447 2222 2738 2307; baseline -0.001 -18"><span class='ocrx_word' id='word_1_133' title='bbox 447 2226 691 2307; x_wconf 87' lang='lat' dir='ltr'>peteret</span> <span class='ocrx_word' id='word_1_134' title='bbox 733 2222 880 2288; x_wconf 89' lang='lat' dir='ltr'>inde</span> <span class='ocrx_word' id='word_1_135' title='bbox 927 2222 1100 2288; x_wconf 90' lang='lat' dir='ltr'>mitti</span> <span class='ocrx_word' id='word_1_136' title='bbox 1144 2223 1423 2304; x_wconf 81' lang='lat' dir='ltr'>aliquem</span> <span class='ocrx_word' id='word_1_137' title='bbox 1470 2222 1549 2287; x_wconf 89' lang='lat' dir='ltr'>ad</span> <span class='ocrx_word' id='word_1_138' title='bbox 1593 2223 1818 2288; x_wconf 71' lang='grc' dir='ltr'>11011·οε</span> <span class='ocrx_word' id='word_1_139' title='bbox 1867 2241 2041 2301; x_wconf 72' lang='grc'>01100,</span> <span class='ocrx_word' id='word_1_140' title='bbox 2089 2242 2126 2287; x_wconf 88' lang='lat' dir='ltr'>a</span> <span class='ocrx_word' id='word_1_141' title='bbox 2171 2242 2299 2305; x_wconf 90' lang='lat' dir='ltr'>quo</span> <span class='ocrx_word' id='word_1_142' title='bbox 2348 2223 2738 2297; x_wconf 85' lang='lat' dir='ltr'>docerentur,</span> 
     </span>
     <span class='ocr_line' id='line_1_18' title="bbox 448 2328 2739 2413; baseline -0.001 -19"><span class='ocrx_word' id='word_1_143' title='bbox 448 2347 525 2395; x_wconf 90' lang='lat' dir='ltr'>ne</span> <span class='ocrx_word' id='word_1_144' title='bbox 572 2332 637 2395; x_wconf 90' lang='lat' dir='ltr'>et</span> <span class='ocrx_word' id='word_1_145' title='bbox 681 2329 805 2413; x_wconf 88' lang='lat' dir='ltr'>ipsi</span> <span class='ocrx_word' id='word_1_146' title='bbox 852 2330 1142 2394; x_wconf 90' lang='lat' dir='ltr'>uenirent</span> <span class='ocrx_word' id='word_1_147' title='bbox 1185 2330 1252 2394; x_wconf 88' lang='lat' dir='ltr'>in</span> <span class='ocrx_word' id='word_1_148' title='bbox 1295 2328 1481 2394; x_wconf 91' lang='lat' dir='ltr'>illum</span> <span class='ocrx_word' id='word_1_149' title='bbox 1526 2329 1744 2395; x_wconf 92' lang='lat' dir='ltr'>locum</span> <span class='ocrx_word' id='word_1_150' title='bbox 1787 2333 2269 2396; x_wconf 89' lang='lat' dir='ltr'>tormentorum.</span> <span class='ocrx_word' id='word_1_151' title='bbox 2316 2329 2438 2395; x_wconf 93' lang='lat' dir='ltr'>hoc</span> <span class='ocrx_word' id='word_1_152' title='bbox 2475 2329 2642 2394; x_wconf 91' lang='lat' dir='ltr'>enim</span> <span class='ocrx_word' id='word_1_153' title='bbox 2682 2329 2739 2393; x_wconf 91' lang='lat' dir='ltr'>ei</span> 
     </span>
     <span class='ocr_line' id='line_1_19' title="bbox 449 2436 2736 2520; baseline -0.001 -19"><span class='ocrx_word' id='word_1_154' title='bbox 449 2436 691 2501; x_wconf 87' lang='lat' dir='ltr'>dictum</span> <span class='ocrx_word' id='word_1_155' title='bbox 758 2438 893 2502; x_wconf 89' lang='lat' dir='ltr'>est:</span> <span class='ocrx_word' id='word_1_156' title='bbox 960 2436 1241 2501; x_wconf 89' lang='lat' dir='ltr'>habent</span> <span class='ocrx_word' id='word_1_157' title='bbox 1302 2436 1410 2501; x_wconf 92' lang='lat' dir='ltr'>ibi</span> <span class='ocrx_word' id='word_1_158' title='bbox 1464 2437 1777 2520; x_wconf 78' lang='lat' dir='ltr'>Moysen</span> <span class='ocrx_word' id='word_1_159' title='bbox 1843 2440 1918 2501; x_wconf 90' lang='lat' dir='ltr'>et</span> <span class='ocrx_word' id='word_1_160' title='bbox 1967 2436 2402 2520; x_wconf 83' lang='lat' dir='ltr'>prophetas,</span> <span class='ocrx_word' id='word_1_161' title='bbox 2471 2439 2536 2500; x_wconf 93' lang='lat' dir='ltr'>et</span> <span class='ocrx_word' id='word_1_162' title='bbox 2590 2455 2736 2500; x_wconf 89' lang='lat' dir='ltr'>cum</span> 
     </span>
     <span class='ocr_line' id='line_1_20' title="bbox 446 2542 2738 2624; baseline 0 -18"><span class='ocrx_word' id='word_1_163' title='bbox 446 2544 556 2609; x_wconf 89' lang='lat' dir='ltr'>ille</span> <span class='ocrx_word' id='word_1_164' title='bbox 622 2543 885 2608; x_wconf 80' lang='lat' dir='ltr'>dixisset</span> <span class='ocrx_word' id='word_1_165' title='bbox 946 2562 1069 2608; x_wconf 90' lang='lat' dir='ltr'>non</span> <span class='ocrx_word' id='word_1_166' title='bbox 1137 2561 1244 2608; x_wconf 88' lang='lat' dir='ltr'>eos</span> <span class='ocrx_word' id='word_1_167' title='bbox 1303 2542 1674 2623; x_wconf 87' lang='lat' dir='ltr'>credituros,</span> <span class='ocrx_word' id='word_1_168' title='bbox 1729 2543 1854 2609; x_wconf 88' lang='lat' dir='ltr'>nisi</span> <span class='ocrx_word' id='word_1_169' title='bbox 1919 2543 2150 2624; x_wconf 90' lang='lat' dir='ltr'>aliquis</span> <span class='ocrx_word' id='word_1_170' title='bbox 2203 2544 2647 2609; x_wconf 86' lang='lat' dir='ltr'>resurrexisset</span> <span class='ocrx_word' id='word_1_171' title='bbox 2702 2562 2738 2606; x_wconf 90' lang='lat' dir='ltr'>a</span> 
     </span>
     <span class='ocr_line' id='line_1_21' title="bbox 362 2649 2736 2735; baseline -0 -22"><span class='ocrx_word' id='word_1_172' title='bbox 362 2660 419 2700; x_wconf 76' lang='lat'>2⁰</span> <span class='ocrx_word' id='word_1_173' title='bbox 455 2651 744 2729; x_wconf 87' lang='lat' dir='ltr'>mortuis,</span> <span class='ocrx_word' id='word_1_174' title='bbox 783 2650 1117 2715; x_wconf 88' lang='lat' dir='ltr'>uerissime</span> <span class='ocrx_word' id='word_1_175' title='bbox 1152 2668 1531 2735; x_wconf 89' lang='lat' dir='ltr'>responsum</span> <span class='ocrx_word' id='word_1_176' title='bbox 1568 2656 1705 2715; x_wconf 87' lang='lat' dir='ltr'>est:</span> <span class='ocrx_word' id='word_1_177' title='bbox 1756 2651 1820 2715; x_wconf 90' lang='lat' dir='ltr'>si</span> <span class='ocrx_word' id='word_1_178' title='bbox 1857 2651 2163 2735; x_wconf 85' lang='lat' dir='ltr'>Moysen</span> <span class='ocrx_word' id='word_1_179' title='bbox 2212 2653 2286 2714; x_wconf 92' lang='lat' dir='ltr'>et</span> <span class='ocrx_word' id='word_1_180' title='bbox 2329 2649 2736 2733; x_wconf 89' lang='lat' dir='ltr'>prophetas</span> 
     </span>
     <span class='ocr_line' id='line_1_22' title="bbox 445 2756 2734 2839; baseline -0 -19"><span class='ocrx_word' id='word_1_181' title='bbox 445 2775 587 2821; x_wconf 89' lang='lat' dir='ltr'>non</span> <span class='ocrx_word' id='word_1_182' title='bbox 636 2757 981 2835; x_wconf 88' lang='lat' dir='ltr'>audiunt,</span> <span class='ocrx_word' id='word_1_183' title='bbox 1038 2776 1173 2822; x_wconf 91' lang='lat' dir='ltr'>nec</span> <span class='ocrx_word' id='word_1_184' title='bbox 1230 2758 1294 2821; x_wconf 91' lang='lat' dir='ltr'>si</span> <span class='ocrx_word' id='word_1_185' title='bbox 1350 2756 1521 2839; x_wconf 90' lang='lat' dir='ltr'>quis</span> <span class='ocrx_word' id='word_1_186' title='bbox 1569 2776 1606 2820; x_wconf 89' lang='lat' dir='ltr'>a</span> <span class='ocrx_word' id='word_1_187' title='bbox 1651 2757 1976 2822; x_wconf 88' lang='lat' dir='ltr'>mortuis</span> <span class='ocrx_word' id='word_1_188' title='bbox 2023 2756 2540 2827; x_wconf 85' lang='lat' dir='ltr'>resurrexerit,</span> <span class='ocrx_word' id='word_1_189' title='bbox 2590 2774 2734 2820; x_wconf 90' lang='lat' dir='ltr'>cre-</span> 
     </span>
     <span class='ocr_line' id='line_1_23' title="bbox 446 2861 2736 2947; baseline -0.002 -20"><span class='ocrx_word' id='word_1_190' title='bbox 446 2864 639 2929; x_wconf 90' lang='lat' dir='ltr'>dent.</span> <span class='ocrx_word' id='word_1_191' title='bbox 691 2866 1076 2947; x_wconf 86' lang='lat' dir='ltr'>quapropter</span> <span class='ocrx_word' id='word_1_192' title='bbox 1118 2862 1229 2927; x_wconf 92' lang='lat' dir='ltr'>isti</span> <span class='ocrx_word' id='word_1_193' title='bbox 1274 2881 1397 2927; x_wconf 91' lang='lat' dir='ltr'>non</span> <span class='ocrx_word' id='word_1_194' title='bbox 1436 2861 1765 2927; x_wconf 85' lang='lat' dir='ltr'>audientes</span> <span class='ocrx_word' id='word_1_195' title='bbox 1803 2862 2070 2946; x_wconf 85' lang='lat' dir='ltr'>Moysen</span> <span class='ocrx_word' id='word_1_196' title='bbox 2120 2866 2184 2926; x_wconf 90' lang='lat' dir='ltr'>et</span> <span class='ocrx_word' id='word_1_197' title='bbox 2227 2861 2566 2946; x_wconf 88' lang='lat' dir='ltr'>prophetas</span> <span class='ocrx_word' id='word_1_198' title='bbox 2612 2880 2736 2926; x_wconf 89' lang='lat' dir='ltr'>non</span> 
     </span>
     <span class='ocr_line' id='line_1_24' title="bbox 446 2967 2737 3054; baseline -0.002 -19"><span class='ocrx_word' id='word_1_199' title='bbox 446 2969 653 3036; x_wconf 85' lang='lat' dir='ltr'>solum</span> <span class='ocrx_word' id='word_1_200' title='bbox 712 2988 749 3034; x_wconf 89' lang='lat' dir='ltr'>a</span> <span class='ocrx_word' id='word_1_201' title='bbox 800 2970 1071 3035; x_wconf 89' lang='lat' dir='ltr'>mortuis</span> <span class='ocrx_word' id='word_1_202' title='bbox 1126 2969 1481 3054; x_wconf 88' lang='lat' dir='ltr'>resurgenti</span> <span class='ocrx_word' id='word_1_203' title='bbox 1528 2968 1801 3046; x_wconf 83' lang='lat' dir='ltr'>Christe,</span> <span class='ocrx_word' id='word_1_204' title='bbox 1859 2968 1973 3034; x_wconf 88' lang='lat' dir='ltr'>sed</span> <span class='ocrx_word' id='word_1_205' title='bbox 2028 2968 2280 3034; x_wconf 86' lang='lat' dir='ltr'>omnino</span> <span class='ocrx_word' id='word_1_206' title='bbox 2331 2967 2654 3033; x_wconf 90' lang='lat' dir='ltr'>Christum</span> <span class='ocrx_word' id='word_1_207' title='bbox 2700 2985 2737 3030; x_wconf 92' lang='lat' dir='ltr'>a</span> 
     </span>
     <span class='ocr_line' id='line_1_25' title="bbox 442 3073 2734 3156; baseline -0.002 -15"><span class='ocrx_word' id='word_1_208' title='bbox 442 3077 711 3142; x_wconf 86' lang='lat' dir='ltr'>mortuis</span> <span class='ocrx_word' id='word_1_209' title='bbox 758 3076 1171 3141; x_wconf 87' lang='lat' dir='ltr'>resurrexisse</span> <span class='ocrx_word' id='word_1_210' title='bbox 1216 3096 1339 3141; x_wconf 90' lang='lat' dir='ltr'>non</span> <span class='ocrx_word' id='word_1_211' title='bbox 1388 3075 1672 3141; x_wconf 86' lang='lat' dir='ltr'>credunt.</span> <span class='ocrx_word' id='word_1_212' title='bbox 1739 3075 2056 3156; x_wconf 89' lang='lat' dir='ltr'>quomodo</span> <span class='ocrx_word' id='word_1_213' title='bbox 2115 3075 2282 3140; x_wconf 90' lang='lat' dir='ltr'>enim</span> <span class='ocrx_word' id='word_1_214' title='bbox 2324 3073 2734 3141; x_wconf 86' lang='lat' dir='ltr'>resurrexisse</span> 
     </span>
     <span class='ocr_line' id='line_1_26' title="bbox 338 3180 2733 3263; baseline -0 -17"><span class='ocrx_word' id='word_1_215' title='bbox 338 3194 405 3233; x_wconf 70' lang='lat'>²⁵</span> <span class='ocrx_word' id='word_1_216' title='bbox 445 3182 726 3260; x_wconf 89' lang='lat' dir='ltr'>credunt,</span> <span class='ocrx_word' id='word_1_217' title='bbox 787 3201 978 3263; x_wconf 91' lang='lat' dir='ltr'>quem</span> <span class='ocrx_word' id='word_1_218' title='bbox 1034 3187 1357 3250; x_wconf 91' lang='lat' dir='ltr'>mortuum</span> <span class='ocrx_word' id='word_1_219' title='bbox 1410 3182 1612 3247; x_wconf 86' lang='lat' dir='ltr'>fuisse</span> <span class='ocrx_word' id='word_1_220' title='bbox 1667 3202 1790 3249; x_wconf 91' lang='lat' dir='ltr'>non</span> <span class='ocrx_word' id='word_1_221' title='bbox 1847 3183 2158 3248; x_wconf 80' lang='lat' dir='ltr'>credunt?</span> <span class='ocrx_word' id='word_1_222' title='bbox 2222 3202 2370 3247; x_wconf 87' lang='lat' dir='ltr'>nam</span> <span class='ocrx_word' id='word_1_223' title='bbox 2416 3180 2733 3263; x_wconf 86' lang='lat' dir='ltr'>quomodo</span> 
     </span>
     <span class='ocr_line' id='line_1_27' title="bbox 440 3289 2732 3374; baseline -0 -22"><span class='ocrx_word' id='word_1_224' title='bbox 440 3292 764 3356; x_wconf 90' lang='lat' dir='ltr'>mortuum</span> <span class='ocrx_word' id='word_1_225' title='bbox 817 3289 1017 3354; x_wconf 91' lang='lat' dir='ltr'>fuisse</span> <span class='ocrx_word' id='word_1_226' title='bbox 1074 3290 1353 3368; x_wconf 87' lang='grc'>0101111111,</span> <span class='ocrx_word' id='word_1_227' title='bbox 1411 3308 1604 3371; x_wconf 91' lang='lat' dir='ltr'>quem</span> <span class='ocrx_word' id='word_1_228' title='bbox 1661 3291 1926 3355; x_wconf 88' lang='lat' dir='ltr'>mortale</span> <span class='ocrx_word' id='word_1_229' title='bbox 1981 3310 2207 3374; x_wconf 88' lang='lat' dir='ltr'>corpus</span> <span class='ocrx_word' id='word_1_230' title='bbox 2266 3289 2563 3354; x_wconf 84' lang='lat' dir='ltr'>habuisse</span> <span class='ocrx_word' id='word_1_231' title='bbox 2611 3308 2732 3355; x_wconf 90' lang='lat' dir='ltr'>non</span> 
     </span>
     <span class='ocr_line' id='line_1_28' title="bbox 442 3396 755 3461; baseline 0 -1"><span class='ocrx_word' id='word_1_232' title='bbox 442 3396 755 3461; x_wconf 83' lang='lat' dir='ltr'>credunt?</span> 
     </span>
     <span class='ocr_line' id='line_1_29' title="bbox 533 3502 2730 3587; baseline 0.001 -22"><span class='ocrx_word' id='word_1_233' title='bbox 533 3505 591 3567; x_wconf 83' lang='lat'>5.</span> <span class='ocrx_word' id='word_1_234' title='bbox 656 3502 791 3568; x_wconf 85' lang='lat' dir='ltr'>Nos</span> <span class='ocrx_word' id='word_1_235' title='bbox 849 3506 1065 3567; x_wconf 88' lang='lat' dir='ltr'>autem</span> <span class='ocrx_word' id='word_1_236' title='bbox 1120 3523 1243 3569; x_wconf 88' lang='lat' dir='ltr'>non</span> <span class='ocrx_word' id='word_1_237' title='bbox 1300 3504 1427 3568; x_wconf 91' lang='lat' dir='ltr'>illis</span> <span class='ocrx_word' id='word_1_238' title='bbox 1485 3507 1812 3587; x_wconf 85' lang='lat' dir='ltr'>tamquam</span> <span class='ocrx_word' id='word_1_239' title='bbox 1871 3505 2006 3569; x_wconf 91' lang='lat' dir='ltr'>eius</span> <span class='ocrx_word' id='word_1_240' title='bbox 2067 3504 2321 3583; x_wconf 89' lang='lat' dir='ltr'>Christi,</span> <span class='ocrx_word' id='word_1_241' title='bbox 2379 3506 2490 3587; x_wconf 89' lang='lat' dir='ltr'>qui</span> <span class='ocrx_word' id='word_1_242' title='bbox 2545 3505 2730 3569; x_wconf 84' lang='lat' dir='ltr'>fallax</span> 
     </span>
     <span class='ocr_line' id='line_1_30' title="bbox 440 3608 2730 3696; baseline 0.002 -25"><span class='ocrx_word' id='word_1_243' title='bbox 440 3608 581 3685; x_wconf 89' lang='lat' dir='ltr'>suit,</span> <span class='ocrx_word' id='word_1_244' title='bbox 632 3609 745 3675; x_wconf 88' lang='lat' dir='ltr'>sed</span> <span class='ocrx_word' id='word_1_245' title='bbox 793 3609 951 3687; x_wconf 90' lang='lat' dir='ltr'>eius,</span> <span class='ocrx_word' id='word_1_246' title='bbox 1001 3610 1112 3691; x_wconf 88' lang='lat' dir='ltr'>qui</span> <span class='ocrx_word' id='word_1_247' title='bbox 1159 3611 1410 3677; x_wconf 90' lang='lat' dir='ltr'>omnino</span> <span class='ocrx_word' id='word_1_248' title='bbox 1458 3630 1581 3676; x_wconf 89' lang='lat' dir='ltr'>non</span> <span class='ocrx_word' id='word_1_249' title='bbox 1629 3612 1772 3689; x_wconf 89' lang='lat' dir='ltr'>fuit,</span> <span class='ocrx_word' id='word_1_250' title='bbox 1811 3612 2148 3677; x_wconf 84' lang='lat' dir='ltr'>fallacibus</span> <span class='ocrx_word' id='word_1_251' title='bbox 2193 3611 2730 3696; x_wconf 90' lang='lat' dir='ltr'>praedicatoribus</span> 
     </span>
    </p>
   </div>
   <div class='ocr_carea' id='block_1_3' title="bbox 615 3841 2490 3913">
    <p class='ocr_par' dir='ltr' id='par_1_3' title="bbox 615 3841 2490 3913">
     <span class='ocr_line' id='line_1_31' title="bbox 615 3841 2490 3913; baseline 0.001 -16"><span class='ocrx_word' id='word_1_252' title='bbox 615 3846 647 3897; x_wconf 86' lang='lat'>5</span> <span class='ocrx_word' id='word_1_253' title='bbox 686 3843 743 3899; x_wconf 96' lang='lat' dir='ltr'>II</span> <span class='ocrx_word' id='word_1_254' title='bbox 781 3841 901 3898; x_wconf 90' lang='lat' dir='ltr'>Cor.</span> <span class='ocrx_word' id='word_1_255' title='bbox 939 3844 989 3906; x_wconf 83' lang='lat'>3,</span> <span class='ocrx_word' id='word_1_256' title='bbox 1035 3845 1099 3898; x_wconf 88' lang='grc'>15</span> <span class='ocrx_word' id='word_1_257' title='bbox 1138 3860 1218 3913; x_wconf 86' lang='lat' dir='ltr'>sq.</span> <span class='ocrx_word' id='word_1_258' title='bbox 1330 3843 1396 3895; x_wconf 83' lang='lat'>12</span> <span class='ocrx_word' id='word_1_259' title='bbox 1434 3844 1561 3897; x_wconf 88' lang='lat' dir='ltr'>Luc.</span> <span class='ocrx_word' id='word_1_260' title='bbox 1601 3844 1686 3904; x_wconf 84' lang='lat'>24,</span> <span class='ocrx_word' id='word_1_261' title='bbox 1725 3845 1796 3898; x_wconf 87' lang='lat'>44</span> <span class='ocrx_word' id='word_1_262' title='bbox 1913 3846 1973 3899; x_wconf 89' lang='grc'>18</span> <span class='ocrx_word' id='word_1_263' title='bbox 2010 3845 2141 3900; x_wconf 79' lang='lat' dir='ltr'>Lu&#39;c.</span> <span class='ocrx_word' id='word_1_264' title='bbox 2182 3847 2262 3911; x_wconf 88' lang='lat'>16,</span> <span class='ocrx_word' id='word_1_265' title='bbox 2302 3846 2388 3902; x_wconf 88' lang='lat'>29.</span> <span class='ocrx_word' id='word_1_266' title='bbox 2426 3847 2490 3899; x_wconf 88' lang='grc'>31</span> 
     </span>
    </p>
   </div>
   <div class='ocr_carea' id='block_1_4' title="bbox 439 3994 2736 4248">
    <p class='ocr_par' dir='ltr' id='par_1_4' title="bbox 439 3994 2736 4248">
     <span class='ocr_line' id='line_1_32' title="bbox 510 3994 2730 4067; baseline 0.001 -18"><span class='ocrx_word' id='word_1_267' title='bbox 510 3996 542 4049; x_wconf 84' lang='grc'>2</span> <span class='ocrx_word' id='word_1_268' title='bbox 597 3996 759 4050; x_wconf 89' lang='lat' dir='ltr'>huius</span> <span class='ocrx_word' id='word_1_269' title='bbox 813 3994 1123 4050; x_wconf 80' lang='lat' dir='ltr'><strong><em>LGSMGb</em></strong></span> <span class='ocrx_word' id='word_1_270' title='bbox 1300 3996 1335 4047; x_wconf 88' lang='grc'><strong>4</strong></span> <span class='ocrx_word' id='word_1_271' title='bbox 1390 3996 1720 4049; x_wconf 85' lang='lat' dir='ltr'>mentientes</span> <span class='ocrx_word' id='word_1_272' title='bbox 1777 3994 1941 4061; x_wconf 68' lang='lat'>806,</span> <span class='ocrx_word' id='word_1_273' title='bbox 2001 3997 2050 4067; x_wconf 90' lang='lat' dir='ltr'>(e</span> <span class='ocrx_word' id='word_1_274' title='bbox 2105 3998 2170 4051; x_wconf 79' lang='lat' dir='ltr'>in</span> <span class='ocrx_word' id='word_1_275' title='bbox 2213 3997 2232 4051; x_wconf 94' lang='lat' dir='ltr'>i</span> <span class='ocrx_word' id='word_1_276' title='bbox 2280 4014 2415 4053; x_wconf 85' lang='lat' dir='ltr'>corr.</span> <span class='ocrx_word' id='word_1_277' title='bbox 2470 4016 2540 4052; x_wconf 85' lang='lat' dir='ltr'>m.</span> <span class='ocrx_word' id='word_1_278' title='bbox 2591 3998 2640 4063; x_wconf 86' lang='lat'>1)</span> <span class='ocrx_word' id='word_1_279' title='bbox 2679 3998 2730 4051; x_wconf 92' lang='lat' dir='ltr'><strong><em>L</em></strong></span> 
     </span>
     <span class='ocr_line' id='line_1_33' title="bbox 439 4084 2736 4155; baseline 0.003 -18"><span class='ocrx_word' id='word_1_280' title='bbox 439 4085 475 4137; x_wconf 83' lang='lat'>5</span> <span class='ocrx_word' id='word_1_281' title='bbox 511 4085 773 4155; x_wconf 72' lang='lat' dir='ltr'>legerSmr</span> <span class='ocrx_word' id='word_1_282' title='bbox 810 4085 873 4139; x_wconf 82' lang='lat' dir='ltr'>S¹</span> <span class='ocrx_word' id='word_1_283' title='bbox 983 4087 1016 4140; x_wconf 88' lang='lat'>6</span> <span class='ocrx_word' id='word_1_284' title='bbox 1063 4084 1304 4139; x_wconf 84' lang='lat' dir='ltr'>aufertur</span> <span class='ocrx_word' id='word_1_285' title='bbox 1346 4084 1535 4139; x_wconf 78' lang='lat' dir='ltr'>LOPb</span> <span class='ocrx_word' id='word_1_286' title='bbox 1645 4086 1680 4139; x_wconf 91' lang='lat'>8</span> <span class='ocrx_word' id='word_1_287' title='bbox 1715 4084 1946 4139; x_wconf 88' lang='lat' dir='ltr'>fixerunt</span> <span class='ocrx_word' id='word_1_288' title='bbox 1990 4086 2277 4141; x_wconf 80' lang='lat' dir='ltr'>G¹S¹LM¹</span> <span class='ocrx_word' id='word_1_289' title='bbox 2386 4089 2419 4141; x_wconf 88' lang='lat'>9</span> <span class='ocrx_word' id='word_1_290' title='bbox 2455 4088 2646 4143; x_wconf 88' lang='lat' dir='ltr'>hebrei</span> <span class='ocrx_word' id='word_1_291' title='bbox 2689 4090 2736 4143; x_wconf 83' lang='lat' dir='ltr'>C</span> 
     </span>
     <span class='ocr_line' id='line_1_34' title="bbox 441 4174 2736 4248; baseline 0.004 -22"><span class='ocrx_word' id='word_1_292' title='bbox 441 4174 506 4227; x_wconf 83' lang='lat'>12</span> <span class='ocrx_word' id='word_1_293' title='bbox 546 4190 651 4244; x_wconf 89' lang='lat' dir='ltr'>que</span> <span class='ocrx_word' id='word_1_294' title='bbox 694 4175 742 4229; x_wconf 88' lang='lat' dir='ltr'>C</span> <span class='ocrx_word' id='word_1_295' title='bbox 884 4176 951 4229; x_wconf 88' lang='lat'>14</span> <span class='ocrx_word' id='word_1_296' title='bbox 988 4174 1283 4228; x_wconf 85' lang='lat' dir='ltr'>habraham</span> <span class='ocrx_word' id='word_1_297' title='bbox 1327 4175 1375 4229; x_wconf 79' lang='lat' dir='ltr'><em>O</em></span> <span class='ocrx_word' id='word_1_298' title='bbox 1480 4176 1545 4228; x_wconf 90' lang='lat'>15</span> <span class='ocrx_word' id='word_1_299' title='bbox 1582 4174 2011 4230; x_wconf 86' lang='lat' dir='ltr'>inmisericordia</span> <span class='ocrx_word' id='word_1_300' title='bbox 2047 4178 2108 4248; x_wconf 79' lang='lat' dir='ltr'>(s.</span> <span class='ocrx_word' id='word_1_301' title='bbox 2169 4178 2202 4230; x_wconf 85' lang='lat' dir='ltr'>l.</span> <span class='ocrx_word' id='word_1_302' title='bbox 2259 4194 2328 4231; x_wconf 84' lang='lat' dir='ltr'>m.</span> <span class='ocrx_word' id='word_1_303' title='bbox 2385 4182 2426 4231; x_wconf 83' lang='lat'><strong><em>2</em></strong></span> <span class='ocrx_word' id='word_1_304' title='bbox 2479 4180 2632 4247; x_wconf 83' lang='lat' dir='ltr'>add.)</span> <span class='ocrx_word' id='word_1_305' title='bbox 2688 4181 2736 4235; x_wconf 73' lang='lat' dir='ltr'>(J</span> 
     </span>
    </p>
   </div>
   <div class='ocr_carea' id='block_1_5' title="bbox 432 4262 2734 4419">
    <p class='ocr_par' dir='ltr' id='par_1_5' title="bbox 432 4262 2734 4419">
     <span class='ocr_line' id='line_1_35' title="bbox 434 4262 2734 4335; baseline 0.004 -21"><span class='ocrx_word' id='word_1_306' title='bbox 434 4262 495 4315; x_wconf 85' lang='grc'>21</span> <span class='ocrx_word' id='word_1_307' title='bbox 531 4264 653 4333; x_wconf 90' lang='lat' dir='ltr'>neq&#39;</span> <span class='ocrx_word' id='word_1_308' title='bbox 684 4263 715 4317; x_wconf 82' lang='lat' dir='ltr'><strong><em>b</em></strong></span> <span class='ocrx_word' id='word_1_309' title='bbox 816 4264 886 4317; x_wconf 84' lang='lat'>24</span> <span class='ocrx_word' id='word_1_310' title='bbox 914 4264 1261 4318; x_wconf 85' lang='lat' dir='ltr'>resurrexisse</span> <span class='ocrx_word' id='word_1_311' title='bbox 1293 4265 1433 4331; x_wconf 80' lang='lat' dir='ltr'>(sup.</span> <span class='ocrx_word' id='word_1_312' title='bbox 1460 4266 1596 4329; x_wconf 80' lang='lat' dir='ltr'>ras.)</span> <span class='ocrx_word' id='word_1_313' title='bbox 1629 4263 1676 4319; x_wconf 77' lang='lat' dir='ltr'><strong><em>S</em></strong></span> <span class='ocrx_word' id='word_1_314' title='bbox 1697 4266 2104 4331; x_wconf 69' lang='lat' dir='ltr'>seresunexisse</span> <span class='ocrx_word' id='word_1_315' title='bbox 2129 4267 2181 4321; x_wconf 81' lang='lat' dir='ltr'><strong><em>G</em></strong></span> <span class='ocrx_word' id='word_1_316' title='bbox 2280 4268 2349 4322; x_wconf 89' lang='grc'>25</span> <span class='ocrx_word' id='word_1_317' title='bbox 2377 4274 2412 4335; x_wconf 71' lang='grc' dir='ltr'>ᾖ</span> <span class='ocrx_word' id='word_1_318' title='bbox 2439 4264 2662 4323; x_wconf 84' lang='lat' dir='ltr'>credunt</span> <span class='ocrx_word' id='word_1_319' title='bbox 2687 4272 2734 4325; x_wconf 72' lang='lat' dir='ltr'>(J</span> 
     </span>
     <span class='ocr_line' id='line_1_36' title="bbox 432 4352 1666 4419; baseline 0.001 -15"><span class='ocrx_word' id='word_1_320' title='bbox 432 4352 505 4405; x_wconf 85' lang='lat'>26</span> <span class='ocrx_word' id='word_1_321' title='bbox 541 4352 825 4419; x_wconf 77' lang='lat' dir='ltr'>mortalem</span> <span class='ocrx_word' id='word_1_322' title='bbox 865 4352 989 4407; x_wconf 72' lang='lat' dir='ltr'>S‘G</span> <span class='ocrx_word' id='word_1_323' title='bbox 1025 4353 1252 4406; x_wconf 86' lang='lat' dir='ltr'>mortale</span> <span class='ocrx_word' id='word_1_324' title='bbox 1293 4356 1365 4419; x_wconf 90' lang='lat' dir='ltr'>(m</span> <span class='ocrx_word' id='word_1_325' title='bbox 1404 4356 1499 4419; x_wconf 84' lang='lat' dir='ltr'>er.)</span> <span class='ocrx_word' id='word_1_326' title='bbox 1538 4352 1666 4405; x_wconf 90' lang='lat' dir='ltr'>LM</span> 
     </span>
    </p>
   </div>
  </div>
 </body>
</html>
