3159 4984
347 1108 374 1145 5

323 1640 380 1681 10

329 2170 380 2211 15

329 3238 382 3279 25

1066 465 1195 518 1111.
1253 466 1542 521 Contra
1596 468 2103 522 Adimantum.
2562 474 2683 537 181

413 660 786 724 exaltauit
843 662 1272 743 serpentem
1328 661 1400 725 in
1457 660 1791 739 heremo,
1849 662 1955 727 ita
2013 664 2333 728 exaltari
2400 667 2710 748 oportet

411 765 663 829 filium
710 765 1060 831 hominis.
1111 766 1518 850 suscipiendo
1557 771 1776 833 autem
1813 769 2498 853 ignominiosissimum
2536 770 2705 855 apud

415 872 701 937 homines
749 872 973 937 mortis
1021 892 1227 957 genus
1274 873 1570 939 dominus
1610 878 1827 940 noster
1862 876 2049 941 Iesus
2090 876 2405 951 christus,
2443 876 2564 942 hoc
2606 880 2707 943 est

413 982 680 1043 mortem
715 979 922 1044 crucis
955 979 1428 1044 commendauit
1455 980 1639 1045 nobis
1680 980 2085 1046 dilectionem
2125 1000 2329 1056 suam,
2369 984 2441 1047 ut
2478 982 2704 1048 merito

415 1085 744 1168 apostolus
795 1085 1034 1150 diceret
1080 1085 1431 1151 accendens
1479 1104 1597 1151 nos
1638 1085 1715 1149 ad
1756 1086 1895 1151 eius
1935 1087 2302 1152 caritatem:
2354 1087 2706 1155 Christus

414 1210 546 1258 uos
612 1191 938 1256 redemit
1002 1192 1086 1256 de
1159 1192 1578 1257 maledicto
1652 1191 1883 1276 legis,
1956 1194 2211 1259 factus
2286 1214 2413 1277 pro
2490 1194 2707 1260 nobis

413 1298 926 1364 maledictum.
980 1299 1375 1383 -scriptum
1443 1302 1558 1364 est
1626 1300 1849 1365 enim:
1916 1299 2377 1365 maledictus
2446 1300 2706 1379 omnis,

414 1406 540 1486 qui
585 1405 866 1488 pendet
921 1405 996 1469 in
1051 1406 1284 1489 lign0,
1342 1410 1418 1469 ut
1473 1424 1599 1471 non
1658 1407 1869 1471 solum
1935 1407 2177 1470 nullam
2242 1409 2531 1483 mortem,
2598 1407 2710 1473 sed

415 1512 605 1576 etiam
662 1512 912 1576 nullum
970 1512 1194 1577 mortis
1252 1530 1456 1595 genus
1515 1512 1861 1577 christiana
1914 1512 2176 1578 libertas
2236 1512 2405 1577 sicut
2450 1512 2711 1577 Iudaica

416 1618 692 1683 seruitus
739 1616 1128 1684 formidaret.

505 1726 608 1789 22.
633 1726 728 1789 De
749 1724 1022 1795 homine.
1046 1744 1233 1807 quem
1255 1725 1520 1808 lapidari
1540 1724 1698 1790 deus
1719 1724 1928 1800 iussit,
1952 1724 2101 1807 quia
2121 1725 2384 1792 sabbato
2404 1725 2705 1790 inuentus

417 1834 516 1896 est
561 1832 736 1915 ligna
774 1832 1094 1915 colligere.
1144 1832 1438 1897 dominus
1485 1831 1548 1895 in
1599 1831 1951 1915 euangelio,
1992 1832 2103 1896 ubi
2141 1830 2415 1896 hominis
2454 1850 2709 1899 manum

417 1938 652 2002 aridam
693 1938 946 2003 sanauit
981 1937 1082 2002 die
1113 1937 1382 2012 sabbati,
1418 1937 1705 2002 diuinum
1748 1956 1907 2021 opus
1945 1938 2117 2008 fecit,
2158 1957 2283 2003 non
2322 1937 2709 2015 humanum3

417 2064 532 2110 nec
578 2046 654 2109 ab
704 2044 835 2110 otio
882 2044 1151 2109 recessit
1197 2044 1306 2127 qui
1351 2044 1544 2110 iussit
1590 2048 1656 2109 et
1700 2043 1943 2109 factum
1990 2048 2109 2109 est.
2158 2048 2227 2108 et
2268 2044 2411 2109 ideo
2448 2064 2575 2109 non
2613 2048 2713 2109 est

421 2151 628 2215 simile
679 2150 798 2215 hoc
845 2151 1086 2215 factum
1134 2152 1310 2234 ligna
1355 2150 1707 2235 colligenti,
1748 2150 1918 2233 quod
1963 2150 2169 2216 facere
2218 2168 2367 2215 cum
2409 2149 2711 2217 inuentus

421 2261 592 2323 esset
648 2258 838 2323 homo
899 2257 1000 2322 die
1057 2258 1326 2332 sabbati,
1383 2258 1568 2322 iussu
1627 2257 1728 2321 dei
1784 2256 2105 2339 lapidatus
2172 2259 2289 2322 est.
2360 2256 2435 2321 de
2493 2257 2713 2322 seruili

421 2366 634 2429 autern
684 2364 1130 2430 obseruatione
1181 2364 1433 2429 sabbati
1481 2368 1548 2429 et
1594 2364 1669 2429 de
1726 2362 2009 2427 uindicta
2064 2363 2431 2455 temporalis
2488 2363 2713 2429 mortis

417 2470 546 2535 iam
591 2471 797 2535 multa
843 2468 1014 2535 dicta
1060 2475 1230 2535 sunt.
1317 2470 1488 2537 sicut
1553 2470 1723 2535 enim
1771 2472 2056 2553 tempore
2105 2469 2385 2535 caritatis
2432 2468 2709 2546 bonitas,

419 2580 512 2643 sic
567 2580 852 2661 tempore
911 2576 1160 2643 timoris
1217 2578 1528 2643 seueritas
1586 2576 1687 2642 dei
1750 2577 2021 2641 maxime
2086 2576 2584 2642 commendatur.
2652 2580 2717 2642 et

421 2704 568 2749 cum
595 2684 804 2749 adhuc
841 2702 964 2749 non
1006 2686 1326 2767 oporteret
1361 2686 1505 2749 ante
1543 2684 1891 2749 aduentum
1930 2682 2169 2748 domini
2206 2682 2441 2747 nudare
2478 2683 2714 2766 populo

417 2790 850 2874 legitimarum
905 2794 1302 2855 sacramenta
1355 2790 1725 2874 figurarum,
1784 2809 1907 2855 non
1963 2789 2401 2854 inuitabantur
2452 2789 2548 2853 illi
2602 2789 2713 2854 ho·

417 2899 621 2963 mines
679 2896 1043 2981 significata
1120 2896 1514 2980 intellegere,
1573 2896 1688 2961 sed
1742 2896 1921 2961 iussa
1983 2896 2375 2979 cogebantur
2434 2894 2711 2979 inplere3

419 3004 700 3069 nondum
750 3004 920 3068 enim
970 3003 1085 3069 deo
1132 3002 1546 3068 inhaerebant
1590 3021 1703 3087 per
1758 3002 2073 3086 spiritum,
2132 3001 2244 3067 sed
2297 3021 2409 3084 per
2463 3020 2712 3067 carnem

419 3110 548 3195 legi
613 3110 997 3175 seruiebant.
1067 3110 1261 3176 miror
1325 3112 1560 3186 autem,
1627 3109 1799 3192 quod
1860 3108 1971 3173 isti
2026 3107 2339 3192 plangunt
2390 3108 2713 3173 hominem

421 3217 772 3301 lapidatum
821 3215 924 3281 dei
970 3218 1330 3300 praecepto,
1379 3216 1528 3298 quia
1573 3221 1793 3280 contra
1838 3214 2089 3280 iussum
2134 3214 2299 3298 legis
2355 3214 2529 3297 ligna
2584 3215 2711 3280 col-

421 3324 598 3408 legit,
649 3325 714 3387 et
759 3342 884 3389 non
929 3324 1244 3406 plangunt
1289 3322 1576 3388 arborem
1623 3321 1963 3387 arefactam
2012 3321 2206 3386 uerbo
2247 3320 2501 3396 Christi,
2551 3338 2710 3403 quae

423 3431 642 3495 contra
686 3430 932 3493 nullum
983 3432 1392 3513 praeceptum
1436 3428 1693 3495 fecerat.
1744 3446 1889 3493 cum
1926 3429 2122 3492 talem
2160 3425 2435 3491 animam
2474 3426 2712 3495 arboris

425 3554 564 3601 esse
613 3534 892 3606 credant,
941 3536 1194 3617 qualern
1242 3534 1540 3601 hominis·

603 3756 635 3807 ὃ
674 3753 794 3811 Gal.
831 3754 881 3817 3,
925 3753 989 3808 13
1140 3754 1198 3807 11
1244 3754 1312 3808 cf.
1351 3753 1510 3808 Num.
1553 3752 1635 3809 15.
1677 3753 1745 3807 35
1912 3752 1979 3806 13
2017 3751 2083 3805 cf.
2122 3752 2316 3805 Matth.
2357 3752 2446 3815 12,
2488 3751 2555 3805 10
2592 3768 2698 3821 sqq

424 3842 492 3895 26
529 3842 596 3896 cf.
633 3842 829 3899 Matth.
867 3842 953 3904 21,
994 3843 1021 3898 1
1063 3859 1180 3913 sqq.

494 4000 528 4053 2
563 3999 1046 4069 ignominissimam
1089 3998 1138 4053 0
1257 4000 1291 4053 5
1329 3996 1418 4068 ad]
1445 3997 1506 4051 in
1536 3996 1829 4052 GTGSVb
1938 3998 1971 4052 8
2010 3995 2281 4082 pependet
2328 4000 2379 4063 (e
2417 4011 2553 4050 corr.
2592 4010 2657 4049 ex
2692 3994 2714 4049 i

421 4093 498 4142 m.'
517 4090 594 4192 ἐξ)
635 4087 689 4141 G
818 4088 881 4143 11
922 4087 1016 4159 qui
1057 4085 1350 4143 GTOSrb
1499 4086 1564 4141 12
1611 4085 2150 4143 dominus—sanauit
2196 4086 2348 4151 (wne.
2394 4084 2624 4151 rubr-ic.)
2666 4084 2719 4137 P

423 4202 492 4258 20
546 4160 788 4257 ιιιιεεῐιίῑιιιιι
824 4202 881 4257 P
983 4202 1050 4257 21
1081 4204 1164 4257 illi
1199 4202 1444 4257 homines
1482 4219 1585 4257 om.
1628 4200 1924 4259 GTGSVb
2034 4200 2105 4255 24
2138 4200 2277 4271 legis
2306 4198 2362 4253 P
2466 4198 2537 4252 25
2575 4197 2713 4268 lapi-

422 4291 608 4347 datum
661 4292 935 4347 hominem
976 4292 1059 4347 Tb
1204 4292 1349 4345 iussa
1407 4290 1438 4345 b
1548 4292 1618 4345 26
1676 4291 1941 4361 arborem]
1996 4290 2227 4345 ficulnea
2283 4288 2370 4354 (in
2425 4290 2623 4358 marg.)
2671 4286 2719 4341 0

424 4382 714 4435 arefactam
753 4380 1036 4435 ficulneab
