3159 4984
486 442 614 505 442
1192 446 1243 493 δ.
1302 438 1575 493 Aureli
1631 440 2076 508 Augustini

484 622 875 717 quaererent,
916 633 1217 717 quidnam
1262 634 1428 698 illud
1476 637 1668 713 esset,
1709 635 1880 716 quod
1917 636 1995 699 de
2035 655 2103 701 se
2143 656 2180 699 a
2215 636 2439 721 Moyse
2481 640 2790 722 scriptum

484 744 757 824 putaret.
827 741 939 806 sed
989 746 1052 805 et
1098 738 1256 807 haec
1304 760 1524 806 eorum
1573 742 1903 806 omnifaria
1949 743 2353 809 taciturnitas
2401 764 2526 810 non
2574 747 2786 811 minus

483 848 699 912 Iesum
746 848 908 912 nihil
952 848 1081 912 tale
1130 848 1363 912 dixisse
1414 848 1756 932 significat.

574 958 635 1019 3.
706 953 1015 1033 Quamuis
1066 975 1213 1039 ergo
1264 960 1329 1021 et
1382 956 1541 1020 haec
1598 976 1723 1020 non
1779 974 1977 1039 parua
2032 956 2371 1021 uideantur
2427 959 2507 1023 ad
2565 962 2786 1025 confir-

480 1062 778 1127 mandam
828 1061 1262 1144 suspicionem
1308 1062 1455 1126 falsi
1503 1062 1581 1127 de
1631 1062 1912 1145 capitulo
1969 1062 2119 1140 isto,
2177 1064 2325 1147 plus
2391 1068 2606 1129 tamen
2670 1066 2783 1131 illo
2855 1084 2884 1124 5

481 1174 721 1247 teneor,
789 1168 938 1251 quia
1003 1188 1277 1246 omnem,
1334 1171 1411 1232 ut
1467 1168 1614 1246 dixi,
1661 1169 1964 1253 Moyseos
2023 1170 2402 1253 scripturam
2461 1176 2789 1238 scrutatus

482 1276 693 1341 nullas
738 1276 832 1340 ibi
881 1276 957 1339 de
1008 1274 1261 1341 Christo
1309 1275 1682 1359 prophetias
1736 1276 1975 1340 inueni.
2043 1296 2211 1341 nunc
2267 1280 2480 1343 tamen
2529 1282 2594 1342 te
2642 1299 2790 1344 con-

481 1389 701 1468 pertus
748 1384 1031 1448 melioris
1078 1384 1557 1468 intellegentiae
1617 1385 1924 1449 lectorem
1983 1388 2479 1450 consecuturum
2523 1407 2626 1451 me
2677 1388 2788 1451 ali-

482 1491 635 1575 quid
698 1490 885 1556 credo
953 1494 1375 1573 acturumque
1430 1491 1634 1556 fateor
1689 1492 1948 1575 gratias,
2007 1492 2064 1557 si
2113 1512 2293 1575 spem
2337 1493 2664 1576 profectus
2713 1514 2788 1559 ac

483 1599 834 1673 doctrinae,
912 1616 1101 1681 quam
1175 1598 1335 1662 mihi
1401 1598 1864 1683 obiurgationis
1929 1602 2079 1663 tuae
2144 1600 2380 1664 fiducia
2442 1601 2783 1684 promittit.
2829 1608 2886 1646 ¹⁰

481 1706 661 1769 nulla
722 1705 1047 1771 frustreris
1110 1705 1373 1775 inuidia.
1444 1706 1559 1771 sed
1625 1706 1878 1784 doceas,
1945 1707 2004 1771 si
2057 1706 2212 1789 quid
2269 1710 2388 1784 est,
2459 1708 2629 1790 quod
2682 1729 2788 1773 me

481 1812 645 1877 forte
720 1813 1043 1894 legentem
1113 1812 1516 1895 praeterierit
1589 1812 1665 1876 de
1743 1812 1859 1877 deo
1935 1832 2010 1877 ac
2085 1812 2162 1877 de
2234 1814 2490 1881 domino
2566 1818 2787 1880 nostro

479 1922 907 1982 memoratum
960 1918 1027 1982 in
1085 1919 1401 2002 scriptura
1444 1920 1675 1998 Moysi.
1743 1940 1863 1984 nec
1931 1920 2181 1997 dixeriS,
2249 1940 2507 2003 quaeso,
2565 1925 2639 1986 ut
2695 1922 2788 1985 in-

481 2024 669 2108 periti
736 2024 965 2103 solent,
1030 2024 1155 2089 hoc
1217 2025 1433 2108 ipsum
1500 2024 1658 2089 satis
1727 2043 1868 2089 esse
1936 2025 2164 2090 debere
2230 2026 2312 2091 ad
2366 2026 2581 2105 fidem,
2639 2027 2790 2109 quia

486 2128 779 2194 Christus
827 2129 1054 2194 dixerit
1101 2130 1175 2194 de
1225 2149 1293 2195 se
1342 2131 1679 2217 scripsisse
1725 2132 2015 2217 Moysen.
2073 2134 2222 2198 nolo
2273 2133 2442 2198 enim
2487 2152 2656 2198 nunc
2707 2134 2786 2197 ad
2829 2140 2884 2177 ¹⁵

481 2255 584 2299 me
647 2236 973 2318 respiciaS,
1040 2256 1230 2319 quem
1296 2238 1377 2301 ad
1443 2238 1829 2303 credendum
1892 2240 2205 2323 professio
2271 2259 2416 2304 mea
2468 2240 2624 2305 fecit
2679 2241 2782 2305 ob-

488 2342 764 2417 noxium,
812 2347 889 2408 ut
932 2364 1058 2410 non
1112 2344 1357 2428 possim
1417 2330 1549 2411 'non
1618 2346 1870 2411 credere
1936 2348 2015 2425 ei,
2083 2367 2274 2431 quem
2340 2367 2606 2430 sequor3
2675 2348 2790 2413 sed

484 2453 641 2533 puta
704 2470 820 2515 nos
888 2470 1034 2515 cum
1096 2452 1332 2517 Iudaeo
1394 2455 1691 2530 tractare,
1755 2457 1914 2536 puta
1977 2472 2124 2519 cum
2169 2454 2414 2539 gentili.
2484 2475 2628 2520 cum
2694 2455 2788 2518 eis

487 2556 829 2623 dixerimus
876 2558 1171 2643 „Moyses
1220 2557 1296 2623 de
1336 2558 1591 2625 Christo
1643 2560 1958 2645 scripsit,“
2015 2561 2370 2643 quaesituri
2417 2566 2603 2626 erunt
2645 2580 2786 2645 pro-

483 2663 793 2731 bationes.
887 2664 1041 2747 quid
1106 2664 1496 2733 offeremus?
1562 2686 1718 2731 num
1781 2667 2084 2749 quidnam
2151 2667 2357 2733 dicere
2428 2670 2786 2753 poterimus
2827 2670 2882 2708 ²⁰

492 2769 825 2847 „Christus
872 2771 996 2836 hoc
1042 2770 1257 2849 dixit,“
1314 2773 1419 2838 cui
1466 2773 1676 2838 adhuc
1719 2773 1818 2837 illi
1863 2774 2132 2845 minime
2177 2774 2493 2840 credunt?
2560 2794 2786 2859 nempe

486 2896 644 2960 opus
695 2878 816 2941 erit
861 2898 977 2944 nos
1024 2878 1186 2962 ipsis
1236 2880 1589 2959 ostendere,
1641 2880 1796 2963 quid
1844 2882 2192 2965 scripserit.

574 2986 635 3047 4.
697 2980 865 3062 Quid
912 3004 1059 3069 ergo
1110 2985 1577 3051 ostendemus?
1637 3006 1714 3051 an
1761 2988 1944 3066 illud,
1995 2988 2165 3071 quod
2210 3008 2330 3055 uos
2379 2989 2626 3066 soletis,
2677 2990 2788 3053 ubi

486 3090 644 3155 deus
692 3110 849 3156 suus
896 3092 1185 3175 loquitur
1230 3093 1309 3156 ad
1344 3094 1615 3177 Moysen
1666 3094 1922 3160 dicens:
1973 3096 2366 3161 suscitabo
2414 3096 2580 3160 illis
2625 3116 2784 3180 pro-

483 3196 788 3280 phetam
855 3199 941 3262 de
1007 3199 1378 3264 fratribus
1443 3199 1780 3283 ipsorum
1847 3202 2176 3267 similem
2240 3202 2427 3267 tibi?
2497 3202 2610 3267 sed
2664 3204 2787 3267 hoc
2827 3200 2875 3241 ²⁵

486 3301 738 3385 quidem
788 3304 867 3369 ad
916 3304 1243 3371 Christum
1286 3307 1552 3372 minime
1601 3312 1892 3392 spectare
1938 3328 2056 3375 nec
2109 3310 2418 3375 Iudaeum
2465 3311 2626 3374 latet
2670 3330 2787 3375 nec

485 3409 669 3474 nobis
719 3412 811 3476 sic
859 3412 1111 3477 credere
1159 3412 1562 3479 conducibile
1603 3418 1720 3489 est,
1761 3416 1910 3499 quia
1945 3436 2069 3481 non
2126 3416 2436 3501 propheta
2492 3415 2786 3481 Christus

662 3600 731 3655 24
766 3601 929 3657 Dent.
974 3604 1055 3667 18,
1096 3605 1163 3658 15
1206 3646 1217 3657 .
1260 3605 1326 3657 18

554 3728 582 3780 1
623 3731 911 3796 quererent
953 3728 1001 3781 0
1176 3730 1209 3781 2
1250 3734 1306 3783 et
1345 3734 1407 3797 (8.
1448 3732 1505 3800 l.)
1552 3730 1600 3783 O
1777 3732 1808 3785 3
1855 3730 2005 3785 ihum
2054 3732 2130 3801 (m
2175 3748 2219 3786 s.
2269 3732 2303 3786 l.
2355 3732 2486 3786 add.
2532 3750 2601 3786 m.
2643 3730 2694 3799 1)
2733 3730 2788 3783 L

477 3814 645 3869 nichil
689 3815 738 3868 Ο
875 3818 909 3871 5
958 3818 1315 3888 suspitionem
1360 3819 1409 3873 0
1548 3820 1790 3891 capitulo
1841 3820 1883 3887 (i
1926 3836 1969 3874 3.
2021 3822 2078 3887 Ζ.)
2132 3820 2181 3874 0
2355 3822 2388 3873 6
2433 3836 2646 3873 moseos
2685 3818 2788 3874 SG·

475 3902 509 3954 8
546 3904 788 3958 melioris
830 3906 898 3973 (is
934 3907 998 3959 in
1032 3913 1169 3969 ras.)
1214 3907 1263 3961 0
1400 3908 1816 3979 intellegentiae
1850 3911 1926 3964 L¹
2077 3912 2145 3965 10
2179 3910 2346 3964 michi
2389 3910 2437 3964 0
2571 3912 2631 3963 11
2673 3909 2788 3969 sru-

482 3995 680 4049 straeris
721 3998 785 4055 (ae
825 4012 891 4049 ex
928 4012 956 4049 e
992 4013 1062 4050 m.
1102 3994 1155 4065 2)
1202 3997 1249 4051 G
1282 3997 1553 4052 frustraris
1580 3998 1695 4054 L¹b
1810 4001 1874 4053 12
1916 4000 1982 4054 de
2021 4000 2147 4071 dno]
2187 4000 2293 4055 dno
2330 4001 2379 4055 0
2485 4000 2552 4054 13
2579 3999 2787 4069 moysei

484 4086 539 4153 (y
556 4100 601 4138 s.
624 4084 681 4154 l.)
702 4084 803 4138 Lo
899 4102 1066 4156 queso
1092 4086 1142 4140 G
1249 4087 1313 4141 15
1342 4088 1468 4141 nolo
1500 4088 1572 4157 (lo
1593 4104 1636 4143 ε.
1659 4090 1720 4159 Ζ.)
1741 4088 1810 4141 Μ
1919 4092 1985 4145 16
2013 4089 2358 4161 respitiasM
2463 4091 2532 4145 18
2559 4090 2788 4159 Iudaeo]

474 4172 636 4227 iudeo
674 4172 785 4228 Lo
814 4174 991 4229 iudeis
1030 4175 1078 4229 S
1108 4176 1297 4231 iudeos
1341 4176 1417 4232 6³¹
1679 4179 1886 4248 gentile
1931 4178 2100 4233 ΙΑΜι
2323 4181 2388 4233 19
2437 4180 2702 4250 quesituri
2744 4178 2796 4233 G

481 4266 635 4316 erant
654 4263 685 4316 b
758 4263 829 4317 20
858 4262 1129 4317 offerimus
1149 4263 1433 4319 L¹SGM12
1534 4267 1834 4335 poterimus
1862 4266 2040 4322 dicere
2071 4266 2116 4321 C
2185 4268 2256 4321 22
2283 4269 2433 4338 ipsos
2451 4268 2788 4324 LGSM¹Gb

478 4352 546 4405 23
586 4351 919 4407 ostendimus
961 4351 1187 4406 LSGM
1330 4356 1413 4408 An
1450 4356 1557 4409 inc.
1599 4370 1641 4409 c.
1679 4358 1714 4409 4
1751 4356 1814 4409 in
1851 4356 1882 4409 b
1993 4357 2059 4409 27
2099 4356 2437 4411 conducibile
2473 4357 2550 4410 L¹
