3159 4984
481 453 564 516 32
1187 451 1240 504 S.
1297 451 1570 505 Aureli
1626 451 2069 520 Augustini

481 645 722 715 diuina,
806 644 1246 710 beatissimum
1331 648 1464 719 est;
1547 645 1921 728 intellegere
1970 647 2183 709 autem
2230 643 2564 727 supexflua,
2624 643 2783 708 nihil

479 755 683 825 nocet,
744 752 855 817 sed
899 751 1171 816 fortasse
1219 751 1458 815 discere
1505 752 1744 827 nocuit,
1796 770 1939 815 cum
1988 754 2245 834 tempus
2282 751 2779 815 necessariorum

480 863 877 942 occuparent.
925 859 1066 942 ipsa
1112 859 1301 923 etiam
1368 859 1550 922 noxia
1612 879 1737 923 non
1807 859 2198 942 intellegere.
2261 858 2370 922 sed
2416 859 2619 922 facere
2669 861 2781 921 aut

477 966 611 1050 pati
657 966 960 1030 miserum
1009 970 1126 1030 est.
1177 985 1299 1030 non
1349 965 1516 1029 enim
1555 966 1609 1030 si
1648 965 1792 1048 quis
1828 966 2181 1050 intellegat.
2220 965 2535 1048 quomodo
2574 966 2782 1048 possit

477 1073 772 1137 inimicus
822 1072 956 1136 sine
1006 1091 1122 1136 suo
1169 1071 1448 1155 periculo
1497 1072 1719 1148 occidi,
1764 1073 2203 1156 intellegentia
2246 1073 2404 1156 ipsa,
2454 1091 2491 1135 a·
2536 1072 2777 1155 cupidi·
2856 1089 2887 1126 ⁵

478 1183 610 1243 tate
674 1198 819 1243 reus
888 1181 1022 1252 est;
1081 1197 1240 1261 quae
1307 1178 1362 1241 si
1425 1178 1611 1254 absit,
1662 1177 1813 1260 quid
1876 1178 2278 1243 innocentius
2337 1178 2461 1243 dici
2515 1181 2779 1262 potest?

479 1285 730 1350 credere
779 1289 991 1349 autem
1037 1289 1192 1350 tunc
1241 1287 1341 1349 est
1387 1284 1791 1367 culpandum,
1843 1305 1989 1350 cum
2034 1287 2142 1350 uel
2180 1286 2255 1350 de
2296 1285 2412 1350 deo
2449 1285 2780 1369 indignum

479 1393 716 1475 aliquid
765 1392 1041 1457 creditur
1086 1392 1192 1455 uel
1239 1391 1314 1455 de
1364 1391 1617 1456 homine
1664 1391 1850 1456 facile
1899 1392 2192 1457 creditur.
2240 1393 2303 1456 in
2353 1393 2580 1457 ceteris
2630 1411 2779 1457 uero

477 1501 666 1564 rebus
733 1499 788 1562 si
854 1498 997 1580 quis
1066 1497 1218 1580 quid
1275 1497 1494 1572 credit,
1553 1496 1610 1562 si
1668 1517 1734 1560 se
1792 1496 1858 1561 id
1913 1498 2154 1562 nescire
2200 1499 2553 1582 intellegat,
2604 1499 2781 1562 nulla

479 1607 666 1690 culpa
759 1609 879 1671 est.
974 1604 1159 1670 credo
1236 1604 1400 1668 enim
1481 1604 2007 1670 sceleratissimos
2092 1605 2450 1671 coniuratos
2534 1606 2777 1669 uirtute
2820 1619 2879 1657 ιο

480 1712 798 1778 Ciceronis
869 1711 1188 1794 quondam
1250 1711 1660 1778 interfectos:
1738 1713 1913 1794 atqui
1987 1711 2051 1776 id
2096 1732 2219 1777 non
2268 1713 2477 1776 solum
2540 1711 2779 1782 nescio,

479 1819 589 1884 sed
666 1819 856 1883 etiam
923 1819 1099 1882 nullo
1163 1821 1349 1900 pacto
1416 1837 1518 1881 me
1586 1819 1745 1882 scire
1813 1839 2002 1901 posse
2068 1822 2237 1884 certo
2304 1819 2457 1884 scio.
2537 1816 2783 1902 opinari

477 1931 690 1992 autem
757 1927 914 1991 duas
983 1926 1061 1990 ob
1125 1944 1225 1989 res
1291 1925 1733 2008 turpissimum
1804 1929 1938 1990 est:
2008 1926 2176 2008 quod
2244 1929 2307 1991 et
2372 1926 2612 1992 discere
2649 1945 2777 1990 non

476 2037 709 2118 potest,
779 2034 889 2116 qui
957 2033 1079 2097 sibi
1142 2031 1269 2096 iam
1327 2051 1394 2096 se
1451 2033 1613 2097 scire
1669 2035 2009 2116 persuasit,
2070 2035 2125 2098 si
2180 2034 2369 2099 modo
2418 2035 2579 2098 illud
2619 2033 2783 2099 disci

475 2131 728 2225 potest,‘
752 2144 816 2205 et
851 2159 963 2224 per
999 2159 1067 2205 se
1101 2140 1244 2223 ipsa
1279 2140 1607 2205 temeritas
1644 2160 1767 2204 non
1806 2141 1966 2205 bene
2006 2141 2237 2206 adfecti
2282 2141 2473 2205 animi
2522 2141 2777 2226 signum
2828 2151 2893 2190 1⁵

479 2257 594 2314 est.
663 2267 807 2312 nam
869 2247 1119 2313 etiamsi
1175 2247 1297 2312 hoc
1342 2247 1575 2330 ipsum,
1627 2247 1794 2329 quod
1845 2247 1921 2312 de
1970 2248 2268 2313 Cicerone
2319 2247 2461 2324 dixi,
2502 2249 2661 2312 scire
2708 2267 2779 2312 se

479 2357 813 2438 quisquam
856 2355 1212 2432 arbitratur,
1252 2373 1632 2438 quamquam
1670 2355 1833 2418 nihil
1873 2375 2018 2419 eum
2073 2355 2357 2439 inpediat
2392 2375 2428 2419 a
2457 2353 2777 2432 discend0,

482 2465 630 2546 quia
691 2482 792 2528 res
858 2463 998 2545 ipsa
1059 2462 1236 2525 nulla
1309 2461 1575 2526 scientia
1631 2461 1835 2526 teneri
1891 2465 2123 2545 potest,
2180 2465 2393 2526 tamen
2440 2461 2610 2545 quod
2656 2481 2781 2526 non

478 2569 798 2654 intellegit
831 2569 1109 2633 multum
1146 2568 1473 2646 interesse,
1511 2571 1727 2633 utrum
1768 2569 2007 2652 aliquid
2044 2569 2275 2634 mentis
2323 2573 2493 2634 certa
2538 2569 2781 2633 ratione

479 2677 789 2750 uideatur,
839 2675 1008 2758 quod
1061 2675 1428 2759 intellegere
1486 2675 1779 2753 dicimus,
1840 2696 1915 2740 an
1964 2677 2167 2740 famae
2214 2677 2321 2742 uel
2362 2676 2596 2741 litteris
2645 2695 2777 2740 cre·
2822 2687 2893 2726 ²⁰

480 2783 754 2848 dendum
820 2783 1090 2866 posteris
1138 2781 1382 2846 utiliter
1427 2783 1920 2853 commendetur,
1994 2783 2276 2866 profecto
2344 2787 2525 2848 errat.
2574 2801 2777 2864 neque

478 2891 813 2973 quisquam
875 2909 1043 2954 error
1105 2887 1496 2970 turpitudine
1563 2892 1754 2952 caret.
1841 2890 2009 2971 quod
2070 2889 2505 2974 intellegimus
2552 2889 2780 2974 igitur,

478 2997 781 3061 debemus
827 2995 1074 3072 rationi,
1123 2994 1291 3078 quod
1341 2993 1676 3063 credimus,
1728 2997 2110 3072 auctoritati,
2191 2995 2361 3079 quod
2425 2997 2775 3078 opinamur,

477 3101 687 3167 errori.
760 3099 872 3164 sed
936 3099 1314 3183 intellegens
1385 3099 1593 3164 omnis
1653 3100 1840 3163 etiam
1903 3100 2121 3172 credit,
2179 3101 2379 3166 credit
2442 3100 2645 3166 omnis
2711 3103 2779 3164 et

476 3207 584 3290 qui
659 3206 987 3290 opinatur3
1073 3225 1196 3270 non
1271 3207 1475 3271 omnis
1551 3206 1660 3288 qui
1741 3207 1940 3271 credit
1994 3207 2338 3291 intellegit;
2388 3207 2603 3272 nullus
2661 3206 2771 3288 qui
2814 3217 2889 3256 ’ὅ

475 3314 767 3397 opinatur
811 3311 1152 3396 intellegit.
1202 3313 1356 3377 haec
1405 3330 1552 3396 ergo
1603 3312 1727 3376 tria
1772 3314 1827 3377 si
1865 3313 1943 3378 ad
1978 3315 2091 3378 illa
2128 3313 2406 3397 quinque
2442 3313 2772 3377 hominum

473 3439 720 3506 genera,
788 3438 948 3501 quae
1004 3419 1195 3502 paulo
1245 3421 1387 3482 ante
1436 3421 2099 3498 commemorauimus,
2145 3421 2512 3495 referantur,
2560 3419 2627 3483 id
2676 3421 2777 3484 est

560 3639 592 3692 2
641 3639 802 3704 docet
832 3637 900 3692 8²
987 3637 1354 3692 necessariora
1394 3641 1557 3704 (corr.
1602 3655 1667 3692 ατ
1703 3639 2056 3704 necessarius)
2088 3639 2135 3692 S
2246 3639 2279 3691 3
2316 3638 2431 3709 ipse
2450 3654 2496 3705 p
2532 3637 2652 3706 ipsa
2682 3633 2777 3688 072

470 3728 656 3798 etiam]
695 3730 877 3781 autem
910 3727 976 3779 M
1045 3727 1204 3781 noxia
1237 3726 1318 3780 072
1491 3729 1528 3780 4
1565 3728 1613 3781 si
1654 3731 1716 3794 (e.
1758 3728 1793 3782 l.
1830 3745 1900 3782 m.
1926 3729 1977 3796 1)
1998 3744 2043 3796 p
2242 3729 2274 3781 ὅ
2314 3727 2367 3797 a]
2404 3741 2467 3780 ac
2500 3742 2609 3780 non
2640 3724 2773 3792 SPp

468 3816 538 3868 M
551 3813 684 3868 me
769 3833 776 3838 ·
811 3815 844 3868 6
875 3817 960 3868 eat
983 3831 1088 3870 om.
1113 3814 1198 3868 Ch
1305 3816 1366 3869 11
1407 3815 1666 3885 ciceronis
1692 3813 1769 3868 M
1824 3819 1989 3885 atque
2020 3816 2131 3869 SM
2144 3816 2241 3868 Vm
2352 3814 2418 3868 12
2456 3817 2599 3868 certe
2620 3811 2667 3866 S
2682 3811 2775 3866 Vm

471 3904 536 3957 13
573 3908 632 3957 et
666 3901 892 3973 discere]
930 3903 1166 3959 ediscere
1195 3903 1398 3958 SVPm
1435 3904 1673 3974 ediscere
1696 3904 1765 3956 M
1878 3906 1944 3959 14
1980 3904 2087 3960 dici
2113 3905 2228 3959 Chb
2342 3905 2407 3958 16
2444 3904 2684 3973 cicerone
2704 3902 2781 3954 M

470 4017 920 4087 17impediantP
1026 4019 1282 4072 lementi
1307 3985 1959 4087 chpMmeentfoem.
1980 4019 2013 4072 2
2035 4019 2267 4087 aad.)1²
2370 4019 2439 4072 20
2468 4017 2686 4072 uidetur
2702 4017 2769 4070 M

466 4097 716 4162 teneatur
743 4108 774 4162 b
816 4109 898 4174 (in
931 4123 1101 4177 mary.
1133 4109 1194 4162 al
1217 4107 1490 4174 uideatur)
1549 4105 1695 4162 fama
1720 4107 1802 4162 Ch
1913 4109 1981 4161 22
2016 4107 2375 4178 intelligimus
2406 4107 2437 4160 b
2479 4108 2561 4174 (in
2596 4111 2769 4175 mam.

466 4195 539 4249 al.
579 4197 796 4265 scimus)
871 4185 1042 4266 igitur
1079 4213 1180 4250 om,
1217 4195 1298 4250 oh
1477 4195 1549 4250 23
1587 4195 1842 4266 opinatur
1874 4196 1959 4251 Oh
1996 4200 2054 4251 et
2088 4197 2183 4266 qui
2222 4195 2478 4266 opinatur
2518 4193 2687 4248 errori
2709 4191 2779 4244 'V

464 4284 532 4337 24
570 4278 742 4339 credit
779 4286 878 4338 alt.
919 4301 1021 4340 om.
1059 4285 1141 4338 Oh
1301 4285 1369 4339 25
1405 4284 1659 4338 nullus—
1673 4285 1951 4355 intellegit
1984 4301 2087 4339 om.
2116 4285 2171 4338 P
2202 4285 2319 4343 (sed
2350 4287 2465 4338 ras.
2500 4288 2770 4353 quattuor

461 4375 602 4440 noc.)
750 4374 820 4428 26
857 4373 990 4428 haec
1029 4376 1178 4445 ergo]
1213 4373 1381 4444 hergo
1402 4390 1448 4442 p
