3159 4984
974 476 1104 531 1111.
1163 477 1454 532 Contra
1511 477 2025 531 Adimantum.
2492 479 2615 539 125

313 674 586 756 Moysi.
638 673 1058 738 crederetis
1108 678 1182 737 et
1229 674 1436 747 mihi3
1503 673 1643 737 ille
1710 674 1903 737 enim
1966 672 2051 737 de
2106 692 2219 736 me
2278 670 2618 755 scripsit.

315 780 670 845 secundum
732 779 1070 845 eorundem
1128 784 1534 862 peccatorum
1592 799 1837 844 uenena
1894 780 2085 843 etiam
2143 781 2505 863 serpentum
2555 780 2619 842 et

317 888 681 969 uiperarum
730 906 960 971 genera
1005 891 1331 952 uocantur.

423 994 526 1057 Ad
579 994 920 1078 imaginem
981 998 1194 1058 autem
1270 993 1372 1058 dei
1444 994 1685 1059 factum
1762 994 2085 1059 hominem
2162 1013 2285 1058 non
2368 996 2619 1056 tantum

262 1118 286 1155 ⁵
318 1100 580 1184 genesis
653 1101 766 1166 sed
834 1101 1024 1165 etiam
1071 1102 1401 1184 apostolus
1451 1102 1703 1174 clamat,
1744 1120 1889 1166 cum
1930 1101 2119 1164 dicit:
2168 1100 2285 1164 uir
2323 1099 2620 1180 quidem

314 1228 464 1273 non
517 1209 743 1273 debet
789 1208 1048 1272 uela-re
1097 1212 1342 1291 caput.
1393 1226 1556 1273 cum
1606 1207 1711 1273 sit
1754 1208 2005 1291 imago
2056 1210 2130 1270 et
2176 1206 2421 1291 gloria
2480 1205 2618 1280 dei,

311 1316 600 1379 mulier
643 1318 894 1379 autem
943 1314 1192 1399 gloria
1239 1315 1404 1379 uiri.
1456 1318 1522 1379 et
1557 1318 1633 1379 ut
1669 1314 2005 1378 manifeste
2044 1314 2456 1397 intellegatur
2490 1332 2615 1377 non

309 1420 669 1485 secundum
707 1424 1098 1486 uetustatem
1136 1421 1402 1503 peccati,
1437 1439 1598 1502 quae
1638 1420 2081 1502 corrumpitur,
2114 1418 2226 1483 sed
2265 1418 2615 1481 secundum

311 1527 670 1610 spiritalem
719 1527 1278 1593 conformationem
1325 1528 1564 1592 factum
1614 1546 1753 1591 esse
1799 1527 2122 1591 hominem
2162 1526 2239 1589 ad
2277 1525 2619 1608 imaginem

229 1652 276 1690 ιο
311 1634 436 1699 dei.
493 1634 646 1697 item
693 1635 1021 1717 apostolus
1068 1638 1304 1702 monet.
1345 1637 1419 1699 ut
1465 1635 1636 1698 exuti
1685 1633 2145 1698 consuetudine
2191 1636 2617 1715 peccatorum,

309 1740 378 1805 id
430 1746 538 1805 est
583 1744 796 1805 uetere
852 1742 1127 1816 homine,
1185 1741 1526 1806 induamus
1579 1760 1815 1805 nouam
1869 1741 2069 1805 uitam
2120 1740 2375 1806 Christi.
2433 1757 2623 1820 quem

314 1867 561 1912 nouum
625 1848 944 1912 hominem
1013 1848 1310 1931 appellat.
1380 1852 1444 1911 et
1501 1852 1578 1911 ut
1632 1848 1859 1913 doceat
1912 1848 2033 1913 hoc
2100 1866 2214 1912 nos
2282 1845 2619 1928 aliquando

315 1954 635 2031 amisisse,
683 1955 1158 2020 renouationem
1207 1955 1386 2019 illam
1431 1959 1643 2022 uocat.
1694 1974 1837 2019 nam
1885 1955 1978 2019 ita
2030 1954 2353 2037 loquitur:
2412 1972 2619 2035 expo-

312 2062 604 2127 liantes
674 2081 812 2127 uos
875 2068 1210 2129 ueterem
1267 2062 1643 2129 hominem
1700 2082 1863 2127 cum
1921 2062 2226 2127 actibus
2294 2061 2457 2124 eius
2518 2060 2617 2122 in-

233 2187 280 2224 15
313 2166 534 2231 <luite
581 2186 877 2233 nouum.
919 2170 1045 2251 qui
1091 2173 1510 2234 renouatur
1552 2170 1628 2233 in
1678 2169 2143 2253 agnitionem
2194 2168 2313 2231 dei
2362 2186 2618 2231 secun-

315 2274 492 2339 dum
539 2275 946 2359 imaginem
995 2276 1182 2341 eius.
1233 2276 1359 2359 qui
1409 2278 1706 2341 creauit
1754 2296 1935 2341 eum.
1986 2275 2102 2339 filii
2143 2294 2291 2358 ergo
2332 2274 2431 2339 dei
2472 2278 2623 2339 sunt

316 2381 610 2447 homines
666 2384 953 2448 renouati
1002 2382 1080 2447 ad
1129 2384 1266 2449 eius
1313 2383 1658 2468 imaginem
1708 2387 1773 2447 et
1820 2384 1875 2447 ei
1926 2383 2169 2448 similes
2217 2381 2369 2446 facti
2414 2400 2619 2462 usque

316 2488 394 2552 ad
448 2488 856 2554 dilectionem
893 2490 1154 2557 inimici.
1195 2491 1366 2555 sicut
1403 2491 1697 2555 dominus
1738 2490 1893 2555 dicit
1931 2491 2193 2574 diligere
2233 2509 2347 2554 nos
2388 2487 2617 2553 debere

316 2593 618 2659 inimicos
665 2600 935 2665 nostros,
985 2600 1058 2661 ut
1104 2596 1348 2661 similes
1397 2597 1598 2661 simus
1646 2598 1811 2679 patri
1856 2600 2095 2670 nostro,
2155 2596 2263 2677 qui
2307 2596 2371 2659 in
2422 2594 2617 2659 caelis

235 2718 284 2756 2⁰
317 2704 439 2765 est.
492 2701 665 2783 quod
709 2702 773 2766 in
819 2706 1138 2785 potestate
1185 2706 1402 2767 nostra
1447 2704 1523 2767 ab
1570 2705 1710 2787 ipso
1761 2703 1877 2769 deo
1927 2722 2065 2768 esse
2112 2703 2393 2786 positum
2435 2700 2622 2765 docet

317 2808 663 2891 scriptura,
731 2828 874 2873 cum
943 2810 1134 2875 dicit:
1213 2809 1422 2875 dedit
1499 2813 1609 2877 eis
1680 2815 2143 2895 potestatem
2210 2810 2427 2874 filios
2500 2806 2619 2870 dei

317 2912 514 2979 fieri.
581 2915 702 2979 filii
766 2920 978 2981 autem
1047 2918 1283 2983 diaboli
1347 2918 1647 2983 dicuntur
1707 2918 2017 2985 homines
2086 2936 2232 2981 cum
2286 2915 2621 2979 imitantur

319 3020 458 3085 eius
527 3021 765 3103 inpiam
813 3022 1170 3105 superbiam
1223 3026 1286 3087 et
1335 3042 1370 3086 a
1416 3024 1558 3088 luce
1608 3028 1797 3107 atque
1846 3024 2223 3089 celsitudine
2272 3019 2618 3105 sapientiae

319 3127 630 3192 decidunt
675 3132 740 3193 et
783 3149 908 3194 non
957 3130 1222 3195 credunt
1265 3131 1541 3207 ueritati,
1583 3132 1803 3213 quales
1852 3130 2145 3196 dominus
2194 3128 2424 3213 arguit,
2474 3144 2620 3190 cum

233 3256 280 3295 ω
321 3231 516 3317 dicit:
568 3252 704 3299 uos
752 3253 833 3298 ex
880 3238 1094 3318 patre
1146 3235 1450 3301 diabolo
1501 3235 1691 3301 estis
1732 3239 1797 3299 et
1836 3240 2062 3299 cetera.
2113 3236 2215 3299 cui
2252 3236 2394 3299 loco
2436 3251 2621 3297 euan-

321 3340 532 3423 gelieo
570 3340 882 3423 propheta
918 3343 1226 3406 consonat
1261 3341 1516 3406 dicens:
1568 3361 1702 3426 ego
1754 3342 1924 3415 dixi,
1975 3342 2081 3406 dii
2130 3343 2320 3407 estis
2361 3345 2433 3405 et
2467 3338 2623 3404 filii

320 3446 694 3511 altissimi
742 3466 1026 3517 omnes:
1076 3466 1213 3513 uos
1253 3451 1503 3513 autem
1543 3445 1749 3513 sient
1803 3449 2149 3514 homines
2197 3445 2624 3514 moriemini

323 3556 398 3617 et
443 3553 656 3617 sicut
700 3572 894 3618 unus
943 3555 1029 3619 (19
1075 3554 1557 3637 principibus
1608 3555 1921 3620 cadetis.

504 3728 537 3780 5
576 3726 605 3780 Ι
641 3726 761 3783 Cor.
805 3728 890 3791 11,
930 3728 960 3780 7
1184 3730 1248 3782 13
1288 3728 1402 3784 Col.
1443 3728 1494 3795 3,
1532 3731 1564 3784 9
1604 3747 1685 3800 sq.
1890 3730 1954 3784 19
1994 3730 2059 3784 cf.
2100 3729 2298 3784 Matth.
2338 3731 2388 3789 5,
2428 3731 2499 3783 44
2540 3745 2617 3797 sq.

325 3814 391 3868 21
430 3816 551 3869 Ioh.
594 3818 642 3881 1,
684 3815 748 3869 12
858 3816 927 3870 25
963 3816 1054 3871 ΡΒ.
1093 3820 1179 3881 81,
1219 3820 1250 3871 6
1289 3836 1368 3889 sq.

398 3943 425 3994 1
450 3946 507 3994 et
527 3958 629 3994 om.
655 3940 763 3993 CV
828 3942 860 3993 2
890 3946 1158 3996 ueuenata
1179 3946 1488 4012 serpentum
1508 3942 1563 3995 P
1684 3943 2013 4013 serpentium
2041 3946 2083 3997 S
2182 3944 2213 3997 3
2235 3943 2511 4014 genimina
2542 3946 2625 4009 (in

327 4045 496 4098 naar-9.
529 4029 604 4081 al.
637 4032 854 4099 genera)
881 4028 912 4081 b
986 4032 1018 4082 4
1046 4030 1353 4099 ymaginem
1395 4029 1448 4082 V
1514 4030 1545 4083 6
1586 4031 1802 4100 inmago
1840 4030 1887 4083 C'
1960 4031 2025 4085 10
2064 4031 2215 4099 item]
2248 4031 2391 4085 idem
2427 4030 2621 4085 TGVb

329 4118 393 4171 11
422 4122 608 4171 uetere
637 4116 906 4170 hominem
938 4118 1102 4187 (uir-9.
1133 4134 1200 4171 m.
1230 4122 1270 4171 2
1300 4118 1460 4183 add.)
1488 4118 1546 4171 P
1732 4119 2034 4187 ,induamur
2060 4137 2204 4173 nona
2234 4121 2348 4173 uita
2383 4118 2616 4173 TCSVb

331 4208 396 4259 15
435 4206 716 4277 agnitione
761 4206 862 4259 CV
973 4208 1037 4262 19
1077 4208 1320 4277 simimus
1358 4207 1412 4260 P
1518 4209 1582 4261 21
1627 4207 1683 4261 ‹11
1723 4212 1790 4275 (s,
1832 4208 1866 4262 l.
1908 4226 1973 4261 m.
2014 4212 2079 4275 2)
2120 4208 2175 4262 P
2290 4210 2356 4263 23
2398 4210 2621 4265 decidat

331 4322 596 4392 sapientie
635 4322 666 4375 b
777 4322 846 4374 26
886 4290 1144 4387 consonet
1178 4324 1225 4376 (J
1346 4324 1412 4374 27
1453 4324 1645 4376 excelsi
1689 4325 1769 4376 (in
1806 4340 1973 4393 mary.
2015 4324 2287 4385 altissimi)
2320 4324 2369 4377 V
2482 4326 2623 4380 sicut

329 4412 594 4479 homines]
631 4415 696 4465 ut
731 4410 874 4464 hom.
920 4409 1158 4464 TCSVb
1269 4410 1336 4463 28
1376 4412 1464 4480 de]
1503 4429 1562 4465 ex
1610 4410 1838 4465 TCSVb
