3159 4984
857 461 958 515 111.
997 462 1245 518 Contra
1281 464 1724 519 Fortunatum
1764 462 2171 535 disputatio.
2554 466 2635 530 97

428 656 646 726 FORT.
697 656 888 721 dixit:
950 656 1310 723 Secundum
1361 678 1611 723 carnem
1660 660 1952 725 adseritis
2002 682 2075 726 ex
2122 662 2361 727 semine
2408 660 2639 739 Dauid,

341 781 486 825 cum
533 763 938 846 praedicetur
984 784 1055 830 ex
1101 767 1350 851 uirgine
1399 787 1540 833 esse
1588 772 1799 847 natm,
1858 772 1924 834 et
1978 770 2149 835 filius
2206 770 2309 835 dei
2352 769 2642 855 magnifi-

265 878 274 885 ·
339 872 540 936 cetur.
609 870 748 935 fieri
813 873 982 936 enim
1045 893 1170 939 non
1235 877 1470 956 potest,
1537 874 1661 940 nisi
1720 878 1794 940 ut
1848 876 2020 957 quod
2084 877 2159 941 de
2226 877 2456 960 spiritu
2520 879 2638 953 est,

341 977 608 1059 spiritus
665 977 994 1046 habeatur.
1054 982 1119 1044 et
1183 980 1352 1063 quod
1419 980 1496 1045 de
1563 1000 1745 1045 carne
1813 985 1932 1057 est.,
2001 1001 2143 1049 caro
2208 982 2637 1068 intellegatur.

279 1101 306 1139 ⁵
339 1088 562 1149 contra
619 1086 786 1167 quod
846 1092 944 1151 est
996 1086 1136 1170 ipsa
1191 1087 1536 1154 auctoritas
1597 1088 1933 1173 euangelii,
1993 1107 2117 1171 qua
2174 1089 2425 1167 dicitur,
2472 1088 2642 1172 quod

341 1208 513 1255 caro
573 1194 647 1255 et
701 1193 1018 1277 sanguis
1075 1212 1382 1277 regnum
1452 1194 1573 1258 dei
1626 1194 2020 1278 possidere
2086 1214 2227 1261 non
2292 1198 2637 1279 possunt,

338 1317 476 1362 nec
526 1300 917 1383 corruptio
963 1301 1562 1384 incorruptelam
1610 1301 2064 1383 possidebit.

429 1405 556 1470 Hic
623 1407 929 1489 strepitus
993 1408 1202 1473 factus
1269 1412 1369 1473 est
1430 1428 1468 1472 a
1533 1407 2048 1486 consedentibuS‚
2116 1409 2225 1492 qui
2289 1408 2639 1474 rationibus

336 1511 558 1593 potius
608 1513 714 1597 agi
758 1513 1082 1589 uolebant,
1140 1514 1288 1597 quia
1343 1514 1649 1579 uidebant
1704 1534 1851 1579 eum
1906 1535 2030 1581 non
2090 1514 2320 1590 omnia,
2367 1532 2527 1597 quae
2574 1514 2639 1578 in

255 1634 306 1671 1⁰
345 1620 628 1700 apostoli
692 1620 908 1687 codice
975 1620 1211 1705 scripta
1277 1625 1446 1699 sunt,
1514 1624 1683 1688 uelle
1750 1622 2052 1706 accipere.
2120 1621 2344 1687 deinde
2399 1620 2638 1704 passim

337 1726 786 1792 sermocinatio
835 1728 912 1791 ab
960 1728 1254 1794 omnibus
1295 1728 1512 1794 haberi
1553 1729 1784 1811 coepit,
1842 1747 2175 1813 quousque
2230 1726 2469 1793 diceret
2512 1746 2639 1793 ser-

333 1852 597 1898 monem
646 1834 748 1899 dei
790 1834 1060 1919 ligatum
1109 1854 1250 1901 esse
1297 1836 1364 1900 iu
1411 1840 1601 1920 gente
1650 1834 2073 1901 tenebrarum.
2133 1834 2303 1917 quod
2348 1853 2493 1898 cum
2544 1853 2642 1899 ex-

333 1939 743 2005 horruissent
788 1941 896 2023 qui
944 1942 1225 2013 aderant,
1275 1942 1633 2007 discessum
1680 1946 1801 2009 est.

429 2047 700 2112 Postera
747 2048 846 2113 die
895 2048 1178 2113 adhibito
1226 2050 1460 2115 iterum
1508 2050 1753 2115 notario
1801 2068 1901 2113 res
1951 2052 2092 2112 acta
2140 2048 2233 2113 sic
2282 2050 2399 2113 est.

249 2168 298 2209 ¹⁵
427 2154 648 2225 FORT.
705 2155 896 2220 dixit:
962 2156 1144 2232 Dic0‚
1205 2156 1375 2238 quod
1428 2156 1589 2220 nihil
1644 2156 1799 2220 mali
1857 2174 1927 2220 ex
1986 2174 2055 2221 se
2111 2154 2389 2237 proferat
2446 2154 2643 2220 omni-

335 2264 572 2343 potens
621 2262 778 2327 deus
828 2266 892 2326 et
937 2262 1107 2345 quod
1153 2282 1312 2345 quae
1373 2282 1489 2329 sua
1545 2267 1697 2327 sunt
1750 2263 2115 2345 incorrupta
2168 2264 2463 2325 maneant
2516 2279 2641 2325 uno

335 2386 410 2432 ex
461 2367 638 2433 fonte
685 2368 1042 2434 inuiolabili
1089 2372 1227 2435 orta
1273 2372 1340 2434 et
1384 2370 1635 2454 genita:
1696 2372 1907 2434 cetera
1960 2386 2134 2445 uero,
2195 2384 2353 2449 quae
2408 2366 2473 2431 in
2520 2368 2641 2432 hoc

333 2474 579 2539 mundo
627 2476 966 2539 uersantur
1012 2474 1338 2552 contraria,
1398 2494 1520 2540 non
1579 2494 1651 2539 ex
1708 2474 1823 2539 deo
1880 2492 2131 2537 manare
2188 2491 2303 2537 nec
2358 2472 2639 2556 principe

335 2582 456 2646 deo
504 2580 794 2663 paruisse
839 2580 902 2645 in
951 2580 1072 2646 hoc
1119 2581 1396 2658 saeculo,
1433 2581 1501 2645 id
1539 2584 1641 2646 est
1676 2580 1845 2663 quod
1882 2600 2005 2645 non
2046 2599 2117 2645 ex
2151 2579 2292 2662 ipso
2332 2579 2637 2664 originem

243 2700 292 2740 ²⁰
333 2686 612 2752 trahant.
660 2687 816 2751 haec
864 2707 1012 2772 ergo
1060 2688 1124 2753 in
1172 2688 1295 2753 fide
1343 2687 1765 2770 suscepimu8‚
1825 2686 1995 2769 quod
2050 2686 2255 2751 aliena
2299 2686 2428 2751 sint
2470 2688 2639 2751 mala

329 2813 366 2857 a
417 2793 560 2858 deo.

421 2902 530 2964 20.
600 2900 772 2971 AUG.
829 2901 1020 2966 dixit:
1087 2902 1170 2966 Et
1225 2906 1441 2967 nostra
1494 2901 1653 2966 fides
1711 2900 1867 2964 haec
1924 2903 2041 2975 est,
2101 2898 2272 2982 quod
2326 2899 2635 2964 malorum

328 3006 588 3092 genitor
632 3028 756 3073 non
805 3010 892 3073 sit
937 3008 1094 3073 deus
1142 3028 1346 3091 neque
1395 3008 1595 3073 ullam
1640 3012 1931 3072 naturam
1968 3005 2190 3071 fecerit
2225 3006 2475 3072 malam.
2526 3006 2637 3070 sed

329 3134 480 3179 cum
527 3118 798 3197 uterque
843 3119 1132 3179 nostrum
1181 3114 1538 3180 consentiat
1592 3112 2137 3196 incorruptibilem
2195 3112 2384 3176 deum
2433 3116 2498 3176 et
2540 3112 2631 3177 in-

244 3230 294 3270 ²⁵
327 3220 887 3303 coinquinabilem,
934 3220 1344 3303 prudentium
1392 3224 1492 3285 est
1529 3220 1864 3285 aestimare
1904 3223 1969 3285 et
2003 3218 2309 3296 fidelium,
2349 3237 2508 3300 quae
2548 3218 2633 3283 sit

324 3326 487 3393 fides
533 3328 754 3409 purior
799 3331 876 3392 et
912 3327 1244 3392 maiestate
1303 3327 1404 3393 dei
1460 3326 1745 3411 dignior:
1811 3327 1942 3405 illa,
1998 3324 2110 3390 ubi
2167 3324 2480 3390 adseritur
2524 3326 2631 3389 uel

507 3538 543 3589 2
583 3536 650 3591 cf.
687 3537 758 3591 Is.
799 3538 846 3598 7,
894 3538 958 3590 14
1101 3538 1134 3590 3
1176 3536 1241 3591 cf.
1280 3536 1398 3591 Ioh.
1438 3538 1490 3599 3,
1529 3538 1562 3590 6
1708 3538 1742 3589 6
1779 3536 1807 3591 1
1844 3534 1965 3591 Cor.
2009 3537 2092 3600 15,
2132 3534 2201 3589 50

394 3722 430 3774 2
469 3723 662 3775 natum
697 3721 754 3774 Β
861 3721 894 3775 3
931 3686 1100 3792 potes'
1125 3722 1182 3775 Β
1334 3721 1549 3793 spiritu]
1599 3721 1797 3792 spiritu
1845 3726 2033 3775 sancto
2073 3721 2128 3775 Β
2237 3721 2272 3773 4
2308 3717 2539 3773 abeatur
2576 3718 2627 3771 A

325 3792 586 3889 ¹²abeatur
621 3836 674 3889 Β
765 3836 800 3890 6
838 3853 944 3890 non
983 3835 1341 3907 possidebunt
1378 3836 1564 3891 APSb
1660 3837 1691 3889 7
1729 3853 1903 3907 neque
1944 3836 1975 3889 b
2078 3836 2111 3889 8
2150 3832 2557 3891 considentibus
2596 3834 2627 3887 b

321 3925 357 3977 9
387 3924 536 3994 eum]
565 3924 656 3979 dm
681 3924 814 3979 ΑΒι
929 3926 996 3979 10
1025 3928 1179 3979 erant
1208 3925 1256 3979 S
1365 3927 1424 3979 11
1459 3926 1605 3997 cepit
1643 3926 1698 3979 A
1746 3926 1891 3997 cepit
1936 3923 1984 3979 S
2090 3924 2159 3977 12
2194 3924 2437 3993 legatum
2477 3921 2628 3976 APS

321 4012 559 4084 ligatum
600 4016 652 4079 (e
688 4030 828 4071 corr.
864 4016 929 4068 in
965 4014 1003 4082 i)
1043 4015 1124 4068 B²
1266 4023 1434 4086 gente
1474 4014 1516 4068 S
1623 4016 1690 4069 13
1730 4018 1950 4070 atei-ant
1987 4012 2034 4068 S
2142 4012 2210 4067 14
2246 4010 2453 4065 adibito
2492 4008 2623 4062 ,ΑΒι

321 4102 540 4157 notorio
579 4102 627 4157 S
769 4106 834 4159 15
873 4104 1010 4160 dixit
1045 4122 1148 4162 om.
1177 4106 1210 4159 b
1383 4105 1503 4160 dico
1543 4122 1628 4160 om
1662 4104 1763 4159 vib.
1794 4104 1825 4159 b
2026 4102 2157 4157 deus
2206 4100 2547 4171 omnipotens
2594 4098 2625 4151 b

324 4218 391 4273 16
431 4220 596 4288 quae}
643 4236 744 4274 om.
783 4221 837 4273 A
979 4222 1288 4291 incorrepta
1324 4220 1380 4273 B
1500 4220 1565 4275 18
1604 4236 1819 4285 manere
1858 4219 1913 4273 Β
1950 4234 2165 4272 manere
2204 4215 2259 4269 P
2294 4230 2541 4270 manasse
2580 4212 2627 4267 S

323 4307 556 4379 principi
613 4306 690 4363 Sb
835 4310 905 4363 23
961 4310 1269 4380 genitorum
1317 4312 1370 4363 A
1516 4310 1587 4364 24
1644 4307 2103 4381 coinquinabilem
2150 4304 2205 4358 B
2242 4303 2623 4374 incoinquina-

320 4395 490 4452 bilem
533 4398 612 4465 (in
647 4414 731 4467 pr.
769 4400 833 4453 in
867 4411 1002 4469 rae.)
1045 4400 1102 4453 P
1195 4400 1267 4454 25
1305 4404 1572 4471 catamare
1603 4398 1705 4453 AS
1811 4398 1881 4451 26
1920 4395 2197 4451 maiestati
2226 4392 2272 4447 S

431 4522 567 4563 XXV.
599 4522 718 4573 Aug.
744 4529 854 4564 noct.
885 4525 926 4564 6.
2274 4498 2305 4552 7
