3159 4984
307 1117 334 1155 5

285 1651 336 1689 10

292 2181 342 2220 15

281 2713 336 2750 20

285 3247 336 3285 25

918 475 1007 527 VI.
1064 472 1353 528 Contra
1410 474 1783 526 Faustum
1839 472 1969 527 lib.
2026 471 2199 526 XXII.
2538 476 2670 538 639

372 668 866 744 commodatum,
927 670 982 733 si
1038 669 1348 752 propheta
1404 667 1504 732 dei
1563 669 1811 733 carnale
1867 667 2108 750 aliquid
2161 668 2342 739 lusit,
2401 670 2477 731 ut
2531 687 2673 732 eum

370 781 626 860 caperet
673 777 961 841 adfectus
1008 776 1242 854 uxoriS,
1292 795 1437 840 cum
1485 776 1698 859 ipsum
1756 776 2025 839 uerbum
2081 775 2183 839 dei
2239 793 2381 839 caro
2436 775 2673 838 factum

370 884 475 962 sit,
527 887 600 947 ut
643 883 962 948 habitaret
1004 883 1067 946 in
1116 882 1351 948 nobis?

460 991 567 1055 47.
633 992 769 1054 Iam
835 1009 986 1056 uero
1051 991 1183 1055 filio
1252 990 1389 1054 eius
1449 989 1638 1054 Iacob
1698 989 1869 1071 quod
1932 1009 2043 1072 pro
2107 989 2351 1072 ingenti
2418 987 2676 1051 crimine

372 1101 675 1182 quattuor
738 1097 1102 1162 obiciuntur
1163 1117 1408 1173 uxores,
1477 1097 1756 1180 generali
1820 1095 2293 1179 praelocutione
2349 1098 2674 1178 purgatur.

374 1206 623 1288 quando
673 1206 838 1269 enim
887 1223 1026 1269 mos
1075 1207 1230 1284 erat,
1291 1205 1526 1268 crimen
1583 1224 1709 1269 non
1768 1206 1937 1276 erat;
2007 1205 2073 1266 et
2126 1221 2293 1266 nunc
2348 1203 2679 1284 propterea

374 1312 607 1376 crimen
659 1314 778 1388 est,
829 1312 976 1394 quia
1021 1330 1161 1375 mos
1207 1331 1332 1376 non
1381 1313 1498 1376 est.
1569 1311 1693 1374 alia
1742 1311 1909 1375 enim
1956 1312 2109 1373 sunt
2151 1311 2415 1392 peccata
2462 1310 2679 1373 contra

375 1421 685 1495 naturam,
736 1419 856 1482 alia
907 1422 1126 1483 contra
1169 1437 1402 1496 1110108,
1454 1418 1578 1481 alia
1626 1419 1844 1482 contra
1888 1419 2242 1499 praecepta.
2312 1434 2472 1496 quae
2530 1434 2673 1480 cum

372 1528 462 1591 ita
528 1526 677 1602 sint,
739 1526 889 1608 quid
945 1525 1202 1589 tandem
1261 1524 1542 1589 criminis
1600 1531 1719 1600 est,
1778 1523 1948 1606 quod
2005 1523 2081 1587 de
2138 1522 2427 1605 pluribus
2485 1521 2677 1585 simul

373 1633 610 1697 habitis
659 1633 961 1696 uxoribus
1010 1631 1285 1697 obicitur
1330 1633 1548 1696 sancto
1598 1631 1735 1694 uiro
1781 1631 2025 1695 Iacob?
2094 1630 2147 1693 si
2196 1633 2483 1693 naturam
2534 1647 2675 1692 con-

374 1742 578 1819 sulaS,
646 1760 770 1805 non
836 1739 1239 1814 lasciuiendi,
1309 1738 1421 1802 sed
1485 1738 1786 1822 gignendi
1853 1755 2045 1801 causa
2105 1737 2237 1801 11118
2303 1735 2677 1799 mulieribus

374 1847 708 1923 utebatur3
778 1845 836 1910 si
897 1864 1160 1922 morem,
1227 1845 1339 1909 illo
1405 1849 1690 1927 tempore
1758 1847 1945 1926 atque
2011 1844 2075 1906 in
2131 1842 2263 1906 illis
2318 1841 2502 1905 terris
2556 1841 2679 1905 hoc

373 1953 818 2021 factitabatur:
889 1952 942 2018 si
1006 1956 1452 2036 praeceptum,
1521 1953 1697 2016 nulla
1758 1953 1902 2035 lege
1966 1949 2435 2034 prohibebatur.
2511 1967 2676 2011 nunc

375 2081 526 2126 uero
575 2079 688 2125 cur
736 2062 970 2125 crimen
1022 2063 1140 2138 est,
1191 2061 1245 2124 si
1292 2059 1436 2141 quis
1481 2059 1605 2123 hoc
1652 2058 1861 2137 faciat,
1920 2059 2043 2122 nisi
2092 2058 2239 2140 quia
2285 2059 2350 2120 et
2394 2055 2677 2121 moribus

379 2171 442 2232 et
496 2167 750 2251 legibus
808 2168 929 2232 hoc
984 2187 1109 2232 non
1163 2167 1368 2231 licet?
1435 2185 1596 2248 quae
1664 2167 1788 2230 duo
1855 2165 2145 2248 quisquis
2204 2161 2674 2245 contempserit,

375 2275 625 2339 etiamsi
676 2273 1119 2337 tantummodo
1169 2291 1360 2336 causa
1405 2271 1747 2355 generandi
1792 2271 1891 2335 uti
1934 2270 2143 2354 possit
2186 2269 2439 2332 feminis
2484 2266 2677 2350 pluri-

372 2382 516 2445 buS.
563 2383 789 2462 peccat
833 2383 1047 2443 tamen
1097 2381 1162 2442 et
1205 2378 1409 2461 ipsam
1466 2379 1671 2442 uiolat
1722 2379 2063 2441 humanam
2124 2375 2516 2449 societatem,
2576 2374 2677 2438 cui

374 2487 731 2552 necessaria
779 2491 877 2551 est
921 2477 1296 2570 propagatio
1343 2485 1639 2549 filiorum.
1692 2485 1801 2549 sed
1851 2484 1997 2566 quia
2042 2482 2331 2548 11011111108
2378 2481 2562 2544 aliter
2608 2499 2675 2544 se

373 2595 754 2658 habentibus
829 2593 956 2656 iam
1032 2592 1314 2657 moribus
1382 2595 1444 2655 et
1507 2592 1762 2675 legibus
1829 2609 1953 2654 non
2026 2592 2298 2673 possunt
2376 2586 2677 2650 delectari

375 2719 638 2765 uxorum
685 2699 1098 2766 multitudine
1147 2699 1270 2762 nisi
1313 2699 1597 2762 libidinis
1644 2697 2103 2782 magnitudine,
2159 2696 2301 2760 ideo
2360 2697 2567 2758 errant
2613 2698 2675 2756 et

376 2811 604 2891 putant
671 2808 889 2872 haberi
956 2806 1209 2871 omnino
1267 2825 1391 2870 non
1447 2806 1736 2888 potuisse
1796 2824 2017 2871 uxores
2074 2804 2312 2867 multas
2386 2801 2510 2864 nisi
2566 2800 2672 2862 fla-

376 2915 622 2999 grantia
688 2913 1240 2997 concupiscentiae
1306 2912 1573 2976 carnalis
1624 2915 1688 2975 et
1734 2911 2023 2976 sordidae
2088 2907 2463 2991 uoluptatis.
2532 2925 2673 2971 con-

375 3026 667 3105 parantes
718 3021 884 3084 enim
922 3039 1044 3084 non
1086 3020 1268 3096 alios,
1309 3037 1576 3100 quorum
1616 3018 1811 3081 animi
1846 3017 2153 3081 uirtutem
2192 3033 2449 3098 prorsus
2488 3033 2673 3077 nosse

375 3149 497 3193 non
563 3131 853 3212 possunt,
922 3127 1054 3204 sed,
1123 3126 1294 3190 sicut
1356 3125 1446 3188 ait
1510 3125 1861 3207 apostolus,
1930 3126 2133 3188 semet
2186 3123 2362 3206 ipsos
2420 3121 2675 3186 sibimet

374 3235 530 3319 ipsis
585 3255 709 3300 non
766 3234 1170 3318 intellegunt.
1241 3235 1306 3296 et
1369 3231 1518 3313 quia
1579 3231 1703 3314 ipsi
1770 3231 2019 3295 etiamsi
2074 3249 2265 3294 unam
2320 3227 2673 3300 habuerint,

377 3344 453 3406 ad
489 3343 746 3407 eandem
785 3361 908 3406 non
949 3342 1157 3406 solum
1197 3339 1535 3424 generandi
1572 3338 1781 3404 officio
1823 3339 1999 3403 ducti
2036 3338 2309 3402 uiriliter
2344 3335 2673 3420 accedunt,

378 3451 488 3515 sed
537 3469 724 3532 saepe
776 3447 1045 3513 coeundi
1095 3448 1358 3512 stimulo
1405 3447 1563 3512 uicti
1613 3447 1926 3511 eneruiter
1969 3447 2436 3528 pertrahuntur,
2494 3444 2673 3526 quasi

373 3557 685 3622 ueraciter
750 3556 872 3620 sibi
937 3555 1237 3618 uidentur
1304 3555 1609 3630 conicere,
1679 3573 1869 3636 quarn
1932 3553 2167 3618 maiore
2233 3550 2675 3616 huiuscemodi

555 3775 585 3826 3
627 3773 694 3826 cf.
732 3772 852 3826 Ioh.
894 3773 942 3830 1,
985 3775 1049 3825 14
1160 3773 1193 3824 ὃ
1232 3770 1296 3824 cf.
1337 3770 1472 3826 Gen.
1511 3771 1578 3823 29
1621 3812 1631 3824 .
1673 3769 1741 3823 30
1851 3771 1920 3823 ‘25
1960 3771 2026 3824 cf.
2067 3769 2119 3823 H
2158 3769 2276 3824 Cor.
2320 3771 2401 3833 10,
2446 3771 2511 3822 12

449 3944 480 3994 t..)
519 3941 814 4012 capaeretS
938 3942 970 3993 5
1012 3943 1244 4010 quatuor
1265 3939 1318 3992 G
1459 3939 1910 4008 praeloquutione
1938 3937 1984 3991 0
2108 3939 2138 3990 7
2177 3939 2304 3991 sunt
2341 3938 2483 3990 enim
2508 3936 2618 3990 SM
2624 3937 2674 3991 G

385 4033 448 4084 13
477 4033 792 4102 preceptum
817 4029 864 4083 (J
995 4031 1067 4082 14
1105 4044 1243 4097 quur
1260 4027 1367 4081 LO
1509 4027 1574 4079 16
1604 4026 1974 4080 tantammodo
1996 4026 2043 4081 S
2174 4027 2257 4078 uti
2288 4029 2343 4086 (11
2370 4026 2433 4078 in
2458 4026 2593 4094 raa.)
2622 4025 2675 4078 J,

380 4122 443 4173 18
496 4120 818 4190 propagatio
878 4122 969 4188 (pa
1024 4135 1065 4170 8.
1124 4116 1181 4184 Ζ.)
1219 4116 1266 4169 S
1440 4116 1508 4169 ‘20
1565 4115 1969 4184 multitudinem
2028 4115 2126 4169 SG
2180 4113 2583 4168 multitudinem
2624 4117 2675 4168 L

373 4209 722 4263 multitudine
779 4215 854 4275 (m
907 4213 1000 4274 er.)
1059 4207 1122 4260 M
1191 4247 1196 4250 .
1359 4209 1540 4259 errant
1605 4209 1713 4274 (pr.
1770 4223 1796 4258 r
1840 4222 1881 4258 8.
1932 4207 1987 4262 Ζ.)
2050 4205 2096 4258 C
2308 4205 2371 4257 21
2426 4203 2583 4266 nisis‘s‘
2633 4203 2677 4256 C

375 4299 442 4351 22
481 4298 694 4352 sordide
734 4298 781 4353 S
955 4297 1024 4350 23
1063 4312 1278 4366 prorsus
1318 4299 1430 4361 (pr.
1469 4311 1495 4346 r
1529 4311 1572 4347 8.
1614 4295 1677 4362 Ζ.)
1724 4293 1771 4347 Ο
1946 4295 2015 4346 26
2064 4310 2179 4346 cam
2227 4293 2274 4347 Ο
2414 4293 2587 4346 offitio
2632 4294 2680 4347 G

375 4389 443 4441 27
483 4405 609 4458 sepe
656 4389 700 4440 C
843 4386 1069 4441 coeundi
1110 4389 1190 4452 (co
1229 4402 1271 4440 8.
1312 4385 1370 4452 Ζ.)
1412 4384 1460 4439 S
1563 4384 1632 4436 28
1669 4383 2044 4437 huiuscemodi
2085 4385 2130 4448 (s
2168 4398 2211 4436 8.
2254 4382 2311 4450 Ζ.)
2356 4383 2402 4437 C
