3159 4984
477 474 605 539 290
1180 469 1233 523 S.
1290 468 1565 523 Aureli
1622 470 2054 539 Augustini

479 685 592 731 cur
645 667 722 731 ab
781 666 893 732 illo
952 667 1089 732 solo
1149 666 1504 743 abstinetis,
1565 666 1643 729 ad
1702 684 1887 749 quem
1938 666 2206 730 maxime
2252 667 2379 731 ista
2422 642 2769 731 neces-sitas

482 774 706 857 cogit?
761 792 904 838 nam
962 774 1207 837 fructus
1265 776 1482 855 potest
1537 776 1603 837 et
1660 773 1893 837 crudus
1950 773 2218 851 comedi,
2276 773 2447 837 sicut
2500 792 2567 837 se
2621 792 2773 838 non-

482 879 644 943 nulli
689 879 888 944 uestri
940 883 1371 954 exercuerunt,
1419 882 1494 943 ut
1539 879 1659 944 hoc
1707 899 1830 943 non
1877 881 2131 943 tantum
2170 879 2247 943 de
2284 879 2511 962 pomis,
2550 898 2773 959 uerum

483 986 676 1050 etiam
735 986 811 1049 de
869 986 1164 1051 omnibus
1223 985 1502 1051 oleribus
1559 986 1857 1050 facerent.
1926 984 1982 1049 si
2036 988 2252 1049 autem
2317 1005 2438 1050 non
2502 988 2777 1050 uellatur

485 1094 596 1155 aut
644 1091 971 1155 decidatur
1017 1095 1129 1155 aut
1175 1110 1428 1174 quoquo
1477 1090 1669 1156 modo
1718 1091 2008 1155 dematur
2054 1111 2125 1155 ex
2170 1094 2337 1155 terra
2383 1094 2491 1157 uel
2539 1094 2775 1171 arbore,
2838 1114 2865 1155 ⁵

489 1198 705 1262 uenire
754 1198 831 1262 ad
892 1217 1102 1263 escam
1158 1199 1336 1264 nullo
1391 1202 1580 1281 pacto
1637 1200 1870 1281 potest.
1938 1198 2059 1262 hoc
2116 1217 2263 1282 ergo
2318 1198 2504 1263 facile
2560 1199 2784 1264 debuit

490 1321 630 1367 esse
697 1304 969 1381 ueniale‚
1037 1303 1173 1369 sine
1239 1323 1363 1386 quo
1432 1304 1490 1367 ei
1547 1302 1887 1367 subuenire
1942 1322 2069 1368 non
2125 1304 2450 1381 ualeretis,
2508 1324 2632 1370 non
2685 1305 2784 1368 illi

489 1412 624 1473 tam
669 1410 860 1473 multi
911 1410 1253 1487 cruciatus,
1293 1429 1452 1491 quos
1499 1410 1564 1473 in
1612 1408 2057 1492 praeparandis
2104 1409 2268 1474 escis
2330 1411 2635 1475 membris
2682 1411 2782 1475 dei

488 1517 688 1581 uestri
729 1536 849 1582 non
891 1518 1199 1582 dubitatis
1237 1518 1486 1583 inferre.
1536 1520 1605 1581 at
1652 1516 1819 1581 enim
1866 1516 2074 1598 plorat
2112 1516 2312 1593 arbor,
2353 1535 2498 1581 cum
2536 1518 2783 1582 fructus

490 1622 785 1705 carpitur,
827 1624 947 1689 hoc
996 1624 1228 1707 quippe
1277 1624 1484 1688 dicere
1532 1643 1655 1688 non
1705 1622 2099 1688 erubescitis.
2151 1626 2318 1688 certe
2356 1624 2537 1688 nouit
2574 1623 2782 1689 omnia
2826 1645 2879 1683 ιο

493 1728 650 1806 uita,
701 1748 860 1811 quae
908 1729 998 1793 ibi
1048 1733 1166 1801 est,
1208 1732 1274 1794 et
1309 1730 1677 1813 praesentit,
1718 1729 1860 1811 quis
1900 1729 1980 1792 ad
2019 1748 2093 1794 ea
2131 1730 2483 1796 conueniat.
2532 1730 2789 1794 uenien-

494 1835 668 1899 tibus
727 1855 874 1919 ergo
935 1836 1157 1901 electis
1216 1838 1281 1899 et
1335 1824 1524 1917 pom'a
1581 1835 1985 1919 carpentibus
2043 1836 2315 1919 gaudere
2374 1838 2609 1912 debuit,
2666 1856 2790 1901 non

498 1942 744 2025 plorare
792 1942 974 2006 illum
1021 1941 1460 2006 transitorium
1510 1928 1791 2005 dolerem
1839 1943 2016 2005 tanta
2058 1942 2362 2006 felicitate
2402 1961 2791 2025 conpensans

499 2052 565 2112 et
610 2051 854 2112 tantam
904 2048 1182 2112 euadens
1229 2048 1572 2125 miseriam,
1624 2048 1679 2112 si
1726 2048 1789 2111 in
1838 2048 1997 2112 alios
2036 2048 2382 2113 incidisset.
2432 2049 2793 2131 curitaque

500 2173 762 2237 pomum
809 2174 933 2221 non
984 2155 1356 2237 decerpam,
1417 2174 1563 2220 cum
1613 2154 1908 2237 decerpto
1956 2158 2087 2218 tam
2136 2156 2372 2219 multas
2418 2156 2639 2239 plagas
2689 2155 2795 2221 do·
2836 2176 2886 2214 15

499 2261 792 2343 loresque
858 2262 1214 2345 ingeratis?
1279 2262 1678 2345 respondete,
1738 2262 1792 2326 si
1847 2262 2139 2345 potestis
2206 2281 2322 2326 nec
2374 2262 2513 2343 ipsa
2566 2262 2801 2326 ieiunia

503 2369 689 2433 uobis
739 2371 1122 2452 conpetuut;
1180 2387 1306 2433 non
1365 2368 1532 2433 enim
1591 2370 1841 2451 oportet
1896 2387 2121 2432 uacare
2177 2368 2516 2444 fornacem,
2562 2368 2626 2431 in
2676 2386 2799 2450 qua

503 2476 785 2559 spiritale
825 2495 1049 2539 aurum
1102 2475 1176 2539 de
1227 2475 1525 2540 stercoris
1576 2475 2021 2539 commixtione
2068 2479 2377 2558 purgatur
2422 2479 2487 2538 et
2533 2493 2569 2538 a
2612 2474 2797 2539 mise-

505 2582 717 2647 randis
763 2584 1026 2647 nexibus
1077 2582 1295 2646 diuina
1340 2582 1627 2645 membra
1681 2582 2037 2646 soluuntur.
2106 2585 2485 2664 quapropter
2536 2582 2645 2645 ille
2701 2585 2801 2645 est

509 2689 981 2755 misericordior
1027 2690 1193 2753 inter
1237 2708 1378 2763 uos,
1439 2687 1547 2769 qui
1597 2707 1663 2751 se
1711 2688 1993 2771 potuen't
2037 2688 2129 2751 ita
2175 2706 2477 2765 exercere,
2525 2690 2600 2751 ut
2643 2687 2803 2751 nihil
2838 2706 2891 2746 so

507 2796 645 2860 eius
708 2796 1068 2861 ualetudini
1133 2796 1304 2860 obsit
1367 2814 1554 2877 saepe
1624 2794 1851 2859 crudos
1918 2794 2093 2859 cibos
2160 2812 2408 2858 sumere
2476 2797 2540 2858 et
2600 2794 2801 2858 multa

513 2922 904 2968 consumere.
980 2922 1098 2967 uos
1165 2905 1379 2965 autem
1445 2904 1511 2965 et
1572 2903 1784 2965 tantas
1850 2918 2085 2983 poenas
2152 2918 2333 2964 escae
2399 2904 2650 2966 uestrae
2711 2900 2803 2963 in-

505 3009 788 3093 rogando
857 3009 1199 3075 crudeliter
1260 3008 1658 3073 manducatis
1726 3010 1791 3071 et
1855 3027 1890 3071 a
1952 3008 2379 3073 membrorum
2446 3007 2803 3073 diuinorum

511 3117 885 3199 purgatione
935 3116 1242 3181 cessando
1291 3115 1633 3180 crudeliter
1677 3114 1997 3179 ieiunatis.

599 3226 658 3285 5.
715 3224 800 3287 Et
846 3223 1096 3287 audetis
1146 3227 1358 3287 tamen
1407 3223 1601 3287 etiam
1650 3222 1961 3287 sacrificia
2006 3222 2374 3287 testamenti
2425 3221 2660 3285 ueteris
2708 3240 2807 3284 ex·
2842 3236 2893 3276 ιο

515 3329 710 3391 ecrari
778 3331 842 3393 et
905 3328 1266 3393 idolatriam
1331 3327 1652 3392 nominare
1719 3330 1784 3392 et
1846 3328 1910 3391 in
1976 3326 2343 3391 huiusmodi
2405 3327 2807 3410 sacrilegium

509 3453 626 3499 nos
685 3454 938 3518 quoque
1003 3435 1264 3500 sociare.
1329 3434 1498 3499 unde
1555 3455 1667 3518 pro
1725 3436 1908 3501 nobis
1965 3435 2142 3518 prius
2197 3434 2659 3517 respondemus
2716 3434 2809 3499 sic

513 3540 626 3604 illa
660 3540 789 3605 iam
828 3561 953 3607 non
994 3560 1136 3607 esse
1173 3542 1238 3606 in
1279 3542 1575 3625 operibus
1615 3542 1873 3619 nostris,
1912 3546 1989 3605 ut
2026 3560 2100 3605 ea
2135 3544 2348 3605 tamen
2386 3542 2449 3604 in
2487 3541 2809 3624 mysteriis

515 3646 870 3711 diuinarum
922 3648 1380 3731 scripturarum
1421 3649 1500 3712 ad
1537 3648 1991 3733 intellegenda,
2032 3667 2193 3731 quae
2232 3648 2332 3711 his
2370 3646 2813 3731 praenuntiata

512 3756 683 3826 sunt,
752 3754 1233 3837 amplectamur,
1300 3756 1450 3837 quia
1515 3759 1580 3819 et
1633 3755 1776 3839 ipsa
1831 3755 2071 3839 figurae
2127 3757 2379 3819 nostrae
2435 3754 2694 3818 fuerunt
2747 3759 2814 3819 et
2846 3774 2897 3814 ³0

581 3929 616 3981 4
645 3927 920 3981 holeribus
955 3927 1102 3981 SGG
1247 3927 1484 3981 bellatur
1511 3929 1564 3982 L
1665 3930 1696 3982 6
1726 3946 1903 4000 escam
1934 3930 1980 3983 S
2083 3930 2115 3981 8
2146 3930 2348 3981 crutis}
2384 3929 2431 3982 (J
2598 3928 2734 3997 escis
2769 3928 2817 3983 G

513 4018 572 4071 11
607 4018 883 4086 praesenti
912 4015 967 4069 L
1104 4034 1222 4069 eam
1251 4018 1282 4069 b
1386 4019 1452 4070 14
1482 4017 1641 4089 alios]
1672 4019 1824 4073 aluos
1853 4020 1942 4086 (m.
1974 4019 2007 4071 2
2035 4019 2098 4072 in
2124 4018 2317 4087 marq.)
2348 4018 2394 4072 S
2492 4019 2556 4071 16
2590 4034 2811 4088 respon-

505 4104 618 4158 dite
665 4104 842 4159 LSG1
989 4105 1055 4157 21
1110 4105 1414 4159 ualetudini
1470 4107 1538 4160 Gl
1588 4107 1885 4161 ualitudini
1938 4107 2142 4162 SGM'b
2356 4124 2485 4177 sepe
2530 4107 2574 4160 Ο
2755 4111 2813 4161 et

507 4194 680 4247 multa
719 4210 1029 4247 consumere
1077 4211 1180 4248 om.
1221 4194 1321 4249 SG
1465 4195 1534 4248 22
1573 4212 1774 4266 paenas
1809 4196 1883 4249 G-¹
2068 4213 2254 4249 aescae
2295 4194 2341 4250 S
2374 4212 2492 4250 esce
2531 4195 2584 4249 L
2728 4196 2811 4249 in-

508 4283 748 4352 rogando
787 4282 861 4334 M
866 4284 876 4317 ¹
1025 4282 1094 4337 24
1134 4283 1510 4353 purgationem
1547 4283 1602 4336 L
1742 4284 1813 4338 25
1856 4284 2087 4338 execrari
2124 4284 2196 4335 M
2202 4286 2215 4319 ¹
2358 4285 2427 4338 28
2466 4284 2722 4339 misteriis
2760 4284 2814 4339 L

513 4370 584 4424 29
624 4372 924 4426 diuinarum
962 4372 1051 4426 uel
1089 4380 1302 4426 sacrari]
1346 4372 1392 4427 G
