3159 4984
331 1634 406 1675 10

331 2166 402 2206 15

1098 460 1230 515 1111.
1287 460 1576 515 Contra
1633 460 2141 514 Adimantum.
2623 460 2747 523 117

441 654 754 737 quoniam
823 654 1114 719 dominus
1172 656 1236 719 in
1305 654 1637 739 euangelio
1704 654 1895 717 dicit:
1964 656 2177 736 pater
2240 672 2450 716 meus
2518 672 2755 735 usque

443 761 670 825 modo
722 765 1098 843 operatur.
1163 761 1333 843 quod
1379 762 1555 825 nullo
1604 761 1795 826 modo
1845 760 2226 825 contrarium
2276 764 2394 823 est.
2462 759 2757 824 dominus

447 868 624 931 enim
663 867 1046 932 Iudaeorum
1091 868 1328 931 refellit
1375 886 1665 943 errorem,
1716 867 1825 949 qui
1870 866 2180 949 putabant
2226 866 2318 931 sic
2364 866 2757 947 requieuisse

447 974 646 1037 deum
687 973 788 1038 die
829 974 1120 1058 septimo.
1161 978 1236 1037 ut
1274 994 1346 1037 ex
1381 973 1493 1038 illo
1531 993 1789 1056 prorsus
1828 972 1985 1037 nihil
2016 976 2398 1055 operaretur.
2436 972 2759 1054 requieuit

445 1086 668 1144 autem
719 1080 796 1143 ab
849 1079 1143 1145 omnibus
1194 1080 1487 1163 operibus
1537 1080 1693 1145 suis,
1744 1098 1903 1161 quae
1941 1078 2113 1145 fecit.
2152 1081 2228 1141 ut
2264 1079 2389 1143 iam
2426 1079 2595 1142 ultra
2632 1098 2755 1143 non

443 1187 688 1251 faceret
733 1186 1045 1251 mundum
1094 1205 1238 1251 cum
1288 1186 1604 1263 omnibus,
1664 1204 1825 1268 quae
1872 1186 1937 1249 in
1986 1204 2057 1249 eo
2108 1189 2277 1252 sunt.
2338 1205 2459 1250 non
2517 1189 2751 1261 tamen,

443 1298 522 1357 ut
598 1294 796 1357 etiam
861 1312 896 1356 a
957 1292 1178 1357 mundi
1255 1292 1799 1357 administratione
1874 1291 2317 1373 requiesceret.
2395 1311 2518 1355 non
2586 1290 2751 1355 enim

446 1400 766 1483 scriptum
815 1402 952 1463 est:
1009 1399 1400 1481 requieuit
1456 1398 1640 1462 dens
1700 1400 1785 1462 ab
1844 1398 2191 1463 omnibus
2252 1398 2631 1481 operibus.
2682 1402 2755 1462 nt

451 1507 756 1589 deinceps
804 1524 926 1571 non
977 1510 1356 1589 operaretur,
1407 1504 1517 1569 sed
1567 1505 1877 1588 scriptum
1928 1508 2061 1569 est:
2110 1505 2425 1587 requieuit
2473 1505 2629 1569 deus
2677 1505 2754 1567 ab

453 1613 756 1677 omnibus
805 1610 1100 1694 operibus
1150 1611 1306 1681 suis,
1355 1628 1516 1692 quae
1565 1609 1737 1678 fecit.
1796 1612 1871 1674 ut
1916 1609 2139 1675 deinde
2188 1630 2308 1674 non
2356 1611 2420 1673 in
2466 1610 2755 1678 faciendo

447 1718 715 1795 mundo.
763 1736 802 1781 a
847 1738 972 1800 quo
1021 1736 1206 1800 opere
1252 1719 1402 1800 post
1447 1716 1901 1799 perfectionem
1950 1720 2331 1784 cessauerat.
2382 1716 2494 1781 sed
2540 1717 2603 1782 in
2651 1718 2756 1783 ad-

447 1824 876 1889 ministrando
924 1828 1304 1907 operaretur,
1361 1824 1426 1888 in
1475 1844 1599 1906 quo
1651 1843 1837 1907 opere
1886 1843 2031 1887 eum
2081 1842 2220 1888 esse
2271 1822 2565 1888 dominus
2612 1825 2755 1888 inti-

447 1932 677 1995 mauit.
746 1950 862 1995 nec
925 1930 1041 1993 illa
1101 1930 1374 2011 requies,
1442 1930 1625 2012 quasi
1688 1935 1837 2013 post
1897 1930 2175 1995 laborem
2245 1929 2433 1993 deum
2492 1950 2756 2012 pausam

449 2037 808 2119 quaesisse.
857 2036 970 2101 sed
1018 2036 1094 2099 ab
1132 2035 1544 2101 instituendis
1581 2056 1787 2101 rerum
1829 2036 2071 2100 naturis
2109 2038 2257 2119 post
2295 2054 2509 2099 earum
2545 2056 2753 2100 rerum

447 2144 908 2227 perfectionem
958 2160 1244 2207 cessasse
1293 2142 1629 2226 significat.
1690 2142 1982 2226 quamuis
2031 2162 2235 2224 usque
2283 2141 2489 2207 adhuc
2535 2144 2600 2206 in
2648 2144 2751 2207 ad·

449 2250 894 2314 ministrandis
943 2251 1253 2331 operetur.

553 2356 812 2421 Sabbati
897 2358 1109 2420 autem
1193 2354 1705 2421 obseruationem
1789 2374 1911 2419 non
1986 2354 2445 2438 intellegebant
2516 2354 2753 2423 Iudaei.

450 2464 569 2547 qui
617 2464 929 2546 putabant
976 2463 1053 2526 ab
1093 2462 1171 2527 iis
1211 2462 1402 2526 etiam
1442 2461 1761 2545 operibus.
1802 2480 1961 2544 quae
2000 2460 2077 2524 ad
2118 2462 2391 2526 salutem
2429 2461 2755 2527 hominum

449 2572 698 2647 ualent,
747 2572 1032 2653 oportere
1081 2569 1337 2634 cessari.
1405 2568 1574 2632 unde
1630 2568 1777 2632 illos
1825 2567 2121 2632 dominus
2169 2567 2361 2632 etiam
2408 2567 2549 2631 aliis
2597 2568 2755 2633 locis

452 2676 540 2741 de
588 2696 728 2753 oue,
777 2694 938 2758 quae
983 2676 1048 2739 in
1093 2679 1360 2759 puteum
1409 2674 1658 2754 cecidit,
1708 2677 1774 2739 et
1816 2674 2123 2753 iumento,
2162 2674 2332 2757 quod
2378 2674 2755 2739 soluendum

451 2788 580 2850 est.
639 2786 715 2847 ut
767 2782 848 2847 ad
908 2800 1136 2864 aquam
1201 2782 1489 2857 ducatur,
1553 2781 1818 2846 mirifica
1886 2780 2349 2865 comparatione
2412 2780 2753 2864 redarguit.

452 2890 798 2955 sabbatum
845 2891 1064 2952 autem
1101 2905 1224 2952 non
1261 2887 1686 2971 repudiatum,
1736 2886 1847 2951 sed
1886 2887 2282 2952 intellectum
2325 2908 2359 2952 a
2398 2886 2755 2953 christianis

451 2996 709 3061 destitit
755 2995 1012 3079 quidem
1063 2994 1395 3058 carnaliter
1451 2994 1796 3071 obseruari,
1856 2993 1969 3058 sed
2026 2994 2394 3077 spiritaliter
2447 2994 2758 3059 retinetur

450 3122 492 3167 a
543 3102 799 3180 sanctiS‚
850 3101 962 3184 qui
1007 3100 1390 3183 intellegunt
1432 3119 1661 3165 uocem
1710 3100 1949 3165 domini
1994 3102 2283 3165 uocantis
2340 3099 2419 3164 ad
2472 3100 2755 3183 requiem

457 3212 530 3275 et
569 3208 872 3273 dicentis:
921 3208 1186 3272 uenite
1235 3206 1322 3271 ad
1367 3227 1499 3283 me,
1549 3207 1675 3289 qui
1723 3208 2116 3285 laboratis,
2167 3210 2239 3271 et
2286 3226 2420 3291 ego
2466 3226 2602 3272 uos
2648 3224 2752 3272 re·

445 3316 743 3391 ficiam;
791 3315 1055 3380 tollite
1100 3314 1360 3399 iugum
1395 3334 1639 3378 meum
1679 3333 1906 3398 super
1942 3332 2078 3379 uos
2118 3318 2192 3379 et
2229 3314 2506 3380 discite
2547 3334 2582 3378 a
2616 3334 2750 3391 me,

449 3424 634 3507 quia
677 3423 892 3488 mitis
923 3442 1084 3487 sum
1124 3426 1198 3485 et
1233 3420 1549 3486 humilis
1589 3421 1809 3487 corde
1850 3424 1924 3485 et
1958 3421 2376 3487 inuenietis
2414 3421 2749 3505 requiem

603 3628 628 3681 1
671 3626 789 3680 Ioh.
828 3629 880 3686 5,
921 3627 986 3679 17
1100 3624 1172 3679 20
1207 3625 1335 3679 Luc.
1377 3626 1462 3684 14,
1501 3627 1568 3687 5;
1613 3624 1697 3682 ιε,
1738 3626 1804 3679 15
1915 3625 1985 3679 25
2022 3626 2218 3683 Matth.
2260 3629 2344 3693 ιι,
2383 3629 2451 3683 28
2490 3622 2608 3700 sqq.

525 3804 560 3857 2
615 3804 796 3874 modo]
853 3820 994 3857 nunc
1057 3802 1255 3857 TOSV
1263 3801 1294 3854 b
1477 3802 1755 3871 operiatur
1816 3802 1863 3856 C
2029 3760 2151 3857 dnm
2208 3803 2263 3857 P
2370 3804 2402 3857 3
2459 3804 2620 3858 deum
2676 3805 2753 3858 sic

445 3920 786 3991 requieuisse
833 3918 959 3973 VSI>
1068 3920 1102 3971 4
1141 3921 1395 3989 operatur
1431 3916 1484 3969 P
1593 3917 1623 3969 7
1663 3917 1829 3971 etiam
1866 3920 1929 3971 ut
1976 3917 2029 3969 V
2131 3918 2164 3973 8
2214 3918 2463 3989 operibus
2512 3920 2621 3973 suis
2671 3918 2753 3971 Vb

447 4010 565 4063 suis
586 4026 722 4079 quae
743 4008 941 4063 feeitS
1009 4008 1042 4061 9
1071 4006 1346 4077 deinceps]
1367 4006 1599 4076 amplius
1630 4008 1681 4059 V
1776 4004 2299 4112 deinceps—deinde
2320 4024 2424 4063 om.
2446 4009 2490 4063 S
2615 4009 2749 4063 deus

449 4140 558 4180 om.
603 4124 738 4177 CVb
853 4126 916 4179 11
956 4124 1255 4194 pertionem
1286 4124 1340 4178 P
1447 4123 1514 4177 12
1554 4122 1669 4193 dns]
1708 4122 1928 4177 intimat
1958 4122 2012 4176 P
2121 4122 2186 4177 13
2215 4130 2446 4193 pausare
2476 4123 2751 4193 quieuisse

452 4214 548 4279 (in
579 4216 722 4279 ras.)
767 4212 811 4267 0
949 4213 1015 4266 15
1051 4212 1260 4283 hucque
1309 4212 1358 4264 V
1492 4211 1558 4265 17
1609 4209 2014 4265 obseruationes
2059 4210 2293 4266 TGSVb
2442 4212 2507 4265 18
2543 4211 2629 4265 his
2666 4210 2753 4265 Pb

451 4299 563 4355 hiis
593 4300 743 4354 SV·
728 4318 774 4355 ιε
809 4300 858 4356 G
953 4300 1024 4355 20
1059 4299 1200 4355 boue
1229 4301 1322 4371 qui
1359 4298 1440 4354 Tb
1541 4298 1611 4353 23
1638 4303 1858 4353 tenetur
1877 4298 1909 4353 b
2018 4300 2091 4355 24
2120 4318 2151 4354 a
2180 4300 2381 4354 sanctis
2412 4300 2677 4355 retinetur
2705 4300 2761 4355 V

453 4388 526 4441 27
564 4388 784 4443 humilis
825 4390 904 4455 (es
942 4404 1078 4443 corr.
1115 4389 1176 4442 in
1213 4388 1282 4457 is)
1323 4386 1377 4440 P
