3159 4984
876 429 968 483 VI.
1028 427 1319 484 Contra
1372 426 1744 480 Faustum
1800 425 1927 483 lib.
1989 425 2211 479 XXXII.
2532 427 2660 490 779

301 641 305 646 ·
377 624 602 688 bamus
658 643 782 688 non
840 641 980 687 esse
1035 622 1427 705 paracletum
1484 620 1778 703 spiritum
1826 623 2140 696 sanctum,
2189 619 2313 684 nisi
2361 618 2469 701 qui
2514 619 2665 682 Iesu

371 730 709 795 clarificato
760 749 903 796 mox
950 730 1146 794 uenit.
1204 728 1347 793 ideo
1398 728 1565 792 enim
1613 727 1938 791 nondum
1987 729 2148 791 erat
2195 727 2438 805 datuS,
2490 727 2667 808 quia

372 838 592 901 Iesus
630 836 959 901 nondum
995 836 1248 900 fuerat
1286 834 1788 899 clarificatus.
1836 835 2182 916 probamus
2222 833 2416 897 etiam
2453 833 2664 916 ipsum

369 943 668 1007 inducere
714 942 779 1006 in
829 960 1079 1006 omnem
1126 942 1483 1019 ueritatem,
1533 941 1683 1024 quia
1727 961 1850 1007 non
1897 940 2170 1004 intratur
2213 940 2277 1004 in
2327 941 2664 1004 ueritatem

312 1075 337 1112 ε,
373 1049 497 1115 nisi
534 1069 647 1132 per
678 1049 1052 1138 ,caritatem3
1104 1049 1383 1112 caritas
1432 1052 1648 1112 autem
1697 1048 1815 1112 dei
1863 1047 2152 1112 diffusa
2197 1051 2333 1125 est,
2383 1047 2473 1112 ait
2519 1065 2663 1130 apo-

376 1157 603 1235 stolus,
654 1156 728 1219 in
778 1155 1139 1220 cordibus
1187 1156 1474 1220 nostris
1530 1174 1662 1239 per
1718 1154 2076 1238 spiritum
2123 1158 2487 1232 sanctum,
2537 1155 2664 1237 qui

373 1263 596 1328 datus
645 1265 763 1327 est
807 1263 1046 1327 nobis.
1100 1263 1401 1328 docemus
1450 1262 1641 1326 etiam
1689 1281 1808 1327 non
1861 1261 2094 1327 dixisse
2139 1263 2450 1326 Paulum:
2501 1281 2665 1327 cum

375 1370 679 1434 uenerit
724 1369 921 1450 quod
966 1369 1389 1452 perfectum
1439 1371 1573 1447 est,
1616 1369 1739 1433 nisi
1786 1369 1864 1433 de
1909 1369 2294 1452 perfectione
2331 1369 2463 1448 illa,
2505 1388 2664 1451 quae

373 1475 436 1540 in
484 1476 887 1560 perceptione
935 1476 1106 1540 uitae
1154 1479 1443 1540 aeternae
1481 1476 1697 1540 futura
1735 1479 1852 1542 est.
1900 1476 2022 1542 hoc
2061 1476 2228 1541 enim
2267 1497 2410 1542 cum
2450 1477 2664 1559 loque-

283 1607 335 1645 ιο
372 1587 574 1661 retur,
640 1583 989 1648 uidemus
1056 1584 1283 1662 enim,
1358 1584 1594 1666 inquit,
1671 1603 1865 1648 nunc
1936 1602 2067 1667 per
2131 1584 2524 1667 speculum
2592 1584 2664 1647 in

374 1688 822 1774 aenigmate,
873 1693 1055 1754 tunc
1110 1693 1359 1755 autem
1416 1690 1610 1755 facie
1670 1691 1756 1754 ad
1813 1691 2104 1755 faciem.
2172 1691 2277 1755 hic
2325 1693 2494 1755 certe
2540 1689 2664 1754 nisi

371 1801 583 1880 aperte
647 1796 921 1861 insanire
985 1797 1341 1874 uolueritis,
1408 1798 1763 1863 fatebimini
1829 1817 1952 1864 non
2018 1816 2137 1863 uos
2201 1797 2418 1862 uidere
2476 1796 2664 1862 deum

368 1903 528 1968 facie
566 1903 646 1967 ad
682 1903 930 1968 faciem.
979 1924 1102 1990 non
1153 1923 1301 1988 ergo
1349 1905 1428 1968 ad
1475 1924 1594 1970 uos
1642 1905 1820 1969 uenit
1862 1903 2045 1982 illud,
2095 1905 2266 1987 quod
2311 1904 2666 1987 perfectum

371 2013 488 2074 est.
554 2010 676 2075 hoc
743 2010 911 2074 enim
975 2011 1163 2076 modo
1228 2013 1414 2095 plane
1480 2011 1633 2094 quid
1699 2011 1776 2076 de
1845 2012 1964 2076 hac
2020 2030 2087 2075 re
2153 2010 2443 2089 senserit,
2507 2010 2664 2075 satis

282 2138 330 2176 15
372 2116 703 2199 apostolus
759 2116 1101 2200 explicauit
1150 2165 1163 2180 .
1213 2136 1331 2182 nec
1386 2117 1674 2181 futurum
1723 2121 1824 2182 est
1867 2116 1989 2183 hoc
2037 2117 2297 2196 sanctis,
2345 2116 2470 2180 nisi
2517 2134 2662 2180 cum

369 2221 611 2286 factum
644 2222 870 2299 fuerit,
920 2221 1089 2305 quod
1138 2223 1330 2287 etiam
1376 2223 1692 2288 Iohannes
1741 2223 1934 2291 dicit:
1993 2223 2148 2288 filii
2205 2222 2322 2287 dei
2380 2241 2661 2300 sumus„

372 2331 447 2393 et
491 2329 815 2394 nondum
864 2329 1238 2412 adparuit,
1290 2329 1471 2412 quid
1516 2331 1816 2396 erimus.
1885 2331 2189 2409 scimus,
2249 2328 2442 2412 quia,
2499 2347 2664 2394 cum

372 2435 839 2518 adparuerit,
920 2436 1217 2501 similes
1284 2436 1350 2502 ei
1417 2438 1728 2516 erimus,
1805 2437 2155 2519 quoniam
2230 2436 2664 2502 uidebimus

372 2561 536 2606 eum
584 2542 822 2607 sicuti
868 2547 1004 2620 est,
1062 2547 1215 2608 tunc
1260 2544 1699 2609 introducente
1746 2545 1810 2608 in
1859 2564 2111 2610 omnem
2158 2545 2494 2609 ueritatem
2542 2543 2665 2626 spi-

286 2670 340 2710 80
368 2649 499 2714 ritu
538 2654 783 2728 sancto,
823 2649 1006 2714 cuius
1046 2670 1213 2715 nunc
1249 2650 1482 2734 pignus
1524 2652 1905 2734 accepimus,
1957 2651 2126 2734 quod
2165 2654 2381 2716 autem
2421 2651 2664 2715 dictum

373 2760 509 2821 est:
577 2757 901 2822 mundus
960 2776 1124 2822 eum
1182 2757 1525 2840 accipere
1579 2778 1723 2824 non
1777 2761 2064 2842 potest,
2134 2758 2210 2822 de
2277 2758 2377 2822 his
2444 2756 2665 2839 utique

373 2863 615 2928 dictum
665 2867 783 2941 est,
834 2864 942 2946 qui
990 2865 1201 2930 solent
1251 2864 1313 2928 in
1376 2865 1704 2949 scripturis
1759 2865 1982 2930 mundi
2037 2865 2292 2932 nomine
2340 2863 2663 2948 appellari,

373 2973 683 3036 amatores
758 2971 981 3034 mundi
1047 2971 1154 3035 uel
1218 2970 1377 3055 inpii
1441 2972 1549 3035 uel
1614 2949 1933 3051 carnales,
2001 2972 2080 3036 de
2145 2971 2444 3053 qualibus
2511 2970 2668 3034 dicit

374 3078 744 3160 apostolus:
820 3078 1177 3143 animalis
1244 3082 1493 3144 autem
1558 3078 1778 3145 homo
1843 3098 1984 3145 non
2052 3079 2410 3163 percipit,
2479 3097 2665 3161 quae

285 3201 336 3240 2⁵
375 3189 552 3248 sunt
598 3184 921 3267 spiritus
969 3184 1107 3252 dei.
1158 3185 1236 3249 de
1272 3185 1395 3250 hoc
1432 3185 1600 3250 enim
1639 3186 1873 3251 mundo
1915 3206 2054 3252 esse
2095 3185 2410 3263 dicuntur,
2451 3204 2666 3268 quam-

374 3291 481 3355 diu
546 3310 669 3356 non
718 3293 1007 3375 possunt
1072 3310 1291 3375 sapere
1356 3292 1631 3375 amplius
1697 3311 1888 3374 quam
1953 3296 2108 3358 sunt
2167 3284 2294 3358 ista
2349 3311 2666 3376 corporea,

373 3415 535 3479 quae
591 3398 656 3462 in
712 3399 833 3464 hoc
888 3397 1124 3463 mundo
1184 3402 1555 3476 senserunt3
1624 3399 1794 3464 sicut
1846 3419 1962 3474 nec
2017 3419 2135 3466 uos
2191 3399 2364 3464 aliud
2422 3399 2665 3482 sapitis,

374 3502 503 3583 qui,
556 3521 699 3567 cum
746 3502 959 3568 lucem
1005 3504 1198 3568 istam
1248 3504 1403 3569 solis
1452 3508 1517 3569 et
1561 3505 1749 3570 lunae
1805 3506 2213 3585 miraremini,
2272 3507 2427 3571 talia
2479 3507 2666 3572 uobis

375 3609 585 3676 omnia
652 3609 868 3674 diuina
932 3611 1201 3676 finxistis
1268 3615 1525 3678 auctore
1578 3611 1694 3678 illo
1749 3614 2114 3697 uaniloquo,
2174 3633 2360 3696 quem
2419 3614 2667 3696 decepti

552 3821 583 3874 5
620 3820 775 3874 Rom.
814 3822 863 3887 5,
903 3823 936 3875 5
1015 3821 1079 3875 10
1106 3821 1134 3875 Ι
1164 3821 1282 3878 Cor.
1316 3821 1397 3887 13,
1431 3823 1499 3877 10
1526 3839 1643 3893 sqq.
1723 3823 1788 3877 16
1817 3822 1846 3876 Ι
1872 3823 1988 3878 Ioh.
2019 3824 2069 3888 3,
2100 3823 2134 3876 2
2213 3824 2282 3876 24
2313 3823 2340 3877 Ι
2366 3821 2486 3878 Cor.
2516 3821 2566 3886 2,
2600 3823 2668 3876 14

446 3982 474 4034 1
516 3980 644 4050 quia
680 3981 713 4035 b
796 3980 1089 4035 3nondum
1115 3983 1261 4036 iesus
1291 3981 1399 4038 ΒΘ.
1473 3984 1504 4036 7
1536 3981 1790 4038 docemur
1817 3983 1850 4037 b
1934 3983 2000 4036 10
2035 3981 2228 4053 inquid
2267 3982 2338 4035 L·
2417 3985 2474 4037 11
2513 3983 2666 4053 enig-

370 4074 515 4124 mate
543 4069 697 4124 LGS
768 4069 820 4124 G
1031 4070 1158 4135 hinc
1197 4076 1257 4140 (n
1295 4088 1413 4141 erp.
1450 4089 1520 4126 m.
1558 4073 1614 4140 2)
1653 4073 1705 4126 L
1959 4073 2026 4125 12
2073 4071 2319 4126 fatemini
2357 4070 2667 4127 LGSMGb

374 4158 440 4212 13
484 4157 625 4212 illud
672 4159 719 4224 (t
764 4173 899 4213 corr.
944 4159 1008 4212 in
1053 4159 1108 4226 d)
1150 4159 1197 4214 S
1372 4160 1441 4212 17
1489 4160 1639 4230 quid]
1698 4159 1841 4231 quod
1885 4159 1984 4214 GP
2159 4159 2356 4214 scimus
2401 4162 2584 4213 autem
2633 4159 2664 4212 b

368 4247 441 4322 ‘19
475 4246 1003 4318 ‚introintroducente
1040 4246 1141 4304 SG
1177 4249 1319 4303 intro
1359 4248 1590 4303 ducente
1627 4250 1748 4302 PM
1927 4248 1996 4304 20
2047 4250 2337 4320 accipimus
2384 4249 2667 4304 L¹SMGb

372 4335 442 4388 28
480 4335 669 4389 mirare
696 4335 925 4390 iinitalia
962 4335 1009 4390 S
1039 4337 1285 4390 mirarem
1322 4337 1538 4391 initalia
1580 4337 1632 4391 G
