3159 4984
469 482 600 544 230
1166 480 1218 533 S.
1275 479 1554 533 Aureli
1612 480 2047 549 Augustini

471 691 614 735 rum
658 671 977 736 insinuare
1036 674 1360 749 conantur,
1419 672 1530 737 sed
1590 672 1843 737 omnino
1903 672 2084 737 aliter
2137 673 2450 756 longeque
2508 674 2755 741 diuerse

473 780 660 859 atque
693 779 1000 843 contrarie
1029 779 1200 842 latus
1238 778 1423 843 lateri
1457 778 1814 862 adiungunt
1850 781 2041 860 atque
2080 779 2461 843 conliniant:
2500 784 2757 846 naturas

472 884 752 967 quinque
799 887 1154 963 numerant,
1214 884 1593 969 distingunt,
1651 884 1961 962 ordinant,
2020 885 2436 967 qualitatibus
2490 888 2758 971 propriis

473 990 805 1055 enuntiant
847 1009 964 1055 nec
1013 1010 1120 1056 eas
1169 991 1451 1056 desertas
1498 990 1998 1073 infecundaeque
2036 1010 2175 1056 esse
2213 993 2610 1075 permittunt,
2648 994 2759 1059 sed

476 1097 612 1163 suis
657 1097 1191 1163 inhabitatoribus
1241 1100 1541 1181 conplent
1587 1098 1805 1180 eisque
1851 1097 2010 1181 ipsis
2055 1098 2290 1163 formas
2340 1118 2649 1185 congruas
2694 1105 2761 1167 et
2826 1126 2851 1165 5

473 1206 609 1271 suis
638 1204 1142 1269 habitationibus
1173 1203 1689 1269 adcommodatas
1718 1203 2093 1268 adtribuunt
2130 1206 2195 1268 et
2231 1206 2401 1286 quod
2438 1208 2763 1273 antecellit

482 1312 797 1388 omnibus,
864 1310 1087 1375 uitam.
1155 1308 1311 1374 haec
1376 1316 1555 1375 tanta
1608 1311 1775 1375 bona
1832 1330 2196 1376 enumerare
2253 1315 2318 1377 et
2372 1314 2449 1377 ab
2505 1319 2761 1382 auctore

475 1420 757 1485 omnium
801 1420 1112 1483 bonorum
1163 1418 1278 1482 deo
1327 1418 1533 1483 aliena
1580 1436 1721 1482 esse
1760 1417 1987 1495 dicere,
2026 1417 2146 1483 boc
2186 1422 2286 1483 est
2318 1439 2435 1484 nec
2470 1420 2535 1485 in
2572 1422 2760 1489 rebus

475 1544 818 1609 agnoscere
882 1527 1132 1589 tantum
1202 1524 1438 1588 ordinis
1503 1524 1745 1589 bonum
1802 1543 1917 1588 nec
1976 1525 2039 1589 in
2098 1544 2165 1590 se
2220 1528 2471 1590 tantum
2538 1530 2761 1594 erroris

469 1633 732 1696 malum.
1630 1622 1639 1629 ’
2686 1658 2695 1667 ·
2800 1661 2851 1699 ιο

567 1741 673 1803 30.
744 1738 885 1804 Sed
949 1739 1122 1817 ista,
1187 1739 1414 1821 inquit,
1482 1758 1759 1823 genera
1824 1739 2154 1822 quinque
2216 1741 2398 1805 illas
2454 1745 2762 1808 naturas

476 1844 1002 1909 inhabitantia
1047 1862 1277 1909 saeua
1324 1848 1538 1908 erant
1583 1848 1809 1927 atque
1856 1846 2247 1929 pestifera.
2307 1848 2488 1930 quasi
2538 1868 2653 1934 ego
2700 1851 2765 1914 in

475 1953 568 2018 eis
603 1952 940 2017 saeuitiam
967 1954 1344 2035 pestemque
1373 1951 1789 2016 laudauerim.
1832 1971 2000 2031 ecce,
2041 1972 2158 2037 ego
2195 1956 2413 2018 tecum
2450 1954 2763 2039 uitupero,

475 2077 636 2139 quae
681 2057 746 2121 in
793 2058 922 2122 illis
971 2057 1142 2120 mala
1187 2076 1330 2122 esse
1379 2057 1751 2136 criminaris,
1806 2060 1999 2124 lauda
2041 2063 2116 2124 tu
2160 2078 2436 2139 mecum,
2495 2080 2656 2144 quae
2702 2063 2765 2128 in

474 2165 607 2230 illis
655 2165 822 2229 bona
864 2164 1002 2247 ipse
1051 2183 1548 2230 commemoras:
1597 2165 1683 2230 ita
1736 2166 1983 2232 uidebis
2030 2169 2197 2233 bona
2239 2168 2424 2233 malis
2460 2170 2769 2252 permixta
2813 2186 2859 2225 1⁵

475 2272 540 2335 te
606 2270 774 2334 uelle
845 2270 1232 2334 constituere
1287 2288 1398 2351 pro
1459 2289 1709 2335 summo
1768 2275 1834 2336 et
1890 2276 2166 2339 extremo
2222 2274 2408 2341 malo.
2476 2274 2768 2359 uitupero

475 2376 566 2441 ibi
603 2379 818 2440 tecum
855 2380 1123 2460 pestem,
1161 2376 1352 2440 lauda
1387 2376 1480 2441 ibi
1515 2395 1769 2442 mecum
1810 2380 2121 2456 salutem3
2171 2399 2295 2445 non
2334 2381 2503 2445 enim
2542 2402 2773 2467 genera

475 2483 590 2548 illa
653 2483 760 2548 uel
826 2482 1006 2568 gigni
1069 2484 1179 2547 uel
1241 2482 1472 2547 nutriri
1536 2485 1645 2548 uel
1707 2485 2063 2551 inhabitare
2116 2486 2294 2551 illam
2348 2489 2581 2552 terram
2638 2489 2771 2554 sine

479 2589 694 2672 aliqua
739 2590 946 2655 salute
991 2590 1376 2673 potuissent.
1442 2590 1737 2674 uitupero
1794 2592 1885 2657 ibi
1937 2595 2154 2658 tecum
2213 2596 2527 2671 tenebrae,
2584 2595 2775 2660 lauda

478 2696 570 2762 ibi
623 2714 876 2762 mecum
933 2696 1428 2775 fecunditatem;
1497 2698 1789 2763 tenebras
1856 2700 2024 2765 enim
2082 2700 2241 2765 dicis
2306 2700 2693 2778 „inaestim
2710 2720 2770 2765 a·
2810 2720 2865 2760 so

477 2804 712 2870 biles⁴¹
769 2806 836 2869 et
879 2804 1060 2869 addis
1107 2807 1319 2868 tamen
1378 2824 1580 2881 „cum
1619 2806 1950 2889 propriis
1987 2808 2339 2897 fetibus‚⁸j
2387 2826 2771 2891 quamquam

479 2912 776 2976 tenebrae
832 2931 957 2977 non
1017 2913 1170 2976 sunt
1225 2930 1557 2995 corporeae
1620 2915 1958 2996 totumque
2014 2914 2135 2979 hoc
2180 2934 2410 2980 nomen
2458 2913 2621 2979 lucis
2668 2916 2772 2980 ab-

483 3017 693 3081 sentia
737 3020 856 3094 est,
906 3015 1076 3082 sicut
1120 3015 1376 3081 nuditas
1427 3036 1637 3083 carere
1682 3018 1931 3084 uestitu
1969 3022 2035 3084 et
2067 3020 2341 3085 inanitas
2376 3039 2603 3085 uacare
2642 3040 2772 3088 cor-

481 3123 654 3206 poris
700 3122 1137 3206 plenitudine3
1197 3142 1270 3188 ac
1316 3127 1654 3207 propterea
1697 3126 1992 3191 tenebrae
2036 3125 2196 3191 nihil
2242 3128 2499 3213 gignere
2552 3129 2773 3211 potue-

480 3232 649 3307 runt,
721 3229 1016 3312 quamuis
1080 3232 1250 3295 terra
1313 3230 1597 3314 potuerit
1657 3232 2013 3311 tenebrosa,
2078 3232 2145 3297 id
2200 3236 2301 3298 est
2356 3252 2573 3299 carens
2626 3235 2771 3299 luce
2812 3254 2866 3293 εὖ

479 3336 718 3418 aliquid
766 3336 1044 3420 gignere.
1097 3337 1210 3401 sed
1254 3338 1510 3434 interim
1557 3340 1681 3405 hoc
1731 3339 2125 3405 omittamus.
2184 3340 2357 3405 fetus
2402 3344 2615 3405 tamen
2664 3342 2774 3405 ubi

559 3564 586 3616 1
626 3562 870 3619 diuersae
908 3564 964 3616 P
1071 3564 1104 3617 2
1143 3564 1441 3619 contrariae
1476 3564 1594 3619 PT
1735 3566 1962 3619 cliniant
1985 3564 2055 3619 H
2086 3566 2337 3621 colliniut
2366 3568 2398 3621 b
2509 3568 2541 3621 3
2580 3567 2773 3621 distin-

483 3655 624 3723 gunt
659 3652 828 3723 (sting
861 3653 925 3705 in
959 3652 1094 3721 ras.)
1130 3651 1200 3707 Η
1232 3652 1579 3723 distinguunt
1624 3652 1859 3708 TVGSb
2013 3656 2048 3707 4
2087 3670 2147 3709 ac
2184 3654 2499 3709 infecundas
2545 3655 2775 3709 VSGLb

484 3746 542 3795 et
559 3740 872 3795 infecundas
910 3741 1012 3797 ΤΒ
1085 3742 1117 3794 5
1149 3740 1403 3812 eisdeque
1425 3742 1456 3797 b
1531 3742 1566 3795 6
1588 3741 2039 3797 inhabitatioibus
2069 3744 2100 3797 b
2218 3742 2540 3799 adcomodas
2569 3744 2637 3797 H
2640 3745 2775 3799 TRb

486 3830 516 3883 '7
555 3830 674 3885 uita.
707 3831 764 3885 P
937 3830 1036 3885 hec
1082 3830 1138 3885 T·
1306 3828 1482 3883 bonae
1519 3848 1798 3885 numerare
1835 3830 1905 3885 H
1912 3834 1925 3868 ¹
2076 3832 2109 3885 8
2144 3830 2407 3885 bonorum
2446 3833 2683 3885 omnium
2732 3832 2781 3885 T

482 3947 540 4001 in
595 3963 696 4003 om.
745 3947 777 4001 b
978 3944 1043 3998 12
1087 3900 1772 4009 inhabitantiassaeuerant
1822 3945 1911 4001 H²
2112 3953 2244 4003 ante
2296 3964 2463 4003 saeua
2518 3948 2649 4003 add.
2704 3966 2773 4001 m.

485 4051 626 4091 saec.
672 4034 791 4091 VH.
836 4051 880 4089 ε.
934 4034 968 4087 Ζ.
1019 4050 1158 4103 quae
1193 4034 1250 4087 P
1411 4034 1477 4088 13
1505 4030 1769 4089 'seuitiem
1815 4034 1867 4089 T
1967 4072 1976 4079 -
2012 4036 2093 4091 -15
2139 4036 2279 4107 ipse]
2318 4054 2434 4091 esse
2470 4036 2539 4102 L,
2578 4054 2680 4093 om.
2729 4038 2782 4091 V

483 4123 824 4194 permixta,te
876 4120 1016 4175 uelle
1052 4120 1122 4175 Η
1227 4120 1294 4177 18
1347 4124 1546 4177 terram
1604 4122 1752 4177 illam
1791 4123 1823 4178 b
1937 4124 2003 4178 19
2052 4124 2227 4179 salute
2286 4124 2471 4195 aliqua.
2522 4124 2775 4181 HSVRb

487 4212 560 4267 20
595 4209 990 4283 fecunditatem
1029 4210 1082 4265 T
1218 4210 1614 4267 inestimabiles
1660 4212 1711 4265 T
1830 4214 1897 4270 21
1938 4211 2141 4285 fetibus
2188 4213 2239 4267 T
2358 4214 2427 4268 22
2466 4230 2686 4285 corpora
2730 4216 2781 4269 T

487 4300 556 4355 23
597 4316 770 4355 carere
805 4298 832 4351 1
869 4315 1058 4353 uacare
1104 4298 1160 4354 V
1324 4298 1392 4353 26
1429 4299 1593 4369 fetus]
1632 4300 1787 4371 fedus
1833 4300 1884 4354 T
1914 4300 2105 4355 foedus
2150 4300 2254 4357 VL
2288 4301 2445 4357 fedus
2483 4303 2515 4357 b
2555 4303 2639 4371 (in
2672 4320 2773 4374 my.

487 4388 557 4441 al.
595 4388 760 4455 fetus)
907 4392 1253 4443 tamen—est
1288 4406 1392 4444 om.
1439 4387 1599 4442 TVL
