3159 4984
965 464 1055 519 VI.
1112 463 1405 521 Contra
1460 465 1828 520 Faustum
1883 464 2012 520 lib.
2073 466 2160 519 VI.
2551 470 2675 533 301

394 662 753 727 reuelatum
800 661 1056 745 populis
1102 661 1523 743 praedicatur.
1593 661 1761 726 uude
1819 662 2132 744 scriptura
2175 662 2316 745 ipsa
2357 665 2514 726 tunc
2559 665 2693 725 erat

395 772 825 854 praeceptum,
872 787 1040 833 nunc
1085 768 1547 834 testimonium.
1615 769 1994 853 scenopegia
2049 788 2171 833 non
2220 769 2534 833 celebrare
2580 767 2689 831 ali-

394 876 649 960 quando
706 879 1037 959 peccatum
1094 874 1238 951 fuit,
1298 894 1465 940 nunc
1520 895 1645 940 non
1704 879 1806 941 est
1857 877 2214 959 peccatum.
2279 876 2688 940 tabernaculo

397 987 613 1049 autem
653 982 774 1061 dei,
805 982 974 1065 quod
1016 985 1115 1047 est
1151 982 1443 1060 ecclesia,
1474 1001 1598 1046 non
1630 981 2034 1066 conpaginari
2069 1000 2321 1065 semper
2355 985 2688 1065 peccatum

336 1112 363 1149 ⁵
396 1093 513 1154 est.
562 1089 675 1154 sed
724 1092 879 1153 tunc
926 1089 1233 1172 agebatur
1288 1088 1407 1153 sub
1463 1089 1802 1171 praecepto
1857 1087 2174 1172 figuratio,
2231 1106 2398 1151 nunc
2451 1088 2694 1172 legitur

386 1196 454 1260 in
500 1193 870 1259 testimonio
918 1193 1249 1258 reuelatio.
1297 1212 1448 1258 nam
1496 1193 1679 1272 illud,
1728 1192 1900 1275 quod
1937 1198 2090 1257 ωηο
2125 1194 2366 1257 factum
2405 1197 2523 1272 est,
2563 1213 2687 1259 non

388 1302 705 1368 diceretur
767 1300 1249 1365 tabernaculum
1316 1300 1693 1375 testimonii,
1757 1300 1881 1365 nisi
1945 1300 2136 1364 alicui
2190 1300 2468 1378 ueritati,
2525 1318 2684 1383 quae

388 1430 504 1475 suo
568 1412 857 1491 tempore
924 1405 1300 1471 declaranda
1364 1409 1515 1481 erat,
1574 1406 1848 1488 quadam
1905 1407 2320 1491 congruentia
2371 1406 2686 1491 significa-

382 1516 576 1582 tionis
670 1515 1113 1579 adtestaretur.
1209 1514 1397 1579 lineis
1470 1513 1764 1579 uestibus
1847 1513 2116 1578 miscere
2199 1532 2544 1598 purpuram
2618 1518 2685 1579 et

299 1646 351 1683 ιο
389 1622 721 1688 linostima
763 1625 946 1686 ueste
991 1620 1173 1686 indui
1219 1619 1557 1703 aliquando
1603 1622 1940 1704 peccatum
1987 1621 2131 1699 fuit,
2188 1639 2356 1686 nunc
2411 1640 2537 1687 non
2583 1624 2683 1687 est

384 1732 744 1813 peccatum.
784 1728 899 1793 sed
936 1727 1291 1793 inordinate
1330 1726 1550 1792 uiuere
1591 1730 1656 1791 et
1694 1726 1929 1792 diuersi
1968 1727 2219 1811 generis
2255 1727 2680 1811 professiones

384 1837 557 1902 uelle
586 1836 879 1913 miscere,
908 1838 987 1899 ut
1011 1835 1119 1900 uel
1147 1835 1652 1899 sanctimonialis
1681 1835 1913 1899 habeat
1939 1838 2304 1900 ornamenta
2339 1838 2680 1917 nuptarum

383 1944 493 2007 uel
539 1962 615 2007 ea
661 1961 821 2024 quae
871 1960 939 2006 se
986 1960 1109 2006 non
1160 1941 1490 2005 continens
1546 1941 1770 2025 nupsit
1824 1941 2102 2024 speciem
2156 1940 2422 2025 uirginis
2479 1944 2677 2025 gerat,

386 2050 557 2115 omni
592 2049 785 2115 modo
822 2050 1155 2132 peccatum
1194 2050 1330 2125 est3
1374 2050 1438 2112 et
1476 2048 1531 2113 si
1569 2046 1724 2130 quid
1759 2047 2279 2113 inconuenienter
2314 2067 2386 2113 ex
2424 2048 2676 2113 diuerso

294 2174 347 2214 ιε
384 2174 611 2239 genere
658 2155 724 2219 in
770 2154 908 2219 uita
954 2154 1263 2236 cuiusque
1312 2154 1687 2221 contexitur.
1754 2173 1978 2219 uerum
2030 2155 2193 2219 illud
2249 2159 2401 2220 tunc
2447 2156 2674 2240 figura-

383 2261 573 2326 batur
624 2261 688 2325 in
744 2260 1060 2337 uestibuS‚
1127 2260 1297 2343 quod
1360 2280 1529 2326 nunc
1596 2261 1952 2330 declaratur
2005 2262 2071 2327 in
2126 2262 2447 2334 moribus:
2511 2262 2674 2327 illud

385 2368 551 2431 enim
611 2370 744 2432 erat
799 2372 1057 2450 tempus
1114 2366 1534 2450 significandi,
1591 2366 1714 2431 hoc
1777 2368 2246 2433 manifestandi.
2322 2386 2468 2452 ergo
2532 2367 2674 2449 ipsa

386 2475 720 2558 scriptura.
769 2493 929 2557 quae
976 2475 1130 2538 tunc
1175 2474 1302 2538 fuit
1346 2475 1616 2538 exactrix
1657 2494 1916 2557 operum
1957 2474 2475 2559 significantium.
2514 2493 2682 2538 nunc

383 2582 575 2647 testis
634 2584 733 2645 est
787 2600 997 2645 rerum
1057 2580 1597 2664 significatarum;
1666 2584 1731 2644 et
1787 2599 1947 2662 quae
2003 2584 2158 2645 tunc
2223 2579 2682 2645 obseruabatur

292 2704 345 2744 2⁰
384 2687 465 2752 ad
501 2686 1141 2771 praenuntiationem,
1180 2706 1349 2752 nunc
1384 2687 1692 2752 recitatur
1728 2687 1808 2752 ad
1847 2687 2408 2752 confirmationem.
2445 2686 2678 2751 bouem

383 2798 447 2858 et
494 2794 745 2859 asinum
796 2793 875 2858 ad
922 2794 1312 2877 operandum
1348 2793 1612 2878 iungere
1651 2796 1806 2858 tunc
1843 2814 1966 2859 non
2004 2793 2261 2869 licebat,
2299 2811 2468 2857 nunc
2504 2792 2676 2857 licet.

382 2899 775 2964 declaratum
836 2902 935 2963 est
990 2899 1157 2962 enim
1214 2919 1327 2982 per
1374 2899 1758 2982 apostolum,
1807 2918 1952 2963 cum
2002 2899 2078 2963 de
2125 2899 2290 2965 boue
2339 2898 2678 2962 triturante

378 3023 503 3068 non
551 3004 921 3069 infrenando
971 3005 1351 3088 scripturam
1396 3006 1708 3069 recoleret
1755 3004 2107 3069 dicentem:
2174 3002 2532 3085 numquid
2591 3003 2676 3067 de

378 3110 629 3174 bubus
680 3128 860 3173 cura
908 3113 1027 3175 est
1071 3110 1249 3174 deo?
1318 3128 1509 3192 quare
1566 3130 1717 3195 ergo
1775 3129 1943 3175 nunc
1998 3110 2256 3194 legitur,
2314 3108 2564 3191 quando
2610 3108 2676 3172 id

287 3240 339 3280 25
383 3214 554 3297 quod
589 3214 917 3298 prohibuit
947 3215 1075 3279 iam
1104 3215 1307 3279 licet?
1346 3214 1497 3298 quia
1532 3216 1702 3281 idem
1741 3216 1880 3300 ipse
1917 3216 2007 3280 ibi
2046 3218 2307 3281 secutus
2347 3216 2675 3297 apostolus

379 3322 511 3384 ait:
576 3322 887 3404 propter
942 3338 1074 3384 nos
1132 3319 1514 3404 scriptura
1601 3320 1809 3385 dicit.
1878 3323 1944 3385 et
1995 3321 2218 3403 utique
2263 3322 2508 3405 inpium
2556 3326 2674 3400 est,

375 3430 454 3492 ut
497 3447 620 3492 non
671 3428 963 3511 legamus
1020 3446 1157 3505 nOS,
1205 3427 1376 3510 quod
1423 3428 1730 3512 scriptum
1789 3432 1890 3494 est
1942 3433 2197 3512 propter
2250 3448 2402 3507 nos;
2469 3429 2674 3513 magis

380 3533 547 3598 enim
597 3538 854 3617 propter
898 3553 1034 3612 nos,
1074 3535 1307 3617 quibus
1353 3534 1818 3613 manifestatur,
1858 3556 2046 3619 quam
2092 3539 2349 3620 propter
2390 3537 2560 3615 ilica,
2607 3536 2672 3601 in

550 3786 583 3837 2
630 3785 695 3838 cf.
743 3786 874 3839 Leu.
922 3786 1004 3845 23,
1055 3786 1126 3838 34
1236 3786 1304 3839 10
1350 3786 1416 3839 cf.
1463 3786 1629 3841 Deut.
1679 3788 1764 3851 22,
1817 3789 1879 3840 11
2030 3788 2093 3839 21
2147 3788 2213 3842 cf.
2261 3786 2424 3840 Deut.
2475 3787 2560 3851 22,
2604 3786 2670 3839 10

373 3874 443 3926 23
480 3872 509 3926 Ι
546 3872 667 3927 Cor.
706 3874 755 3937 9,
796 3874 829 3927 9
869 3890 947 3943 sq.

442 4022 475 4075 2
513 4022 967 4093 schenophegiarn
1006 4022 1053 4078 S
1096 4022 1566 4094 schenophaegiam
1611 4026 1662 4079 (τ’
1699 4027 2102 4097 schenophegia
2139 4026 2266 4079 ΕΜ
2306 4026 2670 4096 scenophegia.

372 4114 481 4181 (sce
519 4111 571 4179 b)
618 4110 699 4165 ob
808 4114 840 4165 5
877 4112 1111 4183 figurato
1157 4112 1203 4167 0
1232 4114 1376 4182 Euy.
1420 4114 1519 4179 (ed.
1558 4114 1741 4169 Kriou
1767 4133 1829 4184 p.
1869 4117 1995 4183 241)
2118 4118 2150 4170 6
2189 4116 2562 4170 testimonium
2601 4114 2667 4169 8¹

366 4199 607 4254 reuelato
654 4198 702 4253 0
730 4201 871 4270 Euq.
1055 4205 1111 4254 et
1164 4200 1303 4254 illud
1360 4202 1391 4255 b
1555 4204 1589 4256 8
1639 4202 1868 4273 quedam
1907 4203 1982 4255 L¹
2151 4205 2216 4258 10
2261 4204 2554 4257 linostema
2596 4203 2664 4258 0¹

366 4288 641 4343 linistema
676 4288 759 4361 (in
792 4306 895 4358 my.
932 4289 1233 4357 linostima)
1275 4290 1307 4343 b
1456 4293 1519 4345 11
1570 4290 1668 4345 sed
1713 4308 1815 4347 om.
1863 4292 2082 4347 (JSGM
2220 4292 2287 4346 13
2335 4292 2513 4363 specie
2565 4293 2666 4357 (cie

366 4392 410 4431 8.
449 4376 507 4444 l.)
555 4376 607 4430 G
644 4394 795 4447 spem
831 4377 1071 4432 LMSO1
1110 4388 1257 4448 spem
1298 4379 1330 4433 b
1442 4380 1511 4433 24
1548 4379 1725 4434 bubus
1770 4381 1835 4435 0¹
1875 4379 2050 4435 bobus
2088 4380 2120 4435 b
