3159 4984
476 440 606 503 428
1184 438 1236 490 S.
1294 438 1569 492 Aureli
1627 440 2066 505 Augustini

477 634 809 717 speculum
871 638 935 698 et
989 634 1053 698 in
1122 634 1480 719 aenigmate
1547 635 1798 713 uidene,
1865 636 2037 719 quod
2100 640 2310 702 totum
2369 637 2782 702 auferendum

476 744 577 804 est
620 740 917 805 ueniente
963 740 1333 807 Manichaeo
1385 744 1449 805 et
1496 742 1818 807 adferente
1866 743 2036 826 quod
2081 744 2436 827 perfectum
2494 749 2612 823 est,
2668 744 2784 809 ubi

474 846 637 912 facie
705 846 782 911 ad
847 847 1078 913 faciem
1144 849 1384 913 ueritas
1452 849 1767 914 uideatur.
1840 870 1874 915 0
1928 851 2194 927 lasciua,
2260 850 2584 929 inmunda,
2643 850 2782 915 sine

474 953 682 1019 fronte
730 953 938 1018 adhuc
985 954 1112 1017 ista
1162 954 1406 1037 garriS‚‘
1444 954 1651 1019 adhuc
1706 955 1917 1039 pascis
1973 958 2226 1035 uentoS‚
2283 956 2491 1021 adhuc
2548 959 2786 1040 ample—

478 1058 671 1124 cteris
738 1060 913 1125 idola
970 1059 1177 1125 cordis
1234 1060 1369 1124 tui!
1438 1061 1607 1125 itane
1665 1064 1737 1125 tu
1793 1062 1955 1127 facie
2013 1062 2092 1125 ad
2145 1062 2374 1127 faciem
2421 1063 2646 1128 uidisti
2687 1084 2786 1128 re·
2845 1088 2878 1127 5

476 1169 780 1249 gnantem
807 1186 1029 1251 regem
1065 1167 1525 1251 sceptrigerum
1555 1167 1769 1233 floreis
1809 1168 2057 1233 coronis
2099 1168 2380 1233 cinctum
2420 1172 2486 1233 et
2521 1170 2786 1235 deorum

476 1273 733 1356 agmina
778 1276 845 1337 et
891 1273 1471 1356 splenditenentem
1519 1293 1851 1358 magnum,
1894 1294 2000 1340 sex
2047 1276 2272 1341 uultus
2323 1280 2387 1341 et
2433 1295 2542 1341 ora
2584 1277 2785 1340 feren-

474 1382 607 1443 tem
638 1378 1110 1461 micantemque
1140 1380 1403 1459 lumine‚
1455 1384 1520 1445 et
1548 1382 1822 1446 alterum
1860 1401 2075 1466 regem
2114 1382 2371 1468 honoris
2413 1384 2786 1467 angelorum

478 1486 859 1550 exercitibus
900 1486 1406 1561 circumdatum3
1458 1491 1523 1551 et
1559 1489 1830 1552 alterum
1871 1488 2268 1554 adamantem
2308 1488 2566 1554 heroam
2601 1490 2786 1555 belli-

480 1596 705 1676 gerum
744 1592 961 1657 dextra
997 1593 1249 1657 hastam
1287 1596 1614 1658 tenentem
1655 1598 1721 1659 et
1757 1596 2016 1660 sinistra
2055 1596 2368 1679 clipeum3
2411 1599 2476 1660 et
2512 1596 2786 1661 alterum
2826 1622 2886 1659 ιο

477 1699 829 1783 gloriosum
869 1718 1085 1783 regem
1124 1703 1254 1765 tres
1293 1703 1467 1766 rotas
1504 1701 1940 1785 inpellentem‚
1980 1701 2171 1787 ignis,
2227 1720 2424 1785 aquae
2465 1706 2531 1767 et
2565 1704 2786 1781 uenti3

480 1808 545 1869 et
598 1806 945 1871 maximum
1002 1804 1334 1870 Atlantem
1389 1808 1702 1872 mundum
1770 1808 2080 1873 ferentem
2144 1808 2458 1887 humeris,
2519 1813 2582 1874 et
2639 1828 2792 1875 eum

477 1930 647 1995 genu
703 1911 862 1977 flexo
927 1912 1205 1977 brachiis
1272 1912 1595 1996 utrimque
1645 1933 1831 1979 secus
1879 1914 2302 1981 fulcientem?
2349 1916 2505 1981 haec
2551 1920 2617 1981 et
2663 1920 2792 1982 alia

474 2017 658 2082 mille
704 2021 999 2101 portenta
1044 2021 1118 2081 tu
1157 2018 1319 2083 facie
1360 2019 1439 2084 ad
1475 2019 1705 2085 faciem
1744 2021 1992 2099 uidisti,
2033 2042 2110 2086 an
2149 2023 2306 2087 haec
2343 2023 2462 2087 tibi
2502 2023 2792 2089 doctrina

480 2124 960 2190 daemoniorum
1006 2126 1639 2209 mendaciloquorum
1687 2148 1799 2212 per
1846 2148 1956 2194 ora
2002 2130 2413 2213 deceptorum
2463 2134 2678 2195 cantat
2723 2138 2790 2197 et
2829 2154 2890 2194 1⁵

482 2231 739 2297 nescis?
770 2250 889 2296 uae
922 2232 1060 2309 tibi,
1091 2232 1335 2297 infelix!
1372 2253 1539 2313 ecce,
1572 2235 1805 2317 quibus
1836 2236 2304 2319 phantasmatis
2335 2238 2788 2322 constupraris,

486 2357 654 2417 ecce,
704 2357 861 2421 quas
909 2339 1227 2407 uanitates
1274 2360 1387 2424 pro
1435 2342 1708 2407 ueritate
1744 2342 1978 2408 lambis
2018 2347 2084 2408 et
2121 2344 2499 2428 serpentinis
2537 2346 2790 2427 poculis

480 2445 658 2509 ebria
724 2446 799 2509 de
866 2445 1190 2530 diptychio
1258 2446 1509 2530 lapideo
1578 2447 1776 2513 audes
1842 2448 2150 2514 insultare
2215 2450 2554 2514 matronali
2608 2470 2789 2517 uere-

481 2553 755 2617 cundiae
804 2553 1096 2637 coniugis
1145 2554 1318 2618 unici
1364 2554 1483 2618 filii
1530 2554 1652 2634 dei,
1694 2557 1844 2638 quia
1887 2556 2000 2621 illa
2044 2556 2172 2621 iam
2220 2577 2345 2623 non
2393 2558 2512 2623 sub
2559 2558 2790 2641 paeda-

480 2660 671 2744 gogio
718 2660 905 2744 legiS‚
956 2659 1071 2725 sed
1120 2660 1237 2725 sub
1286 2660 1659 2744 magisterio
1707 2662 1947 2744 gratiae
1993 2682 2111 2727 nec
2160 2664 2435 2746 superba
2490 2666 2790 2748 operibus
2821 2690 2888 2728 so

476 2784 596 2831 nec
660 2766 861 2831 fracta
922 2766 1273 2832 terroribus
1338 2766 1511 2830 uiuit
1566 2786 1639 2831 ex
1695 2767 1819 2831 fide
1877 2771 1942 2831 et
1998 2788 2109 2851 spe
2169 2772 2234 2834 et
2288 2770 2570 2848 caritate,
2617 2770 2790 2836 facta

474 2872 743 2949 Israhel,
795 2874 860 2937 in
910 2892 1035 2956 quo
1088 2872 1275 2937 dolus
1324 2892 1448 2939 non
1499 2876 1619 2950 est,
1670 2876 1734 2939 et
1781 2870 2064 2953 audiena,
2125 2876 2294 2957 quod
2338 2876 2428 2940 ibi
2475 2876 2788 2961 scriptum

479 2980 621 3043 est:
691 2978 1037 3043 dominus
1098 2978 1283 3044 deus
1340 2982 1541 3057 tuus,
1603 2978 1786 3044 deus
1841 3000 2035 3045 unus
2094 2984 2240 3047 est:
2307 2982 2478 3065 quod
2530 2987 2604 3047 tu
2658 3002 2786 3051 non

480 3084 745 3149 audiens
774 3084 839 3149 in
870 3087 1001 3148 tam
1030 3087 1284 3158 multos
1303 3086 1489 3152 fictos
1521 3086 1674 3151 deos
1711 3086 2195 3153 fornicationem
2233 3092 2414 3153 tuam
2454 3089 2784 3154 diffudisti.

572 3191 629 3254 7.
682 3166 1016 3269 Quomodo
1064 3210 1189 3257 non
1240 3192 1373 3257 sint
1418 3194 1540 3256 t1b1
1583 3194 1881 3258 immioae
1928 3193 2077 3259 illae
2125 3195 2402 3274 tabulae‚
2439 3195 2504 3260 in
2553 3195 2788 3279 quibus
2825 3224 2889 3265 a

480 3296 832 3362 secundum
870 3302 1280 3381 praeceptum
1320 3302 1462 3364 est:
1512 3319 1653 3365 non
1705 3300 2040 3383 accipies
2085 3300 2160 3365 in
2209 3320 2482 3366 uanum
2521 3321 2784 3367 nomen

656 3488 725 3541 22
763 3487 828 3543 cf.
867 3488 984 3543 Ioh.
1025 3494 1073 3555 1,
1111 3490 1181 3544 45
1290 3490 1359 3543 23
1396 3490 1561 3544 Deut.
1591 3492 1653 3554 ·6‚
1693 3494 1728 3544 4
1837 3492 1906 3544 26
1944 3492 2038 3546 Ex.
2079 3494 2164 3557 20,
2207 3492 2237 3544 7

534 3597 581 3647 ’1
626 3595 929 3664 enigrnatae
968 3594 1021 3647 L
1059 3595 1333 3666 enigmate
1389 3596 1435 3649 0
1614 3598 1648 3650 2
1704 3603 1774 3651 ee
1821 3600 1985 3666 (corr.
2037 3616 2112 3652 m.
2163 3601 2196 3652 2
2243 3614 2310 3653 ex
2359 3602 2411 3661 ὅ)
2467 3598 2515 3654 0
2700 3600 2783 3655 af-

486 3682 693 3737 ferente
773 3682 883 3752 (pr.
950 3683 989 3739 f.
1053 3685 1117 3737 in
1178 3685 1313 3753 rae.)
1382 3684 1437 3738 L
1506 3685 1784 3741 auferente
1870 3685 2126 3741 S¹G¹Mb
2365 3688 2396 3742 7
2473 3688 2788 3759 splendide-

480 3774 757 3825 tenentem
814 3772 845 3824 b
1029 3772 1097 3826 10
1155 3776 1330 3827 astam
1388 3772 1487 3828 SG
1546 3778 1692 3830 ast-a
1751 3778 1910 3841 (corr.
1969 3792 2034 3829 ex
2090 3778 2256 3843 astra)
2315 3777 2396 3830 P³
2576 3779 2638 3829 11
2679 3778 2791 3831 im·

479 3860 719 3931 plentem
784 3862 816 3914 b
999 3862 1065 3913 12
1097 3928 1101 3932 ¹
1131 3862 1432 3916 athlantem
1496 3862 1702 3917 LOSG
1883 3864 1951 3918 13
2015 3864 2118 3918 fixo
2174 3864 2222 3919 0
2441 3866 2687 3936 utrisque
2735 3868 2794 3921 L

480 3942 732 4046 utrii'i'que
776 3976 822 4031 C
964 3976 1285 4048 aliamssmille
1322 3978 1375 4031 L
1507 3979 1574 4032 15
1613 3978 1982 4034 demoniorum
2027 3979 2076 4035 C'
2206 3982 2273 4033 16
2311 3998 2379 4036 ue
2424 3982 2472 4036 C
2609 3981 2788 4051 phan-

477 4066 726 4119 tasmatis
756 4065 922 4119 HM·
962 4066 1433 4136 phantasmatibus
1456 4068 1487 4121 b
1604 4068 1666 4121 17
1708 4070 2006 4139 serpentini
2041 4070 2224 4139 poculi
2249 4070 2280 4124 b
2387 4070 2451 4124 18
2481 4070 2716 4141 dipticeo
2745 4070 2796 4125 0

482 4154 718 4271 dyfficio
757 4154 911 4267 LJG
1095 4154 1161 4207 19
1210 4154 1517 4225 pedagogio
1563 4155 1771 4211 LGSG·
1823 4156 2108 4227 pedagogo
2149 4158 2180 4211 b
2363 4158 2426 4211 21
2477 4156 2594 4227 nee]
2644 4160 2700 4211 et
2745 4156 2796 4211 G

482 4268 550 4322 23
579 4254 686 4323 non
716 4274 778 4323 tu
808 4250 1034 4323 a'udiens
1078 4269 1131 4323 G
1168 4268 1394 4323 audiens
1441 4288 1549 4324 non
1595 4276 1658 4325 tu
1705 4271 1752 4325 S
1964 4271 2028 4327 24
2081 4272 2208 4327 deos
2257 4273 2412 4327 fictos
2457 4273 2504 4327 C
2679 4271 2789 4327 dif-

479 4356 707 4421 fundisti
745 4358 821 4410 L?
