3159 4984
459 498 589 561 386
1175 496 1227 549 S.
1284 496 1557 549 Aureli
1619 497 2051 565 Augustini

454 692 645 758 ficum
706 729 793 738 —
849 691 971 756 hoc
1020 691 1185 755 enim
1228 690 1587 756 Salomonis
1636 709 1864 755 nomen
1910 692 2360 775 interpretatur
2397 730 2482 739 ·—-
2520 694 2582 756 in
2625 713 2748 775 quo

456 802 869 883 cognosceret
916 797 1209 881 conpleta
1256 798 1483 874 omnia,
1535 816 1694 879 61166
1743 798 1832 861 ibi
1881 798 2196 875 dicuntur,
2235 799 2425 883 longe
2463 801 2750 864 remotis-

456 906 618 971 sima
680 907 757 970 ab
822 906 934 970 illo
1002 904 1255 969 homine
1324 904 1662 969 Salomone
1729 924 1875 988 rege
1941 904 2202 969 Israhel.
2280 905 2466 970 illum
2532 906 2750 970 itidem

452 1014 792 1097 psalmum,
849 1012 961 1076 ubi
1020 1012 1175 1077 deus
1235 1015 1472 1075 unctus
1531 1030 1567 1074 a
1625 1011 1740 1076 (166
1801 1011 2034 1075 dicitur
2081 1015 2143 1076 et
2189 1012 2412 1095 utique
2462 1012 2753 1078 Christus

374 1204 379 1209 ἡ
453 1120 594 1203 ipsa
656 1120 953 1184 unctione
1020 1118 1375 1183 declaratur
1436 1118 1734 1199 idemque
1785 1117 2077 1183 Christus
2135 1118 2292 1183 deus
2354 1120 2752 1202 apertissime
2819 1140 2850 1177 ⁵

458 1228 836 1297 ostenditur,
885 1245 1031 1291 cum
1080 1226 1237 1290 deus
1275 1229 1509 1291 unctus
1548 1226 1926 1299 insinuatur,
1980 1226 2036 1291 si
2095 1226 2492 1291 considerare
2529 1228 2748 1303 uellet,

457 1354 617 1416 quae
673 1334 763 1397 ibi
820 1334 895 1397 de
946 1332 1220 1409 Christe,
1280 1352 1440 1415 quae
1499 1332 1575 1397 (16
1632 1332 1772 1414 ipsa
1829 1332 2098 1397 ecclesia
2157 1332 2328 1397 dicta
2374 1336 2542 1410 sunt,
2592 1353 2754 1415 quae

456 1441 547 1506 ibi
594 1441 849 1524 quidem
896 1440 1221 1523 praedicta
1265 1440 1529 1523 legeret,
1574 1440 1640 1502 in
1691 1439 1841 1504 orbe
1891 1444 2102 1503 61116111
2150 1443 2458 1503 terrarum
2515 1439 2758 1524 inpleta

457 1548 869 1630 conspiceret,
908 1546 1157 1611 uideret
1194 1565 1446 1628 quoque
1485 1546 1626 1629 ipsa
1665 1546 2007 1611 simulacra
2043 1548 2328 1631 gentium
2369 1566 2481 1630 per
2519 1546 2757 1611 Christi

455 1674 685 1719 nomen
737 1654 829 1719 sic
874 1654 1076 1737 perire
1124 1653 1201 1717 de
1250 1653 1397 1718 orbe
1457 1656 1769 1717 terra-rum
1822 1654 2014 1735 idque
2071 1653 2281 1737 ipsum
2341 1672 2378 1717 a
2431 1653 2756 1738 prophetis
2801 1675 2856 1712 ιο

454 1762 843 1844 praedictum
916 1779 1055 1825 esse
1124 1760 1413 1832 disceret,
1474 1760 1721 1824 audiret
1778 1760 2168 1823 Hieremiam
2223 1742 2577 1825 dicentem:
2647 1762 2755 1827 sic

457 1868 744 1932 dicetis
791 1867 988 1931 illis:
1040 1866 1165 1944 dii,
1217 1866 1343 1947 qui
1392 1866 1686 1930 caelum
1734 1868 1807 1930 et
1852 1868 2127 1930 terram
2187 1887 2329 1932 non
2387 1867 2756 1943 fecerunt,

453 1979 778 2058 pereant
837 1994 873 2038 a
935 1980 1138 2039 terra
1202 1976 1276 2037 et
1342 1973 1428 2037 de
1496 1974 1634 2038 sub
1701 1972 1936 2039 caelo.
1999 1974 2153 2037 item
2224 1974 2346 2039 alio
2401 1975 2543 2039 loco
2612 1995 2758 2039 cum

456 2080 728 2145 eundem
792 2082 1163 2164 prophetam
1238 2082 1551 2146 dicentem
1626 2082 1908 2147 audiret:
1987 2083 2312 2160 domine,
2378 2083 2757 2148 fortitudo

454 2207 615 2252 mea
681 2192 758 2253 61
823 2189 1287 2254 adiutorium
1344 2208 1587 2253 111611111
1645 2194 1719 2253 61
1773 2189 2148 2275 refugium
2204 2209 2448 2253 meum
2503 2190 2578 2253 in
2639 2189 2756 2254 die
2795 2208 2850 2247 1⁵

454 2296 845 2379 malorum,
895 2295 981 2359 ad
1029 2300 1101 2360 te
1151 2300 1423 2380 gentes
1482 2296 1798 2361 uenient
1853 2298 1938 2361 ab
1998 2300 2324 2361 extremo
2384 2300 2628 2361 terrae
2687 2300 2760 2361 et

459 2402 747 2466 dicent:
818 2422 1031 2483 quam
1088 2403 1288 2469 falsa
1342 2402 1856 2487 possederunt
1909 2408 2165 2486 patres
2214 2404 2456 2468 nostri
2505 2403 2756 2467 simul-

456 2526 645 2585 acra,
698 2512 776 2572 et
822 2528 965 2574 non
1015 2512 1132 2574 est
1175 2510 1249 2573 in
1300 2510 1409 2574 eis
1456 2510 1798 2573 utilitas!
1867 2510 1977 2574 sic
2033 2510 2268 2574 faciet
2315 2510 2530 2575 homo
2581 2510 2756 2575 deos

457 2616 531 2677 et
593 2614 745 2696 ipsi
811 2634 956 2680 non
1025 2618 1207 2678 sunt
1274 2614 1397 2678 dii.
1464 2618 1870 2697 propterea
1933 2634 2104 2679 6666
2174 2634 2306 2698 ego
2367 2615 2756 2680 ostendam

456 2721 626 2787 illis
673 2722 747 2785 in
794 2725 1133 2804 tempore
1179 2721 1349 2796 illo;
1401 2740 1697 2785 manum
1743 2740 1978 2785 meam
2027 2721 2422 2786 ostendam
2467 2720 2637 2785 illis
2686 2725 2758 2784 et
2795 2740 2856 2778 20

458 2828 705 2892 scient
768 2827 1142 2890 uirtutem
1208 2846 1473 2900 meam,
1544 2826 1896 2908 quoniam
1940 2846 2100 2910 ego
2168 2826 2537 2891 dominus.
2603 2828 2758 2890 haec

461 2935 723 2998 audiens
776 2933 851 2997 de
902 2934 1215 3015 scriptura
1259 2934 1624 3014 prophetica
1686 2936 1751 2996 et
1806 2952 2066 2997 cernens
2123 2933 2184 2995 in
2243 2935 2542 2998 uniuersa
2597 2938 2760 2997 terra

464 3039 618 3121 quid
684 3038 909 3106 dicam.
979 3039 1515 3121 quemadmodum
1571 3042 1941 3105 moueretur
1994 3040 2070 3103 ad
2126 3040 2339 3115 fidem,
2399 3040 2648 3124 quando
2698 3045 2760 3104 et

463 3146 584 3211 hoc
631 3146 820 3210 rebus
866 3146 1025 3229 ipsis
1072 3146 1437 3229 probamu8‚
1489 3165 1638 3210 cum
1683 3166 1795 3229 per
1837 3146 2234 3230 prophetiam
2283 3150 2428 3211 6616
2474 3152 2762 3230 tempora

466 3252 888 3336 conscriptam
954 3255 1019 3317 et
1082 3252 1182 3317 his
1247 3252 1645 3335 temporibus
1710 3252 2018 3335 inpletam
2085 3253 2272 3318 corda
2327 3253 2612 3318 fidelium
2670 3254 2760 3319 sic
2797 3271 2858 3310 tr>

462 3359 697 3422 firmari
744 3358 1240 3443 cognoscimus?

558 3467 618 3529 8.
687 3466 823 3530 Iam
879 3484 1030 3530 uero
1088 3484 1164 3529 ne
1221 3465 1565 3543 hominem,
1634 3466 1804 3530 sicut
1866 3466 2083 3550 magni
2149 3465 2406 3549 quidam
2472 3467 2761 3532 homines

472 3572 749 3647 fuerunt,
802 3570 1123 3635 Christum
1169 3574 1441 3654 putaret,
1489 3572 1658 3636 idem
1705 3573 2012 3656 propheta
2067 3573 2187 3637 hoc
2240 3572 2336 3637 illi
2395 3573 2470 3637 de
2530 3574 2762 3658 cogita-

650 3748 681 3801 6
721 3751 787 3801 ef.
824 3748 913 3801 ΡΒ.
952 3748 1039 3813 44,
1078 3748 1111 3801 8
1284 3750 1348 3801 11
1390 3748 1627 3803 Hierem.
1667 3752 1750 3813 10,
1791 3750 1852 3803 11
2033 3752 2100 3802 14
2137 3749 2371 3804 Hierem.
2417 3750 2497 3815 16,
2541 3751 2607 3803 19
2645 3768 2762 3820 sqq,

542 3873 571 3925 1
601 3871 657 3925 in
690 3872 816 3941 6116]
844 3871 1005 3925 116166
1033 3872 1095 3927 S·
1242 3874 1273 3924 6
1305 3872 1593 3926 conderare
1623 3873 1698 3926 L¹
1844 3874 1874 3927 7
1905 3874 2132 3945 eeclesia
2168 3874 2216 3928 0
2354 3890 2490 3943 61166
2524 3876 2665 3943 (ww.
2693 3891 2760 3929 m.

471 3959 528 4028 2)
567 3959 621 4013 L
764 3961 797 4012 8
836 3959 1016 4014 orbem
1045 3960 1098 4013 L
1208 3962 1273 4013 12
1300 3960 1433 4030 illis]
1462 3961 1590 4015 filiis
1619 3961 1672 4014 L
1781 3964 1848 4015 13
1875 3966 2102 4033 pereant
2132 3966 2250 4030 (ant
2277 3980 2344 4016 m.
2377 3966 2415 4015 2
2439 3968 2681 4030 retract.)
2713 3962 2768 4015 L-

471 4066 589 4103 cum
621 4050 759 4119 (exp.
788 4067 857 4103 m.
888 4051 946 4119 2)
975 4050 1028 4102 L
1138 4052 1205 4103 14
1234 4049 1503 4104 dicentem
1535 4052 1737 4117 (entem
1763 4058 1979 4105 retract.
2010 4068 2076 4106 m.
2110 4052 2166 4119 2)
2196 4052 2250 4105 L
2359 4053 2428 4106 15
2459 4053 2558 4106 alt.
2587 4070 2760 4107 166661

472 4154 573 4192 om.
628 4138 674 4191 C
817 4138 882 4190 18
938 4138 1035 4206 6161
1093 4138 1139 4191 61
1184 4138 1339 4190 PMb
1486 4140 1550 4192 21
1611 4141 1784 4193 scient
1839 4156 1941 4194 om.
1997 4140 2044 4193 0
2185 4146 2242 4194 61
2294 4141 2556 4195 uirtutem
2601 4141 2768 4193 PL¹b

474 4228 542 4280 23
584 4227 1049 4297 quemammodum
1079 4227 1132 4279 L
1276 4232 1333 4281 et
1358 4228 1459 4281 hoc
1478 4235 1610 4297 post
1634 4229 1768 4299 ipsis
1794 4230 1858 4281 in
1892 4228 1938 4281 C
2079 4231 2147 4283 24
2174 4247 2271 4300 per
2298 4248 2399 4285 om.
2430 4230 2461 4283 b
2645 4248 2762 4300 pro-

474 4314 1043 4385 phetia—conscripta
1088 4314 1120 4367 b
1264 4316 1333 4367 25
1390 4317 1618 4386 impleta
1667 4324 1752 4385 (m
1817 4319 1946 4372 add.
1995 4336 2062 4373 m.
2111 4324 2169 4385 2)
2219 4320 2272 4372 L
2325 4319 2552 4389 impleta
2601 4317 2768 4373 SMG

476 4405 547 4459 28
586 4404 891 4474 cognitione
930 4402 1157 4457 LGMG
