3159 4984
839 442 1025 496 I.De
1087 442 1468 496 utilitate
1527 440 1901 495 credendi
1958 439 2179 494 liber.
2623 444 2703 506 31

405 636 698 718 iniquius
745 636 880 700 fieri
925 639 1158 718 potest.
1210 654 1398 716 quam
1454 637 1528 699 ut
1573 634 1675 698 dei
1724 634 2041 699 antistites
2092 635 2271 700 nobis
2320 655 2443 698 non
2492 636 2711 699 fictum

406 743 692 806 animum
741 741 1188 823 pollicentibus
1237 740 1512 809 credant.
1553 759 1669 805 nos
1718 741 1809 805 eis
1855 739 2389 825 praecipientibus
2438 742 2714 806 nolimus

409 849 668 913 credere
689 852 718 912 {³
751 851 1069 932 postremo
1102 867 1262 929 quae
1291 851 1506 930 potest
1533 866 1677 912 esse
1716 847 1822 912 uia
1860 849 2169 912 salubrior
2198 867 2386 930 quam
2418 848 2717 913 idoneum

406 957 612 1038 primo
655 955 794 1019 fieri
831 953 1269 1038 percipiendae
1309 955 1585 1023 ueritati,
1646 955 1996 1019 adhibendo
2052 955 2133 1020 iis
2170 955 2381 1025 fidem,
2433 974 2591 1036 quae
2639 954 2719 1018 ad

291 1087 328 1126 5
407 1061 904 1143 praecolendum
945 1064 1010 1124 et
1043 1061 1124 1126 ad
1162 1061 1663 1144 praecurandum
1704 1061 1983 1124 animum
2032 1065 2184 1123 sunt
2220 1060 2529 1125 diuinitus
2577 1080 2719 1125 con-

403 1168 676 1232 stituta?
714 1171 826 1231 aut
854 1167 908 1230 si
935 1166 1062 1230 iam
1088 1185 1346 1248 prorsus
1383 1166 1651 1230 idoneus
1698 1167 1807 1233 sis.
1858 1166 2117 1230 circuire
2166 1167 2379 1248 potius
2430 1166 2711 1248 aliquan-

405 1279 548 1337 tum
598 1292 722 1355 qua
769 1272 1166 1337 tutissimum
1215 1275 1314 1336 est
1357 1271 1625 1356 ingredi,
1676 1291 1863 1352 quam
1922 1275 1987 1334 et
2031 1272 2150 1336 tibi
2198 1291 2337 1336 esse
2398 1275 2719 1338 auctorem

405 1379 676 1463 periculi
724 1382 789 1443 et
835 1377 1060 1442 ceteris
1108 1377 1486 1442 temeritatis
1535 1377 1913 1458 exemplum.

301 1503 382 1557 11
501 1489 610 1551 25.
635 1485 840 1564 Quare
861 1485 990 1548 iam
1019 1489 1328 1566 superest.
1349 1487 1425 1547 ut
1448 1483 1941 1553 consideremus,
1967 1502 2090 1565 quo
2120 1487 2307 1566 pacto
2330 1483 2395 1547 hi
2418 1486 2722 1566 sequendi

301 1622 366 1660 ιο
407 1613 534 1659 non
601 1594 750 1668 sint,
819 1592 928 1675 qui
994 1611 1062 1656 se
1113 1590 1498 1673 pollicentur
1545 1590 1785 1655 ratione
1834 1589 2157 1655 ducturos.
2206 1609 2352 1654 narn
2399 1593 2716 1673 quomodo

407 1702 544 1766 sine
595 1701 784 1782 culpa
827 1698 1148 1781 possimus
1198 1697 1376 1778 sequi
1424 1717 1554 1770 eos,
1592 1697 1699 1779 qui
1738 1696 1987 1762 credere
2024 1697 2265 1769 iubent,
2305 1697 2431 1761 iam
2471 1699 2711 1764 dictum

406 1813 543 1881 est;
595 1807 676 1870 ad
724 1807 840 1872 hos
891 1808 1108 1870 autem
1157 1823 1490 1889 sponsores
1537 1804 1801 1869 rationis
1849 1823 1973 1868 non
2012 1803 2198 1868 modo
2231 1804 2365 1868 sine
2394 1805 2711 1888 uitupera-

403 1915 600 1981 tione.
651 1913 768 1978 sed
815 1912 1006 1976 etiam
1056 1931 1202 1976 cum
1251 1910 1462 1994 aliqua
1507 1910 1695 1974 laude
1742 1930 1811 1974 se
1844 1911 2072 1974 uenire
2112 1911 2400 1975 nonnulli
2444 1915 2707 1995 putant:

403 2021 522 2085 sed
569 2039 692 2084 non
741 2020 832 2083 ita
879 2021 986 2084 est
1047 2018 1208 2083 duae
1256 2021 1406 2082 sunt
1453 2018 1621 2082 enim
1666 2035 1970 2098 personae
2026 2016 2089 2081 in
2144 2017 2447 2102 religione
2495 2017 2709 2082 lauda—

301 2161 364 2200 1⁵
405 2127 602 2192 biles:
672 2147 798 2190 una
854 2145 1089 2200 eorum,
1141 2124 1248 2207 qui
1293 2125 1419 2188 iam
1455 2125 1855 2193 inuenerunt,
1887 2143 2047 2206 quos
2076 2125 2267 2188 etiam
2304 2124 2707 2190 beatissimos

407 2232 690 2297 iudicare
728 2250 988 2296 necesse
1025 2235 1160 2305 est;
1202 2230 1324 2294 alia
1351 2249 1591 2306 eorum,
1623 2230 1731 2311 qui
1769 2229 2235 2294 studiosissime
2264 2234 2329 2294 et
2356 2231 2706 2297 rectissime

408 2340 760 2422 inquirunt.
807 2338 994 2422 primi
1045 2356 1192 2422 ergo
1240 2341 1392 2403 sunt
1437 2337 1563 2401 iam
1610 2337 1675 2401 in
1730 2337 1871 2419 ipsa
1924 2337 2347 2420 possessione.
2407 2339 2588 2403 alteri
2641 2339 2705 2404 in

411 2445 538 2515 uia,
587 2463 714 2526 qua
757 2448 968 2510 tamen
1009 2445 1360 2510 certissime
1396 2445 1782 2528 peruenitur.
1834 2443 1955 2508 tria
2010 2446 2160 2508 sunt
2215 2445 2337 2508 alia
2382 2445 2711 2511 hominurn

411 2571 664 2637 genera,
692 2553 974 2637 profecto
1002 2550 1390 2634 inprobanda
1417 2569 1488 2616 ac
1520 2550 1911 2615 detestanda..
1943 2570 2140 2615 unum
2170 2554 2270 2616 est
2298 2551 2709 2635 opinantium,

305 2693 374 2733 ,ο
411 2658 480 2722 id
535 2663 636 2724 est
693 2679 930 2734 eorum,
981 2658 1090 2742 qui
1147 2677 1214 2724 se
1264 2659 1648 2722 arbitrantur
1686 2658 1845 2722 scire
1885 2657 2055 2739 quod
2092 2658 2413 2734 nesciunt;
2444 2659 2711 2723 alterum

409 2783 648 2842 eorum,
679 2765 789 2848 qui
825 2765 1111 2830 sentiunt
1155 2764 1408 2847 quidem
1459 2783 1526 2828 se
1573 2763 1835 2833 nescire.
1894 2763 2009 2828 sed
2063 2784 2185 2829 non
2242 2765 2334 2828 ita
2380 2771 2707 2847 quaerunt,

409 2875 486 2936 ut
527 2873 812 2937 inuenire
859 2871 1144 2955 possint;
1195 2870 1456 2935 tertium
1503 2889 1743 2947 eorum,
1792 2871 1899 2952 qui
1938 2889 2141 2953 neque
2182 2891 2249 2936 se
2290 2871 2451 2936 scire
2500 2871 2711 2937 existi—

406 2982 585 3043 mant
621 2996 738 3044 nec
777 2995 1073 3061 quaerere
1099 2977 1346 3041 uolunt.
1395 2977 1518 3040 tria
1555 2979 1707 3041 sunt
1742 2977 1895 3040 item
1934 2977 2115 3041 uelut
2151 2977 2421 3042 finitima
2456 2978 2711 3043 sibimet

407 3083 470 3150 in
511 3083 740 3149 animis
779 3083 1108 3148 hominum
1140 3082 1546 3148 distinctione
1576 3082 1991 3167 dignissima:
2024 3083 2413 3168 intellegere,
2436 3085 2705 3162 credere,

305 3223 370 3264 ,ὅ
410 3191 667 3274 opinari.
737 3209 896 3272 quae
963 3190 1019 3255 si
1081 3209 1194 3274 per
1242 3209 1310 3254 se
1365 3190 1506 3273 ipsa
1562 3191 2053 3266 considerentur,
2120 3191 2397 3273 primum
2461 3211 2710 3277 semper

407 3297 540 3360 sine
603 3297 765 3362 uitio
816 3300 935 3373 est,
987 3295 1338 3361 secundum
1386 3297 1724 3379 aliquando
1773 3316 1921 3362 cum
1983 3297 2165 3371 uitio,
2222 3298 2481 3363 tertium
2528 3317 2707 3362 num-

405 3422 594 3486 quam
634 3423 769 3468 sine
808 3403 989 3468 uitio,
1039 3422 1186 3468 nam
1231 3403 1602 3488 intellegere
1650 3423 1882 3487 magna
1929 3407 1993 3468 et
2040 3405 2305 3469 honesta
2360 3405 2467 3468 uel
2514 3405 2707 3469 etiam

477 3560 502 3613 l
543 3560 764 3630 inquius
798 3557 916 3630 σὴρ
1098 3561 1132 3614 2
1167 3559 1420 3614 nolumus
1461 3559 1504 3611 V
1686 3561 1717 3614 3
1757 3561 1933 3615 uiatia
1966 3560 2048 3615 Ch
2200 3563 2236 3616 4
2274 3561 2589 3632 pcipiendae
2625 3561 2708 3616 Ch

403 3649 542 3719 peip.
585 3649 744 3718 (uir-9.
790 3653 882 3716 er.)
905 3664 951 3717 p
1041 3648 1296 3703 ueritatis
1343 3649 1375 3702 b
1465 3648 1550 3702 his
1606 3647 1901 3717 thSMm
1914 3649 1995 3702 Vb
2030 3649 2099 3704 iis
2158 3651 2248 3718 (ex
2302 3650 2387 3704 his
2443 3655 2601 3718 corr.)
2653 3651 2708 3702 P

403 3738 438 3790 6
488 3738 600 3791 iam
656 3755 758 3792 om,
821 3735 868 3788 V
991 3737 1213 3792 circuire
1259 3737 1291 3790 b
1385 3737 1782 3807 aliquantulum
1844 3737 1890 3790 V
2102 3739 2168 3793 10
2223 3738 2475 3793 docturos
2523 3739 2657 3794 SM
2670 3739 2703 3792 b

403 3853 472 3907 12
488 3809 568 3908 ¹'os
598 3851 656 3906 P
754 3851 820 3906 13
850 3850 1258 3907 laudeseuenire
1294 3851 1377 3906 Ch
1447 3809 1711 3917 nonnulla
1739 3854 1827 3922 Pp
1941 3854 2008 3906 14
2035 3852 2140 3923 due
2170 3861 2260 3908 en!
2295 3871 2348 3924 p.
2385 3855 2441 3907 in
2480 3852 2575 3908 rel.
2604 3861 2651 3907 sl
2671 3853 2703 3906 b

401 3942 470 3995 16
509 3945 596 3995 eet
631 3957 733 3996 om.
773 3939 826 3992 V
953 3941 1022 3994 17
1059 3940 1189 4010 iam]
1227 3941 1392 3994 etiam
1420 3940 1536 3995 SM
1564 3957 1668 3995 om.
1700 3940 1833 3994 Vmb
1890 3941 2029 3995 alter
2061 3940 2144 3995 Ch
2280 3943 2345 3996 19
2385 3941 2485 4012 est]
2528 3945 2585 3995 et
2621 3941 2703 3996 Ch

399 4029 470 4083 20
508 4029 715 4100 eorum]
770 4037 897 4083 corn
929 4028 1013 4083 Ch
1153 4029 1220 4083 21
1261 4045 1444 4084 eornm
1471 4045 1575 4084 om,
1616 4029 1667 4082 V
1796 4030 1865 4084 25
1906 4029 2116 4101 opinari
2174 4033 2251 4096 (re
2287 4031 2351 4084 in
2386 4031 2433 4084 ri
2468 4035 2627 4099 corr.)
2661 4031 2709 4086 S

397 4119 469 4172 26
507 4118 664 4172 uitio.
704 4121 761 4171 et
794 4117 897 4171 hoc
942 4116 1014 4172 ad
1061 4116 1290 4174 eandem
1336 4117 1734 4172 beatitudinem
1770 4119 1971 4172 referre
2010 4117 2269 4174 debemus
2294 4161 2306 4174 .
2326 4120 2383 4174 in
2419 4119 2521 4174 hac
2558 4120 2703 4174 enim

397 4208 521 4262 uita
558 4209 928 4276 quantumque
969 4209 1250 4277 (q3tucnq3
1261 4206 1314 4274 b)
1343 4205 1402 4260 id
1431 4207 1634 4261 sciatur
1660 4206 1899 4261 nondum
1932 4211 2017 4260 est
2041 4206 2421 4262 beatissimum
2449 4209 2704 4278 quoniam

391 4293 898 4364 incomparabiliter
931 4294 1096 4364 longe
1133 4299 1220 4350 est
1254 4295 1486 4366 amplius
1524 4294 1671 4366 quod
1708 4295 1835 4350 inde
1873 4296 2113 4350 nescitur
2158 4295 2275 4350 SM
2288 4296 2507 4366 Vmpr
2540 4300 2628 4357 (m.
2667 4297 2703 4350 2

389 4384 502 4438 del.
543 4383 752 4438 omnia)
