3159 4984
859 456 960 511 111.
1000 458 1244 513 Contra
1281 458 1729 513 Fortunatum
1770 458 2176 529 disputatio.
2545 464 2670 527 105

363 649 456 713 sic
503 650 618 714 illa
665 652 869 718 carnis
914 653 1268 736 prudentia,
1324 654 1390 719 id
1448 659 1549 719 est
1605 654 1999 720 consuetudo
2056 654 2225 719 facta
2270 674 2415 720 cum
2465 674 2670 732 carne,

369 774 518 819 cum
583 758 778 821 fuerit
839 778 1020 823 mens
1075 764 1292 824 nostra
1344 760 1725 824 inluminata
1782 765 1847 825 et
1901 760 1981 823 ad
2036 761 2365 826 arbitrium
2423 760 2673 825 diuinae

364 863 534 946 legis
585 868 796 929 totum
845 864 1166 931 hominem
1215 866 1338 931 sibi
1386 867 1542 931 deus
1593 867 1953 941 subiecerit.
2010 888 2123 951 pro
2178 868 2291 931 illa
2336 872 2673 932 consuetu-

367 968 515 1035 dine
573 971 819 1035 animae
865 974 1036 1037 mala
1089 973 1244 1037 facit
1299 974 1827 1039 consuetudinem
1880 975 2132 1040 bonam.
2201 992 2273 1037 ex
2338 992 2461 1055 quo
2523 973 2673 1037 illae

317 1098 341 1134 ⁵
367 1076 536 1141 duae
585 1078 860 1154 arbores,
907 1080 1077 1144 bona
1121 1080 1307 1145 arbor
1353 1084 1418 1144 et
1461 1081 1635 1145 mala
1678 1081 1877 1159 arbor,
1937 1099 2093 1163 quas
2142 1080 2671 1154 commemorasti,

362 1183 704 1248 uerissime
755 1185 998 1249 dictum
1047 1190 1150 1250 est
1193 1205 1232 1250 a
1278 1186 1530 1252 domino
1582 1188 1751 1269 quod
1800 1207 1953 1252 suos
1990 1187 2235 1251 fructus
2273 1187 2567 1261 habeant,
2606 1186 2673 1249 id

363 1292 468 1353 est
505 1310 708 1373 neque
737 1291 970 1357 bonam
1008 1312 1197 1375 posse
1237 1292 1384 1357 dare
1421 1294 1627 1359 malos
1664 1294 1909 1358 fructus
1946 1312 2150 1376 neque
2188 1293 2418 1357 malam
2450 1292 2671 1369 bonos,

363 1396 481 1460 sed
511 1399 718 1463 malos
751 1399 1054 1480 quamdiu
1083 1400 1254 1463 mala
1281 1404 1398 1465 est.
1443 1399 1829 1483 accipiamus
1869 1400 2031 1463 duos
2068 1399 2395 1464 homines:
2434 1400 2671 1463 bonum

359 1502 692 1568 hominem
721 1508 786 1569 et
812 1505 1054 1569 malum
1083 1506 1427 1569 hominem.
1477 1504 1781 1587 quamdiu
1809 1506 2015 1569 bonus
2046 1509 2163 1579 est.
2194 1504 2397 1569 malos
2424 1505 2673 1569 fructus

279 1630 326 1670 ιο
361 1608 516 1674 dare
565 1630 690 1675 non
737 1614 990 1694 potest:
1041 1612 1344 1694 quamdiu
1389 1612 1600 1677 malus
1652 1615 1769 1687 est,
1816 1612 2063 1677 fructus
2109 1612 2309 1677 bonos
2358 1611 2501 1676 dare
2550 1630 2671 1675 non

357 1718 602 1797 potest.
653 1716 766 1781 sed
811 1720 888 1781 ut
930 1717 1266 1801 intellegas
1304 1718 1464 1783 istas
1523 1718 1679 1782 duas
1728 1719 1983 1782 arbores
2023 1718 2116 1782 sic
2164 1736 2305 1781 esse
2344 1736 2381 1779 a
2418 1715 2673 1783 domino

360 1821 631 1905 positas,
689 1826 766 1886 ut
818 1822 909 1885 ibi
963 1822 1430 1906 significaretur
1483 1825 1758 1889 liberum
1817 1823 2166 1902 arbitrium,
2224 1843 2348 1889 non
2416 1827 2672 1889 naturas

363 1946 510 1993 esse
575 1928 736 1993 istas
806 1927 964 1993 duas
1031 1929 1305 2005 arbores,
1367 1930 1480 1994 sed
1535 1930 1905 1994 uoluntates
1964 1932 2233 2005 nostras,
2289 1929 2429 2011 ipse
2478 1929 2567 1992 ait
2612 1929 2675 1992 in

363 2036 747 2119 euangelio:
816 2038 947 2099 aut
1003 2035 1242 2099 facite
1301 2036 1637 2100 arborem
1697 2035 1961 2101 bonam
2019 2039 2147 2099 aut
2190 2035 2421 2099 facite
2472 2036 2673 2101 arbo-

285 2168 330 2205 15
366 2160 522 2205 rem
583 2142 874 2205 malam.
942 2141 1084 2223 quis
1145 2144 1262 2217 est,
1322 2140 1430 2222 qui
1483 2140 1693 2223 possit
1747 2140 1951 2205 facere
2007 2145 2348 2205 naturam?
2416 2142 2469 2205 si
2526 2160 2673 2225 ergo

363 2248 754 2330 imperatum
821 2250 922 2312 est
983 2246 1189 2324 nobis,
1255 2248 1332 2311 ut
1395 2247 1705 2313 faciamus
1772 2248 2055 2313 arborem
2114 2252 2225 2311 aut
2278 2248 2507 2312 bonam
2564 2253 2676 2313 aut

363 2354 625 2432 malam,
673 2357 964 2419 nostrum
1013 2356 1113 2418 est
1158 2354 1414 2437 eligere,
1465 2353 1619 2435 quid
1666 2354 1962 2418 uelimus
2013 2354 2090 2418 (le
2145 2354 2269 2419 isto
2327 2374 2475 2438 ergo
2530 2374 2673 2438 pec—

365 2462 512 2524 cato
551 2458 830 2525 hominis
877 2462 944 2524 et
989 2460 1066 2524 de
1113 2459 1240 2524 ista
1287 2459 1745 2525 consuetudine
1792 2460 2037 2524 animae
2082 2460 2249 2524 facta
2296 2478 2441 2525 cum
2490 2479 2673 2525 carne

364 2567 702 2649 apostolus
741 2566 934 2630 dicit:
983 2585 1196 2631 nemo
1233 2584 1372 2630 uos
1412 2567 1757 2634 seducat:
1800 2567 2041 2631 omnis
2080 2569 2444 2635 creatura.
2486 2586 2672 2649 quae

283 2702 332 2741 κο
367 2692 404 2737 a
456 2672 604 2737 deo
653 2673 858 2737 facta
905 2677 1040 2747 est,
1089 2672 1282 2737 bona
1328 2676 1463 2737 est.
1515 2672 1672 2738 dicit
1723 2673 1893 2737 idem
1950 2674 2299 2756 apostolus,
2358 2692 2547 2754 quem
2600 2680 2673 2739 tu

363 2779 507 2861 ipse
541 2779 1091 2843 commemorasti:
1123 2778 1360 2843 sicuti
1396 2798 1526 2863 per
1561 2779 1787 2844 unius
1826 2779 2477 2843 inobaudientiam
2514 2800 2673 2863 pec·

369 2892 678 2949 catores
727 2885 1141 2949 constituti
1192 2890 1370 2950 sunt
1414 2887 1661 2961 multi,
1712 2886 1822 2951 sic
1880 2891 1953 2951 et
2006 2905 2135 2969 per
2189 2886 2411 2951 unius
2471 2887 2674 2951 dicto

369 2990 840 3057 audientiam
908 2991 1099 3055 iusti
1165 2992 1747 3057 constituentur
1808 2992 2063 3069 multi,
2132 2994 2482 3075 quoniam
2547 3013 2676 3076 per

556 3235 622 3288 14
659 3234 854 3289 Matth.
901 3234 980 3297 12,
1022 3234 1090 3287 33
1239 3235 1306 3288 19
1343 3234 1540 3305 Ephes.
1571 3236 1622 3301 5,
1652 3236 1711 3299 63
1748 3236 1777 3289 Ι
1808 3236 1942 3289 Tim.
1974 3238 2023 3301 4,
2054 3238 2089 3289 4
2226 3236 2291 3290 21
2332 3236 2485 3291 Rom.
2526 3239 2575 3301 5,
2610 3238 2673 3290 19

368 3326 438 3377 23
477 3324 504 3377 Ι
543 3322 668 3378 Cor.
713 3325 796 3387 lo,
836 3325 901 3378 21

442 3460 476 3513 3
531 3458 795 3564 subic-egit
830 3457 934 3511 RS
1073 3476 1168 3528 pro
1225 3459 1341 3529 illa]
1399 3476 1495 3529 per
1548 3459 1701 3514 illam
1758 3458 1855 3514 PS
1910 3478 2011 3515 om.
2052 3459 2106 3512 A
2252 3459 2583 3513 consuetudo
2624 3462 2675 3513 A

370 3573 694 3630 consuetudi
754 3574 795 3641 (i
822 3590 958 3630 corr.
989 3591 1054 3629 ex
1083 3580 1134 3641 o)
1169 3574 1364 3637 B²‚PS
1505 3577 1540 3629 4
1569 3574 1767 3627 malam
1808 3574 1903 3631 ΡΒ
2046 3575 2179 3629 fecit
2222 3574 2323 3629 PS
2357 3580 2415 3641 et
2452 3541 2580 3640 fEeit
2620 3576 2673 3629 Β

371 3666 608 3719 efficitur
627 3666 684 3718 A
829 3662 1158 3718 consuetudo
1179 3664 1288 3717 BA
1434 3663 1578 3717 bona
1596 3668 1653 3717 A
1762 3664 1794 3717 6
1825 3663 2027 3718 fructos
2047 3665 2103 3718 Β
2214 3665 2243 3717 7
2275 3664 2419 3718 bona
2445 3682 2601 3734 posse
2622 3666 2676 3717 A

369 3754 572 3808 bonam
610 3758 798 3824 posset
822 3753 879 3805 B
1021 3752 1192 3807 malos
1219 3753 1426 3807 fructus
1462 3752 1643 3856 malos¹
1666 3752 1739 3856 S.
1818 3752 1850 3807 8
1888 3752 1985 3807 sed
2030 3754 2200 3807 malos
2237 3754 2468 3823 scripsi:
2504 3753 2675 3807 malos

371 3886 480 3924 om.
520 3869 613 3923 lib.
653 3868 686 3922 b
849 3868 1142 3939 accipimus
1189 3872 1372 3921 autem
1418 3868 1474 3921 A
1521 3868 1824 3937 accepimus
1870 3868 1951 3920 B²
1988 3868 2279 3939 accipimus
2318 3869 2416 3923 ΕΡ
2522 3869 2553 3920 9
2593 3872 2678 3922 est

373 3974 480 4013 om.
521 3958 564 4011 S
743 3955 1258 4029 quamdiu—potest
1295 3972 1399 4010 om.
1437 3957 1534 4010 AS
1716 3958 1781 4011 11
1839 3956 1972 4011 duas
2022 3958 2155 4011 istas
2210 3958 2264 4011 A
2446 3955 2581 4020 duas
2618 3956 2673 4009 B

372 4088 480 4127 om.
521 4072 552 4127 b
701 4074 769 4127 14
814 4036 1078 4138 bonif'ff
1223 4072 1292 4125 15
1339 4038 1504 4137 mali?
1521 4072 1601 4125 Β2
1746 4072 1811 4141 si]
1852 4072 2005 4126 sica
2119 4073 2183 4127 16
2222 4076 2318 4126 aut
2352 4070 2551 4125 mamm
2581 4076 2678 4123 aut

372 4186 574 4241 bonam
610 4188 666 4240 A
702 4152 880 4253 bom-‘1'n
893 4153 1044 4253 mai?
1075 4186 1156 4241 132
1266 4187 1331 4241 17
1367 4187 1633 4256 nostrum]
1670 4187 2029 4241 necessarium
2070 4188 2118 4242 S
2226 4186 2291 4241 18
2328 4186 2605 4239 hominum
2635 4185 2681 4239 S

375 4302 524 4371 cum]
550 4302 606 4355 in
637 4303 670 4355 b
780 4303 847 4356 19
875 4302 1014 4357 dixit
1041 4302 1094 4355 A
1237 4302 1356 4370 uos]
1395 4318 1493 4355 nos
1531 4302 1645 4355 ΑΡ
1678 4268 1777 4365 fios
1813 4301 1870 4355 B
2004 4302 2069 4355 21
2121 4302 2261 4357 sicut
2308 4300 2338 4353 b
2520 4300 2673 4353 inob-

375 4390 698 4447 handientia
740 4391 797 4445 B
841 4390 1210 4463 inobedientia
1248 4390 1378 4445 SPb
1489 4390 1556 4443 22
1596 4391 1756 4445 unius
1794 4407 1896 4445 om.
1936 4391 1989 4444 A
2136 4390 2501 4445 obedientiam
2542 4388 2672 4443 SPb
