3159 4984
284 1693 335 1730 10

282 2225 334 2262 15

284 2751 335 2790 20

274 3287 329 3325 25

896 507 986 563 VI.
1044 507 1335 562 Contra
1387 509 1764 564 Faustum
1831 509 1958 563 lib.
2015 510 2207 564 XXVI.
2555 515 2677 578 731

382 704 729 769 insertus
778 723 855 769 es
906 705 977 768 in
1025 704 1287 770 bonam
1341 705 1651 779 oliuam;
1711 705 1777 769 id
1835 725 1975 770 esse
2035 710 2294 771 contra
2339 711 2680 771 naturam

381 811 556 885 dixit,
616 811 786 893 quod
844 815 943 876 est
998 815 1217 877 contra
1273 811 1801 876 consuetudinem
1855 816 2140 891 naturae,
2208 833 2398 895 quam
2453 815 2683 880 notitia

378 919 656 984 humana
700 919 1171 1002 conprehendit,
1211 923 1284 983 ut
1324 920 1598 984 oleaster
1633 918 1914 984 insertus
1960 919 2024 982 in
2073 920 2214 984 olea
2260 939 2378 985 non
2421 921 2681 986 oleastri

379 1025 629 1103 baccae,
678 1024 795 1090 sed
842 1024 1049 1090 oliuae
1096 1025 1549 1110 pinguedinem
1605 1024 1784 1089 ferat.
1853 1025 2011 1090 deus
2060 1029 2274 1090 autem
2323 1031 2566 1092 creator
2616 1033 2681 1093 et

380 1132 671 1199 conditor
733 1132 1019 1196 omnium
1083 1135 1452 1197 naturarum
1517 1131 1682 1196 nihil
1737 1135 1954 1197 contra
2008 1136 2300 1197 naturam
2355 1132 2544 1210 facit3
2611 1134 2678 1198 id

378 1240 546 1303 enim
611 1238 735 1303 erit
799 1239 1029 1322 cuique
1092 1239 1185 1303 rei
1240 1239 1549 1318 naturale,
1611 1240 1780 1321 quod
1837 1239 1948 1303 ille
2004 1238 2245 1317 fecerit,
2303 1259 2341 1304 a
2395 1261 2518 1324 quo
2577 1246 2677 1307 est

378 1346 584 1412 omnis
649 1347 903 1420 modus,
969 1365 1292 1425 numeru8‚
1362 1346 1512 1413 ordo
1568 1349 1855 1414 naturae.
1926 1346 2040 1412 sed
2101 1366 2219 1412 nec
2280 1347 2419 1430 ipse
2483 1347 2674 1413 homo

378 1459 595 1519 contra
639 1454 931 1517 naturam
980 1453 1321 1536 quicquam
1379 1452 1553 1531 facit,
1612 1453 1736 1518 nisi
1794 1472 1940 1518 cum
1998 1456 2242 1538 peccat,
2299 1453 2424 1536 qui⁴
2460 1457 2672 1518 tamen

376 1560 693 1644 subplicio
739 1559 1052 1643 redigitur
1098 1560 1177 1624 ad
1223 1564 1533 1624 naturam.
1585 1559 1664 1624 ad
1709 1561 2064 1625 naturalem
2111 1561 2344 1644 quippe
2389 1556 2674 1625 iustitiae

376 1668 660 1732 ordinem
705 1666 1000 1751 pertinet,
1048 1670 1124 1732 ut
1171 1670 1284 1731 aut
1327 1669 1591 1752 peccata
1635 1687 1758 1732 non
1807 1667 1982 1744 fiant,
2041 1671 2152 1731 aut
2195 1667 2490 1750 inpunita
2535 1686 2674 1731 esse

376 1794 500 1840 non
554 1775 815 1839 ualeant
862 1823 875 1838 .
926 1774 1258 1858 quodlibet
1310 1773 1539 1838 horum
1596 1774 1702 1850 sit,
1767 1774 2076 1840 naturalis
2143 1773 2294 1839 ordo
2361 1777 2672 1853 seruatur,

376 1881 433 1946 si
476 1901 600 1948 non
648 1882 726 1945 ab
774 1881 1005 1959 anima,
1055 1884 1223 1945 certe
1272 1899 1309 1944 a
1356 1880 1493 1946 deo.
1551 1883 1786 1945 uexant
1831 1881 1998 1946 enim
2043 1883 2308 1964 peccata
2351 1881 2672 1946 conscien—

374 1988 529 2051 tiam
575 1987 827 2070 ipsique
875 1987 1086 2052 animo
1133 1991 1383 2065 nocent,
1433 2007 1581 2052 cum
1635 1988 1780 2052 luce
1834 1987 2120 2052 iustitiae
2173 1987 2493 2071 peccando
2549 1988 2672 2070 pri·

371 2099 582 2172 natur,
632 2094 885 2160 etiamsi
930 2113 1057 2158 non
1106 2097 1575 2177 consequantur
1623 2093 1894 2172 dolores,
1954 2094 2065 2176 qui
2119 2095 2226 2158 uel
2283 2093 2668 2179 corrigendis

372 2202 751 2286 ingeruntur
805 2202 912 2265 uel
968 2219 1091 2265 non
1125 2193 1447 2266 'correctis
1503 2201 1719 2266 ultimi
1779 2204 2206 2268 reseruantur.
2276 2201 2388 2266 sed
2454 2205 2674 2268 contra

370 2311 663 2372 naturam
727 2327 853 2372 non
916 2307 1265 2391 incongrue
1332 2307 1606 2372 dicimus
1673 2307 1913 2390 aliquid
1971 2307 2160 2372 deum
2214 2308 2443 2386 facere,
2501 2307 2672 2390 quod

371 2413 527 2480 facit
582 2416 801 2480 contra
854 2413 941 2492 id,
1002 2412 1173 2495 quod
1228 2414 1527 2478 nouimus
1585 2415 1649 2478 in
1705 2418 1950 2482 natura.
2018 2415 2182 2480 hanc
2245 2415 2412 2479 enim
2479 2414 2666 2479 etiam

370 2521 765 2606 appellamus
812 2523 1125 2600 naturam,
1174 2521 1506 2606 cognitum
1552 2521 1737 2586 nobis
1795 2540 2052 2587 cursum
2110 2522 2500 2604 solitumque
2556 2524 2662 2585 na?-

369 2632 577 2703 turae,
642 2631 861 2693 contra
925 2647 1115 2710 quem
1182 2627 1338 2693 deus
1404 2648 1552 2693 cum
1616 2628 1857 2711 aliquid
1918 2628 2099 2704 facit,
2173 2629 2496 2712 magnalia
2556 2629 2662 2692 uel

370 2735 684 2800 mirabilia
747 2733 1171 2801 nominantur.
1248 2737 1468 2799 contra
1534 2735 1714 2798 illam
1786 2754 1939 2800 uero
2015 2754 2332 2799 summam
2404 2739 2664 2800 naturae

370 2843 579 2928 legem
628 2861 664 2906 a
708 2841 937 2906 notitia
971 2844 1281 2905 remotam
1319 2841 1457 2906 siue
1493 2841 1812 2924 inpiorum
1852 2842 1990 2907 siue
2027 2841 2234 2906 adhuc
2269 2841 2664 2906 infirmorum

372 2953 501 3014 tam
552 2949 709 3015 deus
754 2951 933 3015 nullo
980 2949 1171 3017 modo
1216 2952 1374 3014 facit
1420 2969 1610 3032 quam
1659 2953 1882 3016 contra
1927 2970 1994 3015 se
2039 2951 2252 3033 ipsum
2308 2970 2430 3016 non
2486 2948 2658 3015 facit.

371 3055 677 3138 spiritalis
725 3060 939 3122 autem
990 3057 1337 3138 eademque
1380 3057 1709 3122 rationalis
1759 3060 2063 3136 creatura,
2120 3057 2183 3121 in
2247 3075 2370 3139 quo
2436 3076 2662 3140 genere

371 3165 438 3227 et
490 3163 700 3230 anima
753 3163 1035 3228 humana
1088 3166 1206 3241 est,
1264 3167 1499 3246 quanto
1556 3164 1832 3248 amplius
1886 3164 2064 3230 illius
2117 3163 2660 3229 incommutabilis

368 3268 533 3352 legis
577 3269 869 3352 lucisque
916 3270 991 3334 fit
1024 3270 1366 3353 particep8,
1402 3273 1583 3334 tanto
1621 3271 1825 3354 magis
1863 3269 2058 3344 uidet,
2099 3269 2252 3352 quid
2287 3269 2424 3334 fieri
2457 3269 2666 3353 possit

368 3372 603 3457 quidue
667 3394 791 3441 non
858 3376 1101 3460 possit3
1169 3379 1407 3458 quanto
1474 3381 1687 3440 autem
1753 3377 2054 3442 remotior
2113 3376 2260 3441 inde
2316 3377 2527 3456 fuerit,
2586 3395 2658 3440 eo

366 3483 570 3566 magis
618 3483 883 3548 miratur
926 3483 1205 3562 insolita,
1256 3503 1379 3567 quo
1424 3484 1638 3550 minus
1689 3484 1890 3549 cernit
1933 3483 2166 3548 sutura.

440 3693 467 3745 1
508 3695 649 3762 esse]
686 3698 771 3747 est
807 3692 906 3748 SG
1052 3693 1085 3746 2
1124 3697 1313 3747 contra
1348 3709 1451 3748 om.
1488 3691 1590 3747 SG
1735 3693 1941 3748 noticia
1983 3693 2032 3746 G
2168 3692 2204 3746 3
2241 3690 2572 3762 conphendit
2607 3691 2660 3745 L

366 3779 511 3834 oleas
540 3780 805 3836 tribaccas
836 3781 880 3836 C
966 3785 1001 3836 4
1029 3782 1191 3836 bacas
1220 3785 1271 3836 L
1381 3781 1523 3836 olibe
1554 3781 1642 3834 M*
1753 3780 2136 3852 pinguitudine
2166 3783 2237 3836 Μ
2340 3783 2373 3834 6
2403 3781 2558 3850 cuiq*
2589 3780 2659 3833 M

364 3870 466 3924 red
502 3869 630 3922 LM
796 3871 826 3924 7
864 3876 1091 3925 natura*
1133 3875 1183 3938 (e
1222 3877 1316 3938 er.)
1356 3873 1409 3926 L
1589 3871 1624 3924 9
1663 3872 1742 3934 (et
1781 3871 1869 3936 13)
1910 3871 2160 3924 iusticiae
2201 3869 2248 3924 Ο
2426 3869 2495 3924 12
2533 3887 2656 3924 con-

363 3958 646 4014 scientiam
686 3963 733 4028 (s
768 3976 812 4016 ε.
854 3961 911 4028 l.)
950 3961 997 4015 S
1175 3959 1549 4030 13,peecando
1591 3963 1644 4026 (o
1681 3961 1744 4014 in
1779 3965 1914 4027 ras.)
1955 3959 2026 4012 M
2133 3983 2138 3988 ·
2193 3959 2440 4030 priuatur
2477 3959 2562 4028 (ur
2595 3959 2660 4011 in

362 4077 497 4140 ras.)
526 4073 603 4127 M
634 4075 917 4144 priuantur
950 4075 999 4130 0
1030 4041 1273 4146 priuator
1299 4074 1352 4128 L
1464 4075 1527 4129 17
1566 4073 1818 4129 nubimus
1847 4075 1936 4128 Mt
2050 4074 2116 4129 18
2155 4079 2284 4130 ante
2319 4073 2658 4145 appellamus

365 4164 493 4217 add.
516 4181 612 4218 nos
632 4164 731 4218 SG
848 4170 1093 4219 naturam
1115 4181 1217 4219 om.
1246 4166 1299 4218 L
1400 4165 1467 4218 19
1484 4164 1794 4234 mag-nulia
1816 4168 1870 4231 (a
1890 4163 1983 4229 er.)
2004 4162 2080 4215 M
2173 4164 2244 4217 20
2267 4166 2496 4238 naturae
2517 4166 2568 4226 (e
2595 4164 2660 4216 in

363 4267 471 4307 ras,
495 4269 533 4305 α
550 4269 619 4306 m.
640 4255 701 4320 2)
723 4253 777 4306 L
794 4256 1039 4306 naturam
1061 4252 1330 4308 PMS¹G¹
1352 4257 1661 4307 naturarum
1681 4251 1833 4307 826²
1905 4253 1970 4306 21
1991 4253 2196 4305 noticia
2221 4252 2268 4306 G
2335 4252 2405 4304 24
2423 4252 2657 4322 amplius

361 4357 463 4394 om.
484 4339 555 4393 M
660 4341 806 4394 illius
827 4345 893 4408 (ε.
920 4341 955 4395 l.
986 4359 1024 4394 a
1050 4359 1115 4396 m.
1146 4345 1211 4408 2)
1232 4343 1306 4396 M
1310 4335 1315 4340 ’
1391 4341 1459 4394 25
1490 4341 1635 4411 quod
1655 4340 1799 4396 8¹6¹
1909 4345 2092 4411 posset
2129 4341 2220 4394 M¹
2319 4341 2389 4394 26
2428 4341 2656 4411 quidnue

362 4441 520 4492 (corr.
543 4445 609 4483 ex
630 4429 759 4499 quia
776 4431 906 4497 due)
928 4431 994 4482 M
1122 4430 1320 4501 quidue
1340 4449 1444 4484 non
1468 4431 1642 4500 possit
1665 4433 1733 4496 (s.
1765 4429 1800 4485 1.
1830 4447 1899 4485 m.
1929 4430 1990 4498 2)
2017 4431 2065 4484 0
2194 4430 2319 4484 inde
2339 4430 2595 4484 remotior
2617 4431 2661 4482 (J
