3159 4984
510 470 640 532 364
1206 470 1257 524 S.
1315 470 1592 524 Aureli
1649 469 2079 539 Augustini

502 663 694 726 etiam
740 664 802 727 in
851 664 1096 746 psalmo
1138 664 1552 729 dedicationis
1593 664 1820 749 domus
1860 663 2255 747 apertissime
2295 662 2575 727 canitur:
2624 679 2782 725 con-

501 770 818 833 uertisti
873 770 1165 834 luctum
1224 790 1464 836 meum
1510 771 1586 834 in
1643 770 1998 854 gaudium
2057 769 2267 843 mihi,
2328 766 2782 834 conscidisti

501 893 801 939 saccum
878 894 1119 941 meum
1186 879 1261 941 et
1325 876 1732 941 accinxisti
1795 896 1906 939 me
1971 874 2305 951 laetitia,
2381 876 2482 943 ut,
2529 875 2780 937 cantet

500 981 643 1045 tibi
692 982 937 1065 gloria
980 1002 1145 1046 mea
1193 987 1266 1048 et
1312 1003 1451 1048 non
1502 1003 1952 1067 conpungat.

589 1089 692 1154 37.
762 1086 919 1165 Quis
976 1092 1193 1171 potest
1247 1109 1317 1153 ex
1378 1090 1710 1155 occasione
1769 1091 2030 1154 alterius
2089 1088 2294 1172 operis
2343 1087 2571 1160 omnia,
2622 1105 2778 1169 quae
2849 1111 2876 1149 ⁵

495 1195 558 1257 in
607 1193 735 1258 illis
775 1196 1101 1260 ueteribus
1139 1196 1303 1280 legis
1343 1199 1406 1259 et
1440 1198 1893 1280 prophetarum
1929 1196 2110 1261 libris
2149 1196 2416 1279 figurate
2457 1194 2778 1259 Christum

497 1300 889 1377 adnuntiant,
941 1303 1337 1384 quantalibet
1380 1304 1693 1367 breuitate
1740 1304 2160 1387 perstringere
2183 1308 2212 1365 ⁴?
2261 1302 2382 1366 nisi
2427 1300 2588 1366 forte
2637 1300 2777 1382 quis

494 1410 680 1491 putat
723 1408 973 1492 ingenio
1023 1410 1177 1484 fieri,
1224 1415 1300 1474 ut
1347 1429 1419 1474 ea
1467 1430 1628 1492 quae
1675 1430 1884 1473 rerum
1935 1410 2150 1475 ordine
2197 1428 2308 1491 per
2345 1427 2461 1473 sua
2496 1411 2780 1489 tempora

428 1518 431 1523 ’
496 1521 926 1592 cucurrerunt,
975 1516 1053 1580 ad
1092 1516 1326 1582 Christi
1375 1517 1870 1601 significationes
1916 1513 2384 1597 interpretando
2430 1514 2776 1576 uertantur.

492 1620 613 1687 hoc
658 1622 817 1687 forte
864 1622 1081 1687 Iuda-ei
1127 1626 1399 1705 possunt
1442 1624 1650 1688 dicere
1698 1624 1836 1689 siue
1881 1622 2148 1707 pagani;
2217 1621 2310 1685 eis
2371 1622 2606 1695 autem,
2665 1618 2772 1701 qui
2820 1644 2872 1683 ιο

494 1750 562 1793 se
612 1729 986 1793 christianos
1024 1730 1232 1812 putari
1270 1732 1517 1807 uolunt,
1556 1731 1787 1813 premit
1825 1729 2135 1794 ceruicem
2176 1726 2528 1811 apostolica
2563 1729 2774 1789 aucto-

492 1836 647 1899 ritas
708 1835 958 1899 dicens:
1032 1836 1276 1900 omnia
1330 1836 1512 1902 haec
1567 1838 1640 1901 in
1698 1838 1948 1920 figura
2005 1835 2554 1918 contingebant
2608 1832 2773 1896 illis

493 1944 593 2005 et:
644 1942 825 2005 haec
875 1942 1121 2006 omnia
1166 1942 1460 2025 figurae
1501 1948 1804 2007 nostrae
1842 1943 2171 2007 fuerunt.
2222 1960 2368 2004 nam
2407 1941 2462 2005 si
2499 1939 2774 2004 Ismahel

492 2050 557 2110 et
607 2047 789 2111 Isaac
844 2047 1131 2112 homines
1190 2050 1318 2112 nati
1376 2050 1499 2115 duo
1557 2052 1942 2113 testamenta
2001 2049 2378 2132 significant,
2438 2046 2591 2130 quid
2647 2064 2773 2109 cre-

491 2154 764 2218 dendum
814 2158 912 2219 est
959 2154 1033 2219 de
1082 2157 1181 2220 tot
1222 2155 1430 2221 factis,
1479 2175 1640 2237 quae
1685 2156 1861 2220 nullo
1919 2154 2190 2218 naturali
2244 2174 2387 2224 usu,
2445 2153 2622 2216 nulla
2666 2170 2768 2215 ne·
2817 2180 2868 2217 ιε,

491 2259 650 2342 gotii
680 2261 1058 2325 necessitate
1088 2261 1255 2325 facta
1284 2266 1474 2327 sunt?
1504 2262 1745 2327 nihilne
1775 2262 2174 2346 significant?
2206 2262 2260 2325 si
2290 2260 2431 2343 quis
2461 2262 2770 2336 nostrum,

493 2366 601 2447 qui
647 2367 967 2431 Hebraeas
1013 2368 1259 2431 litteras
1306 2368 1698 2452 ignoramuS,
1754 2370 1820 2433 id
1869 2373 1968 2433 est
2012 2368 2188 2452 ipsos
2239 2386 2469 2431 uocum
2519 2367 2767 2430 charac-

490 2476 676 2549 teres,
725 2472 974 2537 uideret
1020 2494 1124 2537 eas
1171 2476 1235 2537 in
1281 2475 1517 2558 pariete
1569 2476 1956 2559 conscriptas
1995 2476 2299 2539 honorato
2339 2472 2549 2556 aliquo
2587 2473 2768 2538 loco:

484 2580 625 2660 quis
674 2582 845 2645 esset
890 2583 1023 2645 tam
1071 2601 1306 2657 excors,
1355 2585 1430 2646 ut
1476 2602 1548 2648 eo
1596 2582 1784 2647 modo
1832 2583 2076 2663 pictum
2123 2581 2426 2665 parietem
2465 2581 2768 2661 putaret?

481 2704 553 2750 ac
591 2705 713 2751 non
761 2688 976 2769 potius
1027 2688 1427 2772 intellegeret
1474 2689 1804 2772 scriptum,
1847 2693 1922 2752 ut
1960 2689 2015 2751 si
2053 2689 2266 2769 legere
2333 2705 2452 2749 non
2503 2686 2815 2759 ualeret,2
2847 2705 2872 2738 ο

480 2812 603 2857 11011
650 2797 862 2857 tamen
908 2795 1055 2860 illos
1104 2796 1314 2877 apices
1362 2795 1602 2877 aliquid
1650 2795 2002 2877 significare
2052 2793 2420 2856 dubitaret?
2464 2791 2560 2854 ita
2593 2790 2768 2873 prius

477 2899 591 2963 illa
654 2901 892 2965 omnia.
963 2921 1122 2983 quae
1188 2907 1340 2966 sunt
1399 2902 1463 2965 in
1530 2905 1744 2966 uetere
1817 2900 2241 2963 instrumento
2317 2896 2766 2980 scripturarum

484 3008 1207 3089 sanctarum‚.quisquis
1265 3027 1386 3072 non
1443 3026 1742 3090 peruerso
1802 3006 2010 3070 animo
2067 3006 2312 3088 legerit,
2371 3004 2464 3068 sic
2523 3004 2770 3085 oportet

482 3114 834 3188 moueatur,
885 3116 957 3176 ut
1003 3114 1247 3195 aliquid
1294 3134 1366 3178 ea
1414 3114 1768 3198 significare
1815 3132 1938 3177 non
1995 3112 2295 3194 ambigat.

572 3221 675 3283 38.
744 3219 936 3284 Uerbi
987 3220 1152 3285 enim
1200 3222 1439 3305 gratia:
1508 3220 1835 3303 numquid,
1899 3219 1952 3283 si
2004 3218 2334 3299 oportebat
2379 3217 2764 3281 adiutorium
2807 3234 2862 3272 2⁵

480 3325 615 3389 uiro
662 3325 961 3389 feminam
1008 3326 1161 3405 fieri,
1211 3328 1400 3392 etiam
1448 3328 1568 3393 hoc
1614 3327 1963 3391 necessitas
2012 3325 2144 3388 ulla
2183 3324 2453 3407 cogebat
2487 3324 2593 3387 uel
2631 3322 2766 3385 ulla

484 3432 793 3495 suadebat
854 3432 1122 3500 utilitaS.
1187 3438 1263 3498 ut
1328 3435 1402 3499 de
1470 3433 1839 3499 dormientis
1905 3432 2102 3495 latere
2169 3430 2396 3495 fieret?
2463 3430 2517 3495 si
2578 3446 2771 3494 causa

482 3538 789 3603 euadendi
855 3540 1077 3604 diluuii
1147 3562 1303 3626 opus
1372 3546 1505 3605 erat
1555 3540 1847 3604 fabricari
1905 3558 2134 3614 arcam,
2205 3537 2357 3619 quid
2415 3556 2576 3621 opus
2634 3540 2768 3600 erat

630 3776 653 3827 1
695 3774 783 3829 Ps.
822 3776 907 3841 29,
951 3778 1013 3829 12
1050 3794 1129 3846 sq.
1278 3776 1345 3830 13
1384 3777 1410 3829 Ι
1448 3774 1566 3831 Cor.
1611 3775 1692 3835 10.
1739 3774 1801 3829 10
1843 3817 1853 3829 .
1893 3776 1927 3825 6
2089 3772 2149 3826 14
2189 3772 2253 3826 cf.
2295 3770 2415 3827 Gal.
2454 3774 2504 3835 4,
2542 3772 2610 3825 22
2647 3786 2769 3840 sqq.

478 3862 550 3915 27
590 3862 655 3915 cf.
695 3862 827 3917 Gen.
867 3864 914 3921 2.
959 3867 1023 3919 18
1060 3882 1176 3936 sqq.
2155 3862 2162 3871 ’

552 4028 584 4078 2
612 4023 891 4078 concidisti
920 4023 1011 4079 CS
1112 4024 1147 4075 4
1178 4041 1503 4093 compungar
1533 4024 1577 4077 C
1685 4028 1715 4077 6
1745 4024 2008 4093 figuratae
2040 4024 2091 4076 L
2201 4022 2233 4074 9
2265 4018 2689 4089 ἰηῒ6τρ16ὰ611ᾶο
2717 4018 2769 4071 L

482 4115 549 4165 12
586 4113 718 4166 11666
756 4113 935 4166 omnia
974 4110 1018 4165 C
1159 4114 1215 4166 in
1253 4111 1363 4165 illis
1401 4112 1668 4167 LCSMG-
1852 4113 1916 4166 17
1959 4112 2188 4166 hebi-eas
2237 4110 2280 4162 C
2423 4109 2504 4163 eft
2543 4110 2614 4175 (st
2651 4124 2692 4161 s.
2731 4106 2770 4161 1.

478 4219 547 4255 m.
586 4205 626 4254 2
663 4202 814 4261 add.)
847 4202 895 4255 L
1076 4204 1417 4273 ipsosuocum
1452 4202 1596 4256 GSG
1619 4204 1736 4273 ipso
1767 4218 1862 4255 suo
1896 4218 2012 4255 cum
2043 4200 2113 4252 M
2293 4202 2587 4253 caracteres
2619 4194 2772 4251 LOG

482 4295 745 4359 carateres
766 4291 841 4344 M
945 4292 1011 4345 19
1040 4292 1189 4361 picta
1219 4292 1273 4359 (u
1304 4306 1439 4345 cor-r.
1470 4308 1533 4343 eo:
1562 4290 1613 4357 a)
1643 4290 1690 4344 S
1793 4290 1860 4342 20
1889 4288 2224 4357 intelligeret
2246 4288 2288 4341 G
2431 4288 2680 4355 scriptam
2702 4282 2764 4339 S·

482 4380 549 4431 24
584 4384 864 4434 moueatur
902 4380 959 4434 S·
1075 4380 1143 4434 26
1181 4378 1325 4433 flsseri
1372 4381 1415 4425 (’
1523 4379 1590 4430 28
1631 4377 1905 4445 fabricaris
1969 4378 2016 4429 L
2164 4376 2376 4431 archam
2424 4374 2516 4430 OS
