3159 4984
887 479 976 532 vl.
1045 479 1335 534 Contra
1391 481 1759 534 Faustum
1822 480 1951 534 lib.
2010 481 2175 535 XXII.
2520 483 2646 548 607

353 677 626 760 positam
672 677 906 741 recolo.
974 677 1078 742 cui
1133 677 1222 740 rei
1281 677 1591 741 sermonis
1650 676 1841 740 etiam
1899 676 2201 741 cotidiani
2256 676 2677 741 consuetudo

357 783 716 850 concordat.
783 783 1010 849 Graeci
1076 783 1234 848 duas
1288 803 1388 848 res
1445 783 1691 848 uicinas
1749 783 2024 866 quidem,
2091 783 2204 848 sed
2259 787 2470 847 tamen
2528 783 2649 848 dis-

355 891 588 954 tinctas
646 910 772 954 uno
829 890 1080 955 nomine
1138 890 1496 974 appellant,
1561 891 1845 956 laborem
1902 894 1968 955 et
2022 891 2323 968 dolorem,
2379 910 2495 956 nos
2544 907 2649 953 eas

358 997 629 1081 singulis
693 998 1057 1075 nominibus
1125 998 1566 1062 enuntiamus:
1636 999 1806 1063 sicut
1870 1017 1905 1061 a
1968 998 2151 1063 nobis
2216 1017 2342 1062 uno
2398 996 2651 1062 nomine

289 1120 316 1158 5
359 1104 714 1188 appellatur
766 1104 922 1178 uita,
980 1104 1119 1168 siue
1177 1104 1528 1168 secundum
1585 1123 1773 1187 quam
1832 1105 2101 1170 dicimus
2165 1104 2427 1181 „uiuit,“
2483 1103 2651 1186 quod

359 1211 639 1275 exanime
687 1229 810 1275 non
862 1212 980 1289 est,
1029 1210 1168 1275 siue
1216 1210 1565 1275 secundum
1614 1229 1803 1292 quam
1852 1210 2121 1275 dicimus
2186 1210 2421 1287 „bonae
2477 1209 2651 1273 uitae

356 1317 546 1382 homo
596 1319 767 1390 est3⁴⁶
837 1315 1064 1381 Graeci
1111 1319 1324 1380 autem
1371 1317 1499 1380 ista
1543 1316 1667 1381 duo
1717 1316 1965 1381 duobus
2013 1335 2263 1399 quoque
2317 1315 2650 1380 uocabulis

359 1422 734 1507 significant.
783 1423 950 1487 unde
997 1423 1134 1487 fieri
1178 1426 1411 1506 potest,
1473 1426 1547 1486 ut
1610 1426 1870 1507 excepta
1932 1424 2269 1488 uerborum
2324 1421 2648 1499 abusione,

361 1548 520 1610 quae
583 1529 648 1592 in
716 1529 1010 1594 omnibus
1075 1529 1312 1613 linguis
1376 1529 1503 1593 late
1567 1533 1765 1612 patet,
1832 1531 2046 1611 aliqua
2100 1530 2293 1594 etiam
2344 1529 2651 1593 hebraeae

264 1652 318 1690 ιο
358 1635 614 1719 linguae
660 1636 1043 1719 proprietate
1092 1637 1265 1700 zelus
1313 1637 1377 1700 in
1423 1640 1693 1719 utroque
1738 1639 2043 1720 ponatur,
2110 1637 2247 1700 siue
2305 1655 2449 1701 cum
2508 1654 2649 1699 con-

354 1743 526 1827 iugis
593 1743 904 1808 adulterio
970 1744 1265 1808 turbatus
1331 1722 1578 1809 animus
1647 1744 2058 1820 contabescit,
2118 1743 2286 1824 quod
2338 1743 2401 1806 in
2462 1742 2650 1806 deum

357 1850 576 1914 cadere
623 1869 746 1915 non
802 1852 1036 1932 potest,
1095 1851 1232 1915 siue
1292 1869 1435 1915 cum
1493 1851 1837 1916 seruandae
1892 1850 2237 1934 pudicitiae
2298 1848 2649 1932 coniugalis

358 1956 649 2020 custodia
706 1957 978 2041 diligens
1036 1957 1391 2037 adhibetur,
1451 1959 1619 2039 quod
1676 1959 1863 2022 deum
1919 1958 2146 2035 facere,
2205 1975 2351 2020 cum
2396 1956 2647 2038 plebem

353 2082 536 2128 suam
586 2067 908 2146 tamquam
958 2064 1288 2148 coniugem
1338 2064 1718 2146 adloquitur,
1779 2085 1967 2146 quam
2016 2084 2125 2148 per
2170 2065 2407 2128 multos
2454 2062 2649 2126 falsos

265 2187 317 2226 15
362 2169 510 2234 deos
569 2171 860 2236 fornicari
916 2189 1036 2235 non
1095 2173 1258 2238 uult.
1317 2190 1438 2235 non
1497 2173 1705 2236 solum
1763 2172 1899 2236 sine
1956 2172 2369 2248 dubitatione,
2426 2187 2647 2234 uerum

359 2276 548 2340 etiam
600 2296 746 2341 cum
795 2279 1138 2361 gratiarum
1187 2279 1430 2343 actione
1479 2279 1663 2344 nobis
1711 2279 1867 2343 utile
1916 2281 2017 2343 est
2062 2279 2361 2343 confiteri.
2418 2278 2539 2343 hoc
2588 2279 2651 2340 et

360 2384 434 2447 de
481 2384 572 2447 ira
621 2384 722 2448 dei
770 2385 1066 2460 dixerim3
1132 2405 1336 2468 neque
1384 2386 1551 2450 enim
1598 2388 2001 2468 perturbatur
2047 2387 2222 2464 deus,
2272 2405 2417 2450 cum
2461 2385 2653 2449 infert

359 2491 535 2566 iram,
586 2491 694 2555 sed
747 2492 840 2554 ira
884 2512 994 2575 pro
1043 2492 1327 2556 uindicta
1379 2493 1637 2575 ponitur
1692 2494 1829 2558 siue
1887 2494 2191 2559 abusione
2248 2493 2384 2558 siue
2441 2493 2651 2574 aliqua

356 2597 792 2680 praecedentis
838 2598 1093 2681 linguae
1140 2600 1542 2682 proprietate.

263 2721 319 2760 20
451 2705 554 2770 19.
620 2704 715 2768 De
764 2704 1113 2770 interfectis
1161 2709 1371 2770 autem
1418 2707 1749 2772 hominum
1804 2707 2064 2772 milibus
2121 2726 2241 2772 non
2298 2707 2647 2784 miraretur,

360 2812 413 2875 si
462 2812 564 2877 dei
608 2811 918 2876 iudicium
964 2831 1088 2878 non
1136 2816 1430 2896 negaret:
1490 2813 1659 2896 quod
1707 2834 1909 2895 neque
1955 2814 2185 2897 pagani
2230 2817 2483 2896 negant,
2542 2814 2649 2894 qui

360 2918 460 2982 dei
533 2919 932 3001 prouidentia
996 2919 1183 2984 istam
1248 2921 1733 2986 uniuersitatem
1798 2922 1932 3004 regi
1998 2925 2063 2984 et
2129 2917 2549 2985 administrari
2615 2941 2651 2982 a

359 3025 626 3090 summis
676 3045 878 3108 usque
927 3026 1004 3090 ad
1049 3026 1178 3090 ima
1226 3027 1597 3093 concedunt.
1667 3028 1895 3108 quodsi
1942 3031 2005 3092 et
2050 3028 2171 3091 hoc
2216 3029 2495 3109 negaret,
2543 3025 2650 3089 uel

360 3151 616 3196 suorum
695 3133 1070 3220 auctoritate
1144 3133 1394 3198 facilius
1470 3134 1579 3196 uel
1644 3134 1964 3215 aliquanto
2031 3132 2271 3196 diutius
2338 3135 2647 3197 cert-arum

266 3251 318 3292 2⁵
359 3239 676 3304 rationum
744 3239 1170 3323 disputatione
1237 3239 1757 3317 conuinceretur,
1825 3241 1929 3303 uel
1994 3242 2318 3322 tamquam
2384 3239 2646 3303 nimium

360 3345 553 3410 durus
604 3349 668 3410 et
713 3345 987 3411 stolidus
1033 3346 1177 3430 ipsi,
1228 3347 1394 3428 quod
1443 3367 1583 3412 esse
1632 3366 1755 3412 non
1803 3347 2101 3425 crederet,
2152 3346 2365 3412 diuino
2414 3347 2648 3413 iudicio

356 3453 830 3535 relinqueretur.
897 3453 1068 3518 leuia
1121 3473 1304 3536 porro
1361 3452 1469 3518 uel
1523 3455 1701 3518 nulla
1757 3455 2115 3531 commissa,
2181 3456 2436 3537 propter
2491 3473 2648 3535 quae

360 3559 514 3623 deus
543 3560 930 3624 interfecerit
955 3561 1264 3635 homineS,
1297 3561 1352 3626 si
1392 3580 1681 3643 expresse
1720 3564 2261 3638 commemoraret,
2292 3560 2647 3626 ostendere-

435 3769 457 3821 1
502 3769 789 3823 cottidiani
827 3769 878 3822 L
987 3771 1020 3822 2
1068 3770 1145 3840 (et
1193 3769 1244 3834 7)
1293 3770 1438 3838 greci
1484 3769 1587 3824 LS
1725 3770 1759 3821 3
1807 3787 1921 3823 earn
1971 3769 2247 3824 LPSGM
2356 3771 2391 3822 4
2430 3770 2647 3822 enunci-

362 3873 511 3910 amus
561 3857 678 3910 ΟΡι
724 3859 1033 3911 nuntiamus
1081 3857 1341 3911 LSGMb
1453 3860 1484 3912 6
1533 3859 1807 3913 exanimae
1846 3859 1897 3912 L
2008 3859 2039 3911 8
2079 3859 2299 3927 signant
2338 3859 2382 3910 (³
2560 3875 2647 3912 ex·

362 3953 520 4015 cepta
558 3949 607 4015 (c
646 3947 710 4000 in
743 3950 880 4015 ras.)
930 3947 976 4000 C
1080 3949 1112 4000 9
1149 3946 1347 4016 hebree
1381 3947 1428 4000 0
1448 3947 1678 4002 hebreae
1712 3951 1761 4017 (e
1792 3949 1913 4002 med
1938 3965 1981 4001 8.
2014 3949 2071 4012 l.)
2105 3948 2150 4002 S
2258 3949 2323 4002 16
2354 3948 2570 4002 accione
2608 3947 2653 4000 C

362 4033 432 4086 ‘20
467 4035 750 4090 miraretur
796 4043 868 4097 (re
916 4053 959 4088 s.
1014 4036 1048 4090 Ζ.
1089 4053 1126 4090 a
1161 4053 1230 4089 m.
1267 4041 1316 4102 1)
1365 4036 1408 4089 Ο
1524 4037 1593 4090 23
1634 4037 1921 4091 concidunt
1959 4037 2009 4089 L
2153 4041 2379 4105 negaret
2416 4036 2503 4089 uel
2546 4039 2649 4104 (ret

363 4123 450 4175 uel
485 4125 547 4176 in
591 4127 726 4194 rae.)
776 4127 820 4179 (J
998 4127 1066 4178 24
1113 4125 1487 4179 auctoritatem
1525 4125 1681 4180 PSG
1727 4129 2049 4180 auctoritate
2090 4126 2161 4196 (m
2201 4134 2294 4193 er.)
2334 4125 2409 4177 M
2548 4125 2643 4178 ali-

363 4212 572 4280 quando
625 4212 770 4267 8¹6¹
882 4215 948 4266 25
997 4212 1421 4282 disputationem
1472 4213 1597 4267 G¹S
1638 4214 2003 4284 disputatione
2055 4217 2127 4280 (111
2176 4217 2267 4280 er.)
2319 4213 2399 4276 M,
2450 4221 2649 4281 (paene

359 4301 450 4370 er.)
489 4302 539 4354 L
685 4303 752 4355 ‘26
791 4303 986 4358 iuditio
1032 4303 1079 4357 0
1184 4305 1251 4356 27
1289 4303 1399 4372 uel]
1437 4304 1552 4356 siue
1592 4305 1681 4370 (in
1716 4307 1856 4370 ras.)
1897 4303 1943 4357 S
1976 4303 2021 4356 si
2060 4300 2149 4371 uel
2194 4303 2245 4357 G
2389 4303 2457 4356 28
2507 4321 2645 4356 com-

357 4395 676 4446 memoraret
715 4398 874 4460 (post.
917 4410 945 4446 o
983 4393 1046 4445 in
1079 4397 1220 4460 ras.)
1259 4391 1310 4444 L
