3159 4984
350 1592 403 1631 10

352 2126 401 2164 15

345 2658 401 2695 20

964 422 1053 475 VI.
1114 421 1401 476 Contra
1448 422 1812 485 Faustum
1877 424 2003 476 lib.
2064 423 2205 476 XVI.
2607 429 2738 491 449

442 617 849 691 christianos,
915 619 1361 701 paganismum
1424 638 1542 683 uos
1608 619 1851 702 fingitis
1918 619 2248 690 detestari,
2316 620 2486 684 edite
2550 620 2734 685 nobis

441 724 885 789 auctoritatem
941 723 1429 789 christianorum
1480 724 1812 795 librorum,
1870 725 1935 789 in
1991 726 2223 807 quibus
2288 727 2476 790 uobis
2535 727 2738 791 solem

441 850 512 895 ac
567 831 786 894 lunam
843 832 1048 895 colere
1106 833 1296 913 atque
1352 831 1608 895 adorare
1667 835 2074 915 praeceptum
2141 833 2248 930 sit7
2313 837 2533 897 uester
2592 851 2738 915 ergo

439 938 654 1021 potius
686 958 854 1001 error
877 938 1249 1022 paganismo
1290 938 1519 1002 similis
1568 944 1688 1021 est.
1723 937 2228 1022 quandoquidem
2263 958 2379 1004 nec
2411 939 2739 1004 Christum

440 1044 671 1112 colitis,
729 1044 841 1109 sed
891 1045 1129 1109 Christi
1172 1046 1423 1109 nomine
1460 1046 1675 1109 nescio
1715 1045 1887 1127 quid,
1937 1045 2106 1127 quod
2143 1046 2330 1111 uobis
2370 1046 2737 1111 mentiendo

439 1153 731 1224 finxistis,
801 1154 867 1216 et
932 1151 1085 1216 deos
1148 1152 1256 1215 uel
1318 1152 1383 1215 in
1447 1152 1577 1215 isto
1636 1152 1983 1236 conspicuo
2043 1153 2220 1217 caelo
2281 1154 2574 1219 uisibiles
2633 1154 2741 1217 uel

438 1260 598 1323 alios
628 1258 1121 1322 innumerabiles
1160 1258 1619 1324 conmenticios
1657 1259 1956 1323 adoratis.
1997 1259 2230 1341 quibus
2267 1260 2734 1343 phantasmatis

442 1366 623 1447 quasi
650 1366 833 1429 uanis
862 1368 1053 1447 atque
1088 1365 1383 1429 inanibus
1423 1366 1782 1431 simulacris
1821 1385 1944 1430 non
1986 1365 2308 1431 aediculas
2348 1367 2734 1441 fabricastiS,

442 1471 551 1537 sed
600 1473 791 1537 corda
832 1475 1051 1536 uestra
1093 1474 1335 1555 templa
1379 1472 1658 1538 fecistis.

533 1579 636 1641 11.
674 1578 891 1663 Exigis
928 1598 965 1641 a
1001 1598 1123 1655 me,
1162 1582 1238 1642 ut
1274 1579 1626 1655 ostendam,
1658 1598 1968 1661 quaenam
2007 1580 2331 1663 scripserit
2371 1580 2446 1643 de
2480 1578 2732 1645 Christo

437 1685 719 1768 Moyses.
784 1685 913 1747 iam
977 1685 1234 1767 quidem
1298 1686 1591 1768 superius
1648 1686 1854 1749 multa
1909 1684 2340 1749 demonstrata
2399 1688 2572 1763 sunt,
2623 1684 2738 1751 sed

441 1791 582 1873 quis
626 1791 837 1875 possit
882 1791 1092 1855 omnia
1138 1792 1620 1857 demonstrare?
1667 1793 2042 1876 praesertim
2101 1792 2269 1875 quia,
2319 1793 2373 1857 si
2423 1792 2732 1874 quaedam

440 1916 949 1975 commemorem,
1016 1902 1274 1981 paratus
1340 1898 1594 1963 uidetur
1657 1899 1780 1963 iste
1844 1918 2186 1982 peruersus
2250 1900 2356 1963 uel
2410 1900 2476 1963 in
2535 1898 2732 1963 alium

440 2024 697 2068 sensum
746 2022 821 2068 ea
865 2005 1078 2069 conari
1123 2008 1483 2088 peruertere
1530 2007 1661 2082 uel,
1713 2006 1765 2071 si
1815 2007 2012 2071 fuerit
2070 2005 2391 2071 euidentia
2450 2006 2736 2071 clarioris

438 2109 729 2174 ueritatis
794 2110 1159 2193 obpressus,
1227 2111 1433 2176 dicere
1500 2131 1569 2177 se
1632 2112 1747 2176 illa
1806 2115 2137 2196 tamquam
2215 2113 2290 2177 de
2345 2112 2506 2177 mari
2565 2112 2734 2177 salso

439 2236 704 2281 suauem
780 2217 1023 2300 piscem
1100 2236 1320 2300 capere
1398 2237 1515 2283 nec
1585 2218 1729 2283 ideo
1798 2239 1866 2283 se
1934 2219 2014 2283 ad
2077 2223 2280 2284 totam
2357 2220 2735 2302 scripturam

438 2325 737 2408 Moyseos
802 2326 986 2389 uelut
1049 2326 1127 2388 ad
1185 2344 1413 2407 aquam
1470 2326 1776 2389 marinam
1833 2325 2172 2391 bibendam
2233 2328 2377 2411 cogi
2425 2329 2734 2409 oportere.

441 2434 822 2514 quapropter
884 2431 1175 2496 sufficere
1240 2432 1507 2496 arbitror
1567 2432 1719 2496 huic
1787 2432 1989 2515 operi,
2057 2437 2131 2496 ut
2205 2452 2278 2496 ea
2338 2432 2508 2515 ipsa,
2577 2449 2736 2513 quae

438 2537 954 2620 reprehendenda
1017 2538 1328 2620 secerpsit
1391 2538 1469 2603 de
1536 2538 1851 2620 scriptura
1913 2538 2077 2622 legis
2134 2539 2592 2603 Hebraeorum.
2661 2538 2740 2600 ad

446 2642 768 2707 Christum
806 2643 1295 2725 praedicandum
1332 2645 1668 2725 pertinere,
1710 2646 1765 2709 si
1801 2648 1972 2711 recte
2010 2647 2485 2729 intellegantur.
2528 2646 2734 2708 osten-

443 2751 623 2814 dam:
692 2770 763 2814 ex
821 2769 944 2831 quo
1002 2750 1160 2815 satis
1218 2750 1517 2833 adpareat
1568 2753 1774 2817 multo
1831 2752 2038 2836 magis
2098 2756 2308 2816 cetera
2363 2752 2470 2815 uel
2517 2750 2737 2815 statim

441 2857 847 2940 pronuntiata
891 2858 999 2921 uel
1046 2857 1385 2940 diligenter
1428 2876 1501 2921 ac
1545 2858 1860 2922 ueraciter
1903 2862 2299 2940 perscrutata
2345 2857 2727 2922 christianae

442 2964 586 3028 fidei
637 2964 993 3032 conuenire.
1045 2965 1101 3028 si
1165 2983 1257 3041 ea,
1306 2982 1465 3046 quae
1515 2964 1855 3029 deridenda
1900 2968 2089 3047 atque
2139 2965 2494 3028 damnanda
2541 2964 2739 3029 obicit

441 3070 760 3146 inimicuS‚
801 3070 892 3135 eis
939 3070 1097 3153 ipsis
1147 3070 1559 3134 conuincatur
1604 3070 1950 3135 christiana
1993 3071 2262 3134 ueritate
2312 3069 2736 3135 damnandus.

353 3188 405 3226 ²⁵
444 3180 843 3260 quapropter,
893 3196 928 3241 o
977 3177 1162 3259 plene
1212 3177 1383 3241 omni
1427 3176 1700 3244 fallacia..
1751 3197 1896 3242 cum
1944 3177 2239 3241 dominus
2289 3178 2353 3241 in
2405 3176 2736 3260 euangelio

445 3284 707 3348 dixerit:
758 3284 821 3349 si
872 3284 1291 3348 crederetis
1331 3285 1597 3367 Moysi,
1651 3283 2074 3348 crederetis
2123 3287 2197 3347 et
2242 3284 2455 3355 mihi:
2507 3284 2590 3347 de
2629 3304 2738 3347 me

448 3392 638 3455 enim
686 3392 821 3455 ille
872 3391 1207 3473 scripsit,
1267 3391 1425 3454 nihil
1484 3395 1602 3468 est,
1663 3390 1832 3473 quod
1881 3394 1946 3454 te
1993 3390 2058 3455 in
2105 3391 2350 3475 ingenti
2399 3393 2582 3455 aestu
2630 3411 2738 3473 po-

624 3636 691 3687 26
729 3635 845 3688 Ioh.
886 3638 936 3697 5,
974 3636 1043 3687 46

518 3786 550 3838 ὃ
590 3784 845 3854 quicquid
882 3782 1007 3839 86²
1045 3784 1309 3853 quidquid
1353 3784 1403 3836 G
1568 3785 1598 3837 7
1639 3784 2042 3837 commenticios
2087 3782 2298 3837 GSGM
2533 3782 2739 3836 fantas-

446 3875 605 3928 matis
650 3872 698 3927 0
726 3873 1148 3943 phantasmatib'
1182 3874 1306 3927 2121)
1415 3875 1448 3928 8
1486 3872 1824 3941 simulachris
1854 3874 1898 3928 S
2039 3872 2274 3927 ediculas
2302 3872 2355 3924 L
2393 3871 2624 3925 edicolas
2653 3872 2739 3925 Pb

447 3990 722 4043 fabricatis
776 3988 1091 4042 LSGPM
1233 3992 1265 4042 9
1312 3942 1519 4044 §cistis
1574 3944 1780 4059 templa
1839 3990 1888 4043 Ο
2066 3988 2132 4041 13
2190 4002 2634 4050 commemoraem
2697 3987 2745 4039 (J

451 4078 514 4131 18
550 4078 676 4131 huic
718 4078 757 4142 (i
792 4093 835 4131 s.
876 4078 938 4144 Ζ.)
981 4078 1027 4131 G
1131 4094 1290 4147 opere
1320 4078 1392 4131 13¹
1504 4080 1571 4133 19
1601 4077 2056 4149 repraehendenda
2083 4077 2136 4129 L
2165 4074 2642 4146 repraehendenda
2672 4076 2744 4127 M

444 4166 882 4237 reprehendenda
920 4172 1047 4232 sunt
1091 4166 1138 4220 G
1313 4167 1546 4237 secerpit
1589 4166 1802 4222 CSMG
1956 4166 2231 4221 ebreorum
2277 4164 2324 4217 G
2469 4164 2540 4216 ‘20
2577 4164 2737 4217 intel-

445 4246 699 4328 legantur
726 4255 799 4307 L¹
946 4256 1015 4308 22
1054 4258 1405 4325 pronunciata
1440 4256 1488 4311 O
1629 4258 1696 4309 24
1735 4258 2084 4311 conuincetur
2121 4256 2184 4307 0¹
2322 4252 2639 4306 damnandis
2674 4252 2738 4305 0¹

446 4344 515 4399 26
550 4346 687 4399 mosi
726 4345 897 4398 SGM
1040 4345 1199 4399 michi
1245 4344 1293 4399 G
1432 4347 1499 4398 27
1537 4346 1704 4400 nichil
1751 4346 1798 4401 C
1972 4348 2027 4400 te
2068 4347 2129 4414 (s,
2171 4344 2229 4407 l.)
2278 4342 2324 4395 G
2466 4342 2648 4411 positu
2685 4341 2740 4393 L

551 4470 692 4509 XXV.
722 4472 839 4518 Aug.
871 4476 981 4509 sect.
1010 4473 1047 4509 6.
1326 4438 1332 4444 ο
2535 4448 2602 4501 ‘29
