3159 4984
779 495 852 548 ΙΙ.
908 494 1008 547 De
1065 493 1362 547 duabus
1423 493 1848 548 animabus
2404 495 2489 558 73

213 692 410 756 malo?
458 691 512 755 si
562 691 728 754 enim
777 691 992 754 uidere
1043 690 1230 753 deum
1279 690 1520 752 malum
1561 693 1679 762 est,
1720 707 1843 753 non
1884 693 1985 753 est
2020 689 2259 754 bonum
2298 691 2491 762 deusz

211 797 424 862 bonum
483 799 586 860 est
641 799 856 859 autem
915 796 1110 860 deus:
1177 797 1416 860 bonum
1484 798 1585 860 est-
1649 797 1847 878 igitur
1912 795 2102 860 deum
2159 797 2374 861 uidere
2432 801 2497 862 et

215 904 405 968 nescio
461 902 617 985 quid
671 902 824 966 huic
887 902 1054 966 bono
1122 903 1448 984 conparari
1513 906 1724 984 queat.
1792 922 1975 985 porro
2044 903 2212 984 quod
2277 904 2492 968 uidere

215 1010 426 1074 bonum
491 1013 611 1075 est.
677 1009 845 1072 unde
913 1009 1048 1072 fieri
1111 1012 1344 1091 potest,
1413 1012 1488 1072 ut
1540 1028 1731 1092 posse
1787 1008 2005 1074 uidere
2062 1010 2148 1074 sit
2202 1011 2491 1075 malum?

161 1149 180 1184 5
218 1121 576 1200 quapropter
632 1115 924 1198 quisquis
978 1117 1086 1180 uel
1140 1117 1206 1179 in
1261 1115 1394 1180 illis
1455 1116 1658 1180 oculis
1716 1117 1820 1180 uel
1877 1115 1942 1179 in
1990 1116 2121 1181 illis
2170 1118 2493 1182 mentibus

143 1684 184 1720 10

215 1225 364 1289 feeit.
411 1229 484 1287 ut
532 1226 610 1287 ab
669 1223 770 1287 his
827 1227 1050 1306 posset
1105 1223 1308 1287 uideri
1365 1223 1578 1289 diuina
1636 1224 2015 1288 substantia.
2072 1243 2371 1307 magnum
2430 1227 2497 1288 et

214 1329 494 1394 ineffabili
522 1327 714 1393 laude
746 1328 1196 1412 dignissimum
1233 1330 1474 1393 bonum
1507 1329 1682 1393 feeit.
1724 1329 1779 1393 si
1818 1334 2033 1393 autem
2070 1349 2192 1393 non
2231 1330 2493 1407 factum,

218 1437 314 1500 sed
354 1437 560 1520 ipsum
609 1455 723 1519 per
769 1455 836 1500 se
884 1437 1012 1499 tale
1063 1454 1134 1498 ae
1184 1436 1635 1518 sempiternum
1680 1439 1830 1503 erat‘.
1872 1435 2128 1501 difficile
2169 1437 2289 1501 hoc
2326 1437 2493 1501 malo

219 1543 532 1624 quicquam
577 1543 810 1606 melius
857 1541 1197 1605 inuenitur.

301 1652 395 1712 17.
459 1649 792 1713 Postremo
859 1652 934 1712 ut
995 1649 1156 1712 nihil
1221 1648 1446 1713 horum
1502 1648 1963 1712 laudandorum
2020 1647 2295 1712 habeant
2346 1649 2493 1712 illae

217 1756 458 1822 animae.
507 1775 670 1838 quae
715 1755 976 1820 illorum
1019 1754 1372 1819 rationibus
1429 1754 1657 1818 habere
1716 1758 2051 1837 coguntur.
2111 1773 2491 1836 quaererem,

215 1867 409 1926 utrum
440 1863 686 1944 aliquas
717 1881 793 1924 an
831 1862 1042 1925 nullas
1073 1861 1314 1924 animas
1353 1861 1509 1925 deus
1549 1861 1841 1925 damnet:
1882 1861 1939 1926 si
1974 1862 2205 1938 nullas,
2245 1863 2495 1926 nullum

219 1969 563 2033 meritorum
593 1967 902 2031 iudicium
935 1970 1052 2032 est.
1085 1967 1262 2029 nulla
1299 1965 1717 2049 prouidentia,
1758 1969 1823 2030 et
1861 1985 2011 2030 casu
2049 1967 2265 2049 potius
2306 1986 2515 2056 quam¹

215 2075 432 2138 ratione
493 2073 774 2138 mundus
841 2073 1316 2137 administratur
1369 2074 1474 2136 uel
1529 2073 1745 2155 possius
1801 2093 1923 2138 non
1982 2073 2491 2145 administratur:

155 2195 180 2232 5
217 2203 326 2247 non
369 2184 532 2247 enim
581 2181 1044 2245 administratio
1085 2180 1339 2244 casibus
1380 2179 1587 2242 danda
1624 2183 1741 2243 est.
1790 2179 1911 2244 hoe
1951 2183 2165 2244 autem
2204 2181 2260 2245 si
2298 2181 2494 2245 omni-

217 2288 324 2352 bus
369 2289 652 2371 qualibet
695 2287 1001 2371 religione
1061 2285 1372 2350 deuinctis
1432 2286 1681 2350 eredere
1740 2286 1915 2350 nefas
1975 2291 2091 2352 est.
2148 2291 2365 2352 restat.
2422 2292 2497 2352 ut

218 2399 316 2458 aut
359 2397 440 2460 sit
485 2396 842 2476 aliquarum
891 2394 1239 2458 animarum
1288 2393 1607 2458 damnatio
1657 2396 1769 2457 aut
1815 2394 1993 2457 nulla
2039 2400 2301 2476 peccata
2348 2397 2493 2460 sint.

221 2502 321 2564 sed
364 2503 414 2566 si
458 2503 634 2567 nulla
679 2504 940 2584 pec-cata
987 2502 1162 2576 sunt,
1210 2499 1402 2564 etiam
1449 2500 1697 2563 nullum
1746 2501 2023 2564 malum:
2074 2500 2243 2582 quod
2287 2502 2398 2566 isti
2436 2503 2491 2566 si

223 2607 483 2684 dixerint,
529 2609 846 2673 haeresim
894 2625 1076 2672 suam
1123 2626 1250 2671 uno
1298 2606 1432 2670 ictu
1478 2607 1876 2670 interficient.
1946 2608 2247 2671 conuenit
2297 2609 2493 2692 igitur

217 2714 360 2777 mihi
403 2735 544 2779 eum
595 2715 687 2779 eis
736 2715 979 2796 aliquas
1028 2714 1268 2777 animas
1317 2713 1534 2777 diuina
1587 2713 1729 2796 lege
1779 2712 2140 2794 iudicioque
2188 2713 2489 2778 damnari.

219 2826 275 2882 at
319 2821 425 2886 hae
473 2823 525 2886 si
573 2822 776 2886 bonae
827 2822 998 2888 sunt.
1047 2839 1207 2902 quae
1255 2819 1368 2882 illa
1405 2818 1655 2882 iustitia
1692 2822 1841 2883 est?
1892 2819 1948 2882 si
1984 2820 2209 2884 malae.
2250 2824 2489 2898 natura,

217 2945 282 2989 an
311 2928 678 2992 uoluntate?
719 2927 831 2991 sed
869 2928 1095 2990 natura
1125 2944 1264 2990 esse
1291 2926 1496 2988 malae
1527 2925 1773 2988 animae
1803 2925 1978 2989 nullo
2008 2927 2195 2991 modo
2230 2930 2489 3008 queunt.

217 3034 366 3098 unde
411 3034 530 3099 hoe
577 3033 932 3099 doc-emus?
991 3033 1068 3097 de
1127 3031 1560 3114 superioribus
1618 3031 2091 3096 definitionibus
2140 3033 2489 3097 uoluntatis

219 3142 386 3221 atque
431 3140 696 3224 peceati.
746 3139 894 3221 quia
943 3138 1146 3203 dicere
1197 3138 1436 3201 animas
1487 3141 1551 3201 et
1596 3138 1799 3202 malas
1849 3157 1986 3202 esse
2037 3141 2101 3201 et
2146 3138 2303 3201 nihil
2348 3159 2489 3220 pec-

223 3262 344 3308 care
387 3248 644 3329 plenum
695 3248 794 3309 est
841 3245 1214 3320 dementiae,
1256 3243 1464 3308 dicere
1513 3249 1729 3308 autem
1774 3263 2037 3326 peccare
2084 3245 2219 3310 sine
2268 3246 2492 3309 uolun-

219 3354 362 3419 tate,
431 3371 736 3437 magnum
814 3351 1300 3416 deliramentum
1375 3355 1502 3416 est.
1573 3354 1637 3414 et
1709 3351 1955 3432 peccati
2026 3371 2205 3415 reum
2276 3355 2489 3416 tenere

223 3477 599 3542 quemquam,
651 3459 800 3541 quia
843 3478 966 3523 non
1015 3458 1188 3534 feeit,
1249 3457 1416 3539 quod
1473 3457 1677 3521 facere
1734 3476 1859 3520 non
1912 3458 2143 3539 potuit,
2202 3477 2490 3522 summae

221 3563 544 3646 iniquitatis
594 3568 694 3630 est
742 3569 806 3628 et
849 3565 1153 3629 insaniae.
1222 3564 1633 3646 quamobrem
1689 3565 1838 3628 illae
1898 3563 2138 3628 animae
2187 3565 2491 3646 quicquid

224 3668 458 3741 faciunt,
507 3673 562 3736 si
608 3674 853 3739 natura.
903 3689 1025 3734 non
1075 3669 1406 3736 uoluntate
1465 3671 1725 3738 faciunt.
1782 3670 1849 3734 id
1906 3673 2003 3734 est
2060 3671 2114 3734 si
2167 3671 2365 3736 libero
2425 3675 2490 3735 et

281 3870 308 3922 3
341 3839 494 3926 nesci⁰
515 3873 571 3926 B
646 3875 680 3925 5
708 3871 842 3942 illis]
871 3873 993 3925 istis
1014 3873 1101 3926 Ab
1179 3873 1210 3926 6
1241 3877 1302 3925 ut
1333 3875 1400 3937 (8.
1434 3872 1496 3938 l.)
1528 3871 1582 3924 B
1729 3870 1905 3942 possit
1924 3870 2057 3973 Αιίςὸ
2206 3871 2380 3925 uideri
2410 3875 2486 3938 (re

219 3999 337 4039 corr.
385 3989 445 4042 cn
497 3989 562 4052 ri,
621 3989 678 4041 A
735 3986 919 4041 uidere
956 3987 1011 4040 B
1265 3987 1295 4039 7
1335 3987 1609 4041 ineffabile
1648 3988 1703 4040 A
1740 3985 2012 4048 ineffabile
2050 3985 2105 4038 B
2321 3943 2488 4040 128‘13

217 4071 490 4130 StalemM
561 4079 624 4130 11
657 4075 1026 4146 quereremM
1094 4077 1161 4130 12
1199 4079 1378 4130 utrum
1407 4077 1586 4130 om.A
1712 4075 1934 4128 damnat
1955 4075 1985 4128 b
2062 4076 2131 4129 13
2158 4074 2411 4129 iuditium
2432 4077 2487 4130 A

221 4162 281 4238 14
309 4180 406 4218 non
442 4175 508 4232 (ε.
549 4166 613 4230 l.)
652 4164 707 4217 B
856 4165 919 4217 18
957 4164 1054 4217 sed
1089 4181 1191 4218 om.
1230 4165 1284 4217 A
1501 4165 1707 4218 malum
1744 4164 1953 4218 nullum
1992 4164 2022 4216 b
2133 4164 2179 4217 si
2220 4171 2289 4231 (ε.
2330 4165 2391 4231 l.)
2430 4163 2487 4218 B

221 4249 280 4301 19
309 4251 525 4307 heresim
552 4253 628 4306 M
730 4253 1061 4307 interficiunt
1088 4253 1164 4306 Sb
1275 4253 1344 4306 20
1381 4253 1492 4307 illis
1522 4253 1600 4307 Sb
1711 4254 1916 4307 animas
1956 4253 2165 4322 aliquas
2196 4253 2273 4306 Sb
2303 4252 2487 4323 aliqua.

219 4339 430 4394 sanitate
465 4343 518 4394 A
697 4341 1000 4411 iuditioque
1039 4341 1318 4412 dampnari
1347 4345 1398 4394 A
1581 4344 1645 4396 21
1690 4346 1748 4396 at
1784 4343 1909 4410 hae]
1947 4341 2047 4412 ade
2076 4342 2129 4394 A
2303 4342 2413 4394 sint
2442 4340 2489 4395 S

225 4426 352 4480 male
376 4429 416 4482 S
517 4431 590 4485 24
625 4447 744 4484 esse
783 4430 950 4484 malas
988 4429 1065 4484 sb
1175 4430 1243 4484 26
1283 4431 1456 4484 teneri
1493 4431 1524 4483 b
