3159 4984
494 447 620 509 2⁸20
921 496 937 513 ‚
1197 450 1248 495 δ.
1307 441 1579 495 Aureli
1634 442 2067 511 Augustini

492 636 681 701 uulos
730 640 1000 712 nostroS,
1051 636 1161 717 qui
1207 636 1420 701 solent
1459 635 1695 699 auditis
1732 636 1797 699 in
1836 636 2141 719 allegoria
2178 637 2479 701 membris
2519 637 2777 719 quibus-

493 742 634 805 dam
684 744 960 825 corporis
1005 744 1206 809 nostri
1252 780 1338 789 -
1385 743 1567 806 uelut
1615 761 1761 806 cum
1810 742 2107 807 dicuntur
2144 742 2315 808 oculi
2354 742 2453 806 dei
2494 747 2559 807 et
2594 762 2777 809 aures

493 847 612 925 dei,
663 850 869 913 solent
916 850 1102 913 deum
1155 850 1277 914 sibi
1323 850 1619 913 libertate
1668 849 2129 931 phantasmatis
2186 849 2465 932 corporis
2521 849 2779 915 humani

493 955 702 1038 specie
740 956 1008 1039 figurare
1047 980 1172 1020 ——z
1222 957 1339 1023 hos
1389 958 1602 1022 confer
1646 958 1771 1021 iam
1809 956 1939 1020 illis
1978 955 2388 1033 ManichaeiS,
2430 956 2539 1038 qui
2574 957 2783 1021 solent

491 1062 648 1127 istas
697 1083 898 1147 nugas
935 1064 1198 1129 intentis
1239 1068 1304 1127 et
1341 1064 1610 1128 curiosis
1648 1064 2013 1135 hominibus
2052 1064 2234 1145 quasi
2270 1082 2503 1147 magna
2540 1067 2781 1129 secreta
2844 1088 2875 1127 ⁵

493 1169 868 1247 describere,
920 1174 984 1233 et
1031 1170 1374 1247 considera,
1435 1170 1543 1253 qui
1600 1170 1999 1235 tolerabilius
2046 1173 2111 1234 et
2158 1170 2490 1234 honestius
2538 1170 2615 1235 de
2664 1170 2779 1235 deo

492 1276 805 1341 sentiant:
847 1280 1064 1341 utrum
1101 1278 1167 1351 ii,
1209 1277 1317 1358 qui
1367 1296 1512 1346 eum
1557 1277 1761 1341 forma
1796 1277 2073 1339 humana
2100 1294 2349 1340 summa
2381 1276 2687 1359 dignitate
2716 1276 2780 1340 in

491 1402 607 1448 suo
676 1402 904 1466 genere
978 1383 1262 1466 praedita
1327 1384 1632 1467 cogitant,
1688 1402 1764 1446 an
1820 1384 1887 1447 ii.
1946 1383 2055 1465 qui
2114 1402 2260 1447 eum
2316 1382 2562 1447 infinita
2614 1384 2779 1447 mole

490 1488 810 1566 diffusum,
879 1509 999 1555 non
1068 1494 1277 1553 tamen
1343 1490 1643 1573 undique,
1712 1489 1824 1553 sed
1887 1489 2093 1553 tribus
2152 1489 2407 1571 quadris
2461 1488 2779 1553 infinitum

494 1599 683 1678 atque
751 1596 1162 1663 condensum.
1232 1616 1302 1660 ex
1357 1616 1486 1659 una
1544 1616 1690 1660 uero
1757 1595 2000 1664 fissum,
2065 1599 2411 1679 patentem.
2478 1595 2779 1669 hiantem,
2820 1620 2877 1659 ιο

491 1702 702 1781 laxum
752 1701 1043 1784 superius
1090 1701 1414 1775 inanitate,
1456 1704 1795 1765 cuneatum
1832 1701 2096 1766 inferius
2134 1705 2300 1765 terra
2356 1702 2777 1778 tenebrarum,

489 1806 616 1882 uel,
667 1807 723 1871 si
769 1808 862 1870 ita
906 1808 1138 1871 melius
1187 1812 1288 1872 est
1324 1808 1551 1877 dicere,
1592 1812 1881 1892 apertum
1920 1808 2211 1891 superius
2250 1810 2475 1873 natura
2510 1807 2777 1891 propria.

487 1913 792 1977 intratum
855 1914 1118 1978 inferius
1183 1915 1408 1978 aliena.
1484 1933 1650 1991 ecce,
1718 1934 1836 1998 ego
1902 1918 2113 1979 tecum
2182 1914 2433 1980 derideo
2500 1915 2779 1979 carnales

488 2020 798 2085 homines,
831 2020 940 2101 qui
979 2020 1257 2085 nondum
1293 2024 1567 2103 possunt
1605 2020 1915 2103 spiritalia
1951 2022 2229 2104 cogitare
2268 2022 2545 2085 humana
2580 2022 2781 2086 forma

491 2124 678 2189 deum
729 2126 1200 2203 existimantes;
1269 2127 1481 2193 deride
1540 2131 1606 2192 et
1659 2130 1730 2191 tu
1784 2146 2059 2206 mecum,
2120 2128 2175 2193 si
2230 2132 2433 2211 poteS,
2492 2148 2621 2203 eos,
2670 2127 2779 2210 qui
2818 2156 2873 2193 ιε»

487 2235 616 2295 tam
686 2232 1030 2298 deformem
1093 2238 1472 2317 turpemque
1538 2234 1833 2300 fissuram
1898 2235 2004 2299 uel
2068 2236 2413 2301 scissuram
2468 2234 2589 2311 dei,
2646 2237 2775 2297 tam

487 2339 756 2403 inaniter
795 2359 984 2422 supra
1023 2341 1321 2417 hiulcam,
1353 2345 1484 2407 tam
1522 2341 1857 2406 inhoneste
1896 2340 2057 2405 infra
2096 2342 2451 2406 obturatam
2499 2342 2774 2404 multum

487 2445 834 2511 miserabili
900 2448 1284 2526 cogitatione
1348 2448 1793 2532 imaginantur,
1860 2467 2005 2512 cum
2072 2449 2193 2513 hoc
2259 2448 2451 2513 etiam
2504 2447 2774 2524 intersit,

487 2552 659 2633 quod
704 2552 813 2617 isti
864 2554 1167 2630 carnales,
1216 2554 1326 2636 qui
1361 2554 1639 2619 humana
1673 2554 1875 2620 forma
1912 2555 2101 2619 deum
2142 2554 2445 2638 cogitant.
2485 2554 2539 2619 si
2579 2554 2775 2619 eccle-

489 2658 618 2723 siae
667 2659 1018 2725 catholicae
1066 2660 1306 2744 gremio
1356 2661 1637 2725 contenti
1682 2680 1828 2725 cum
1874 2662 2041 2726 lacte
2089 2660 2407 2725 nutriendi
2443 2665 2612 2725 sunt.
2652 2680 2775 2725 non
2812 2687 2871 2727 zo

489 2784 560 2829 se
605 2765 669 2829 in
715 2766 1081 2831 temerarias
1130 2766 1457 2849 opiniones
1504 2768 1940 2851 praecipitent.
1992 2768 2103 2831 sed
2149 2768 2238 2831 ibi
2277 2768 2559 2831 studium
2598 2768 2774 2849 pium

483 2872 823 2954 quaerendi
869 2872 1170 2949 nutriant,
1218 2872 1302 2937 ibi
1351 2877 1593 2957 petant,
1634 2877 1709 2938 ut
1746 2874 2081 2957 accipiant,
2120 2876 2212 2939 ibi
2250 2875 2529 2957 pulsent,
2569 2878 2643 2938 ut
2683 2875 2773 2939 eis

483 2982 816 3063 aperiatur,
855 2980 1172 3064 incipiunt
1227 2982 1599 3065 spiritaliter
1636 2982 1969 3065 allegorias
2006 2982 2465 3066 parabolasque
2505 2982 2773 3064 scriptu-

482 3106 692 3151 rarum
751 3087 1122 3170 intellegere
1180 3091 1244 3151 et
1297 3088 1601 3170 paulatim
1663 3106 1879 3170 sapere
1942 3088 2189 3152 diuinas
2254 3087 2573 3172 potentias
2630 3108 2774 3153 con·

482 3197 778 3276 gruenter
811 3194 959 3257 alibi
991 3193 1258 3270 aurium,
1293 3194 1443 3257 alibi
1475 3194 1825 3272 oculorum,
1866 3194 2017 3259 alibi
2054 3214 2357 3259 manuum
2398 3195 2502 3259 uel
2538 3194 2771 3278 pedum
2808 3222 2865 3263 2⁵

484 3300 591 3363 uel
639 3300 832 3363 etiam
881 3300 1123 3365 alarum
1181 3304 1369 3383 atque
1425 3320 1792 3383 pennarum,
1844 3301 2011 3365 scuti
2056 3322 2307 3383 quoque
2354 3305 2419 3365 et
2464 3302 2662 3386 gladii
2708 3305 2771 3365 et

481 3406 699 3489 galeae
779 3410 1253 3489 ceterarumque
1329 3407 1554 3471 talium
1628 3408 2179 3475 innumerabilium
2245 3430 2450 3473 rerum
2517 3409 2767 3474 nomine

483 3512 828 3578 enuntiari.
901 3532 1024 3595 qua
1087 3514 1525 3597 intellegentia
1590 3519 1824 3597 quanto
1890 3517 2096 3599 magis
2159 3517 2523 3600 proficiunt,
2589 3520 2765 3581 tanto

477 3619 681 3701 magis
730 3620 1020 3684 catholici
1067 3640 1204 3685 esse
1253 3621 1609 3697 fumantum
1658 3623 2012 3687 Manichaei
2054 3642 2201 3688 uero
2241 3623 2489 3705 quando
2528 3623 2763 3706 figurae

549 3904 568 3951 1
616 3898 846 3967 audistis
888 3898 950 3951 H
1018 3899 1051 3951 2
1091 3914 1254 3967 quum
1282 3898 1336 3950 P
1405 3900 1438 3950 4
1477 3897 1655 3967 specie
1697 3898 1745 3950 T
1882 3898 2005 3967 hos]
2042 3914 2140 3951 nos
2169 3898 2225 3951 P
2367 3898 2655 3951 conferiam
2693 3894 2759 3951 H

475 3988 890 4057 Gtolerabilius]
907 3985 1286 4041 rationabilius
1307 3985 1337 4037 b
1415 3987 1442 4039 7
1466 3988 1542 4056 (et
1562 3986 1617 4053 8)
1639 3986 1698 4039 hi
1720 3986 1831 4039 PH
1846 3986 1924 4040 Tb
2034 3987 2259 4057 summa]
2281 4004 2379 4042 sua
2396 3986 2463 4041 H
2472 3986 2753 4041 TCSVLb

475 4078 540 4129 13
576 4078 868 4131 inartatum
907 4074 936 4123 b
1081 4074 1129 4127 K
1169 4074 1234 4126 H
1379 4074 1444 4127 14
1482 4074 1749 4143 spiritalia
1784 4081 2012 4145 possunt
2050 4076 2098 4127 T
2238 4078 2296 4129 16
2335 4076 2639 4130 deforment
2674 4075 2732 4127 H
2741 4080 2754 4115 ῑ

477 4164 539 4216 17
572 4168 878 4234 opturatam
909 4165 938 4215 b
1125 4166 1188 4215 16
1236 4179 1398 4232 quum
1437 4164 1492 4215 P
1689 4164 1755 4217 19
1802 4163 1961 4217 deum
2010 4165 2179 4219 forma
2225 4164 2256 4217 b
2438 4164 2665 4219 eclesiae
2702 4164 2759 4217 P

475 4252 538 4305 21
589 4253 734 4323 pium
775 4270 876 4308 om.
915 4253 971 4305 P
1076 4252 1142 4305 22
1173 4252 1444 4321 aperiatur
1473 4252 1549 4305 eis
1579 4252 1634 4305 V
1736 4254 1805 4306 26
1832 4254 2118 4323 pinnarum
2145 4255 2199 4307 P
2296 4256 2466 4313 s*cuti
2498 4254 2538 4309 (i
2568 4253 2660 4313 er.)
2696 4252 2759 4305 H

473 4342 634 4394 sicuti
683 4342 782 4394 VL
912 4341 1101 4411 galeae
1141 4346 1196 4395 et
1233 4340 1400 4411 gladii
1450 4341 1498 4393 V
1606 4342 1671 4393 ‘27
1714 4346 2116 4413 ceterarumque
2163 4344 2212 4395 T
