3159 4984
459 484 589 548 472
1159 486 1211 535 S.
1268 484 1539 537 Aureli
1601 484 2038 551 Augustini

462 695 651 758 supra
700 676 1063 751 dixerimus,
1114 679 1179 739 et
1217 675 1369 757 quid
1406 676 1554 739 hinc
1593 676 1965 740 conficiatur
1999 676 2298 741 aduerte:
2349 677 2602 741 scilicet
2635 697 2764 743 non

459 801 601 847 esse
666 782 925 860 falsum,
992 782 1163 864 quod
1226 782 1291 846 in
1358 782 1690 866 euangelio
1758 782 2084 848 Christum
2149 783 2382 849 dixisse
2445 784 2763 867 legimus:

460 889 525 952 si
582 888 1006 954 crederetis
1052 889 1321 971 Moysi,
1382 889 1804 953 crederetis
1861 892 1936 953 et
1989 888 2205 966 mihi;
2256 890 2341 954 de
2396 910 2509 954 me
2568 890 2766 954 enirn

458 994 604 1059 ille
653 995 990 1079 scripsit.
1042 998 1107 1059 et
1144 996 1461 1080 euangelii
1498 996 1754 1078 quidem
1791 998 1926 1060 tam
1965 997 2247 1061 eminens
2285 999 2386 1061 est
2421 996 2768 1061 auctoritas

462 1103 529 1163 et
572 1104 705 1165 tam
755 1101 1019 1165 fundata
1062 1101 1324 1179 ueritas,
1364 1104 1458 1179 ut,
1501 1102 1753 1167 etiamsi
1799 1122 1914 1168 nos
1960 1105 2218 1185 propter
2261 1103 2630 1167 tarditatem
2675 1103 2768 1166 in-
2829 1126 2854 1161 s

464 1207 877 1290 tellegentiae
942 1210 1197 1273 nostrae
1262 1209 1441 1272 nulla
1502 1208 1934 1273 inueniremus
2001 1228 2036 1271 a
2101 1210 2322 1292 Moyse
2389 1209 2626 1293 scripta
2691 1209 2769 1273 de

465 1313 742 1389 Christo,
793 1332 917 1377 non
967 1314 1179 1379 solum
1227 1333 1368 1379 esse
1415 1314 1646 1395 aliqua,
1697 1314 1810 1379 sed
1857 1314 1936 1377 ad
1985 1314 2310 1379 Christum
2366 1315 2581 1379 omnia
2633 1334 2770 1398 per-

459 1420 683 1497 tinere,
734 1438 895 1501 quae
946 1419 1223 1503 scripsit,
1254 1420 1423 1501 quia
1466 1438 1591 1484 non
1641 1420 1766 1483 ait:
1818 1422 1883 1483 et
1927 1420 2004 1483 de
2051 1439 2154 1484 me
2203 1420 2480 1504 scripsit,
2521 1420 2634 1484 sed
2683 1420 2768 1484 de

460 1546 571 1590 me
630 1526 765 1591 ille
824 1526 1167 1611 scripsit,
1229 1526 1479 1591 credere
1536 1527 1930 1591 deberemuS.
1992 1545 2160 1591 nunc
2215 1529 2452 1605 autem,
2509 1526 2632 1591 etsi
2693 1527 2770 1591 de

459 1633 583 1697 isto
653 1632 972 1717 euangelii
1040 1633 1341 1717 capitulo,
1409 1632 1580 1715 quod
1637 1632 1822 1709 absit,
1893 1632 2312 1697 dubitandum
2371 1636 2562 1711 esset,
2623 1652 2766 1697 con·
2815 1660 2867 1694 ω

456 1739 655 1821 pertis
710 1742 845 1803 tam
900 1740 1125 1805 multis
1182 1741 1245 1804 in
1304 1740 1618 1824 scriptura
1674 1740 1886 1822 Moysi
1942 1739 2018 1804 de
2069 1738 2321 1805 Christo
2381 1739 2770 1805 testimoniis

466 1845 671 1909 omnis
716 1846 831 1909 illa
878 1846 1193 1911 dubitatio
1239 1847 1611 1921 tolleretur3
1671 1848 1736 1909 et
1791 1846 1941 1928 quia
1996 1846 2073 1911 de
2121 1846 2401 1930 capitulo
2451 1846 2770 1929 euangelii

460 1951 886 2016 dubitandum
950 1972 1074 2018 non
1132 1955 1250 2029 est,
1310 1952 1565 2017 etiamsi
1619 1952 1735 2016 illa
1789 1954 2090 2037 conperta
2146 1972 2270 2018 non
2331 1956 2568 2019 essent.
2629 1972 2772 2016 esse

468 2061 681 2123 tamen
732 2060 902 2124 credi
951 2062 1289 2143 oporteret.

554 2166 660 2231 27.
708 2166 873 2229 Nam
921 2166 1087 2230 illud
1135 2167 1306 2248 quod
1354 2166 1650 2250 adiungis
1707 2166 2203 2241 „dissimilem
2249 2165 2493 2230 fuisse
2541 2164 2772 2229 tradi·
2823 2192 2870 2229 ιε,

460 2270 753 2335 tionem
798 2272 1091 2337 Christi
1139 2275 1364 2355 atque
1403 2274 1760 2356 Moyseos
1801 2276 1875 2335 et
1911 2272 2079 2335 ideo
2119 2291 2261 2337 non
2299 2271 2544 2337 fuisse
2581 2271 2776 2336 ueri-

466 2376 745 2455 simile,
806 2381 889 2442 ut
946 2379 1009 2444 si
1068 2379 1467 2443 crederent
1522 2379 1789 2461 Moysi,
1851 2378 2254 2443 crederent
2311 2381 2385 2442 et
2442 2378 2775 2463 Christe,

468 2484 698 2549 immo
738 2485 937 2550 illud
974 2486 1234 2568 potius
1275 2504 1441 2550 esse
1481 2504 1984 2567 consequens,
2025 2488 2109 2547 ut
2147 2485 2211 2549 si
2250 2486 2476 2548 alteri
2507 2485 2774 2549 Iudaei

464 2591 891 2667 crederent,
953 2592 1184 2655 alteri
1238 2592 1680 2657 necessario
1737 2594 2286 2675 repugnarent“
2361 2610 2484 2655 non
2552 2590 2776 2674 utique

465 2697 729 2775 diceres,
780 2698 835 2762 si
884 2698 1407 2763 considerationis
1458 2699 1718 2763 oculum
1766 2698 2102 2782 paululum
2150 2698 2492 2763 adtolleres
2532 2699 2776 2763 orbem·
2815 2724 2872 2761 ιο

466 2824 587 2886 que
634 2808 946 2869 terrarum
994 2806 1130 2869 sine
1181 2805 1609 2870 contentionis
1659 2805 1964 2869 caecitate
2015 2805 2413 2888 conspiceres
2461 2804 2524 2867 in
2573 2804 2778 2869 homi-

463 2910 651 2975 nibus
713 2911 921 2976 doctis
978 2914 1169 2994 atque
1224 2911 1521 2987 indoctis,
1574 2910 1836 2976 Graecis
1893 2914 1960 2974 et
2012 2911 2316 2987 barbaris,
2376 2909 2778 2992 sapientibus

468 3019 533 3080 et
599 3016 1077 3099 insipientibuS‚
1148 3016 1381 3099 quibus
1447 3036 1515 3080 se
1582 3017 1931 3081 debitorem
1999 3016 2251 3080 dicebat
2313 3017 2644 3099 apostolus
2711 3022 2778 3080 et

466 3122 680 3205 Moysi
728 3125 793 3186 et
832 3121 1085 3187 Christo
1126 3123 1321 3187 simul
1360 3123 1742 3187 credentem.
1784 3124 1839 3187 si
1881 3142 2027 3205 ergo
2070 3142 2192 3187 non
2232 3126 2368 3186 erat
2405 3122 2774 3197 uerisimile,

462 3231 537 3291 ut
594 3227 816 3292 Iudaei
869 3229 1079 3313 Moysi
1137 3232 1204 3293 et
1260 3229 1512 3294 Christo
1576 3230 1813 3312 pariter
1869 3228 2214 3295 crederent.
2281 3229 2486 3292 multo
2553 3228 2770 3293 minus
2810 3256 2866 3294 25

462 3334 817 3399 uerisimile
883 3338 1010 3413 est,
1079 3338 1155 3399 ut
1219 3336 1387 3401 orbis
1453 3338 1762 3400 terrarum
1819 3335 2030 3417 Moysi
2095 3338 2160 3398 et
2218 3334 2471 3400 Christo
2537 3335 2776 3417 pariter

464 3440 695 3507 credat.
767 3462 911 3507 cum
970 3462 1123 3508 uero
1180 3442 1515 3506 uideamus
1566 3461 1785 3507 omnes
1833 3446 2056 3525 gentes
2103 3441 2358 3523 utrique
2407 3440 2658 3505 credere
2705 3444 2776 3504 et

457 3548 637 3613 illius
672 3550 1069 3632 prophetiam
1102 3568 1249 3614 cum
1289 3550 1623 3633 euangelio
1664 3550 1856 3613 huius
1897 3549 2382 3614 conuenientem
2420 3548 2544 3612 fide
2583 3547 2772 3613 robu-

461 3654 749 3719 stissima
810 3658 875 3719 et
940 3655 1350 3753 celeberrima
1412 3656 1706 3728 retinere,
1775 3675 1897 3720 non
1955 3654 2034 3717 ad
2093 3654 2334 3735 aliquid
2389 3653 2770 3738 inpossibile

640 3828 709 3883 23
747 3830 813 3883 cf.
852 3831 1005 3883 Rom.
1048 3830 1093 3893 1,
1136 3830 1207 3881 14

538 3958 555 4007 1
600 3954 910 4024 dixerimus]
950 3952 1252 4007 dederimus
1297 3953 1343 4007 G
1522 3953 1844 4007 confiteatur
1878 3951 2097 4007 L¹Gsb
2145 3952 2458 4005 confitiatur
2509 3951 2581 4017 (τὶ
2627 3966 2770 4007 corr.

462 4060 526 4097 ex
560 4048 641 4111 te)
680 4046 753 4099 Μ
904 4044 938 4095 2
976 4042 1300 4111 euuangelio
1344 4043 1391 4097 0
1543 4043 1576 4096 3
1619 4043 1706 4109 (11
1749 4045 1806 4095 et
1845 4041 1933 4109 17)
1971 4042 2109 4095 mosi
2149 4040 2248 4095 SG
2405 4042 2441 4093 4
2479 4044 2536 4093 et
2577 4056 2680 4094 om.
2725 4041 2776 4094 C

461 4133 773 4203 euuangelii
813 4132 861 4186 0
1000 4132 1033 4184 9
1072 4130 1327 4185 debemus
1372 4131 1437 4185 01
1549 4133 1619 4185 10
1655 4132 1774 4201 ipso
1805 4130 1838 4183 b
1985 4129 2298 4199 enuangelii
2332 4129 2380 4183 G
2488 4130 2552 4183 11
2592 4134 2766 4183 teste-

460 4222 655 4276 moniis
678 4222 751 4274 L¹
864 4224 929 4277 12
957 4220 1183 4274 tolletur
1200 4219 1483 4275 L¹SGMb
1594 4220 1665 4274 20
1702 4220 1980 4291 paululum
2021 4220 2062 4276 (l
2089 4221 2186 4287 fin.
2216 4236 2284 4273 a
2309 4218 2356 4289 r)
2393 4218 2440 4272 C
2544 4218 2612 4270 22
2641 4234 2767 4287 gre-

462 4312 536 4365 cis
573 4311 626 4364 L
770 4312 841 4365 24
878 4310 1185 4379 credentem
1227 4314 1362 4377 (tem
1401 4326 1519 4378 exp.
1558 4315 1610 4363 et
1647 4326 1672 4362 s
1709 4325 1972 4377 superse-r.
2009 4326 2080 4362 m.
2119 4308 2174 4373 2)
2215 4307 2270 4361 L
2413 4308 2484 4361 25
2523 4307 2662 4359 mosi
2699 4306 2766 4361 8¹

462 4400 531 4454 28
568 4400 727 4453 fidem
764 4398 919 4454 LSG
956 4399 1060 4452 fide
1099 4402 1173 4469 (m
1211 4399 1302 4467 er.)
1343 4400 1409 4451 M
1557 4397 1940 4451 robustissima
1989 4402 2045 4450 et
2082 4396 2432 4450 celeberrimi
2465 4394 2620 4449 LSG
