3159 4984
886 485 973 538 VI.
1033 483 1319 539 Contra
1375 485 1744 538 Faustum
1801 485 1930 541 lib.
1989 484 2165 542 VIIII.
2538 488 2666 552 307

372 701 443 744 se
493 700 529 744 a
573 681 867 763 passione
926 685 1189 745 satanan
1245 681 1544 763 appellat.
1604 680 1773 762 quod
1829 700 1954 745 non
2012 682 2279 762 saperet,
2348 696 2508 760 quae
2566 676 2666 740 dei

376 790 545 864 sunt,
595 787 707 852 sed
755 806 917 869 quae
964 787 1313 853 hominum.
1381 786 1642 870 proinde
1691 785 2011 850 adtendite
2058 784 2122 850 in
2169 784 2284 849 illa
2335 783 2668 868 phantasia

374 898 589 961 uestra
635 896 711 960 de
759 914 953 979 regno
1004 893 1124 972 dei,
1172 894 1339 959 unde
1376 894 1567 959 istam
1607 894 1816 959 lucem
1856 893 2010 958 solis
2052 892 2221 957 carni
2261 891 2663 974 conspicuam

374 1006 701 1083 tamquam
749 1000 827 1065 ad
876 1001 1226 1084 exemplum
1276 1000 1462 1065 uobis
1509 1000 1902 1084 propositam
1950 998 2216 1083 diligitis
2266 1002 2331 1063 et
2367 998 2666 1073 adoratis,

302 1125 334 1161 ὃ
376 1128 565 1190 quam
613 1109 927 1173 carnalem
976 1128 1155 1191 spem
1204 1107 1460 1192 geratis,
1509 1110 1573 1171 et
1609 1106 1951 1171 inuenietis
1988 1106 2226 1170 ieiunia
2259 1108 2478 1169 uestra
2513 1124 2666 1187 quo-

282 1658 337 1693 10

374 1215 561 1279 modo
609 1214 979 1297 prudentiae
1029 1214 1232 1278 carnis
1268 1216 1597 1296 tamquam
1641 1212 2020 1278 uestimento
2058 1212 2264 1277 ueteri
2300 1212 2666 1275 adsuantur.

373 1326 815 1386 uerumtamen
874 1340 1018 1385 cum
1074 1340 1321 1403 pannus
1379 1340 1586 1385 nouus
1642 1321 2027 1385 uestimento
2083 1319 2286 1384 ueteri
2341 1338 2463 1384 non
2521 1338 2666 1383 con·

374 1430 609 1506 ueniat,
676 1428 843 1493 unde
908 1432 1254 1513 potuerunt
1316 1427 1708 1511 principibus
1772 1427 2172 1491 tenebrarum
2225 1427 2510 1491 membra
2564 1424 2666 1489 dei

373 1537 574 1601 uestri
620 1556 743 1601 non
792 1536 1091 1601 adiuncta
1128 1538 1315 1617 atque
1356 1537 1642 1610 consuta,
1685 1535 1816 1611 sed,
1856 1534 2026 1617 quod
2065 1538 2164 1599 est
2198 1533 2665 1609 uehementius,

377 1644 717 1709 commixta
764 1648 829 1708 et
875 1647 1167 1710 concreta
1204 1644 1533 1707 cohaerere
1556 1647 1588 1707 ἶν’
1635 1662 1712 1707 an
1751 1646 2091 1724 utrumque
2129 1646 2320 1706 uetus
2358 1644 2476 1714 est,
2516 1640 2666 1722 quia

372 1754 713 1833 utrumque
759 1751 1015 1830 falsum,
1066 1756 1131 1815 et
1176 1754 1520 1833 utrumque
1569 1751 1646 1815 de
1693 1750 2028 1834 prudentia
2075 1750 2278 1815 carnis
2326 1752 2475 1815 est?
2542 1748 2664 1813 nisi

371 1857 535 1924 forte
582 1858 727 1926 inde
773 1858 977 1923 uultis
1024 1858 1285 1941 probare
1332 1876 1531 1923 unum
1578 1858 1780 1923 fuisse
1829 1878 2087 1925 nouum.
2136 1858 2406 1921 alterum
2450 1858 2662 1931 neme,

374 1966 521 2047 quia
567 1966 771 2030 11101011
815 1966 1093 2031 scissura
1136 1966 1305 2029 facta
1352 1968 1471 2043 est,
1510 1970 1588 2030 ut
1623 1966 2003 2030 miserabilis
2049 1984 2296 2049 pannus
2346 1968 2420 2032 de
2467 1982 2660 2047 regno

371 2071 536 2137 lucis
594 2072 1067 2137 abscinderetur
1123 2075 1186 2135 et
1240 2072 1430 2155 globo
1488 2072 1889 2137 tenebrarum
1947 2075 2200 2137 aeterna
2262 2092 2466 2155 poena
2521 2092 2662 2138 con·

306 2188 331 2225 5
374 2179 691 2263 figeretur.
762 2181 825 2244 et
868 2181 1081 2243 tamen
1130 2181 1352 2262 argute
1402 2178 1523 2243 sibi
1572 2178 1830 2242 uidetur
1872 2179 2059 2243 uelut
2103 2196 2221 2242 acu
2269 2178 2525 2263 linguae
2575 2178 2661 2243 di-

372 2285 663 2349 uinarum
705 2285 1155 2368 scripturarum
1194 2286 1596 2350 firmamenta
1625 2304 2020 2370 conpungere
2049 2286 2275 2350 talium
2307 2287 2664 2351 fabularum

375 2392 669 2456 sordidus
718 2394 921 2457 sartor
968 2394 1079 2456 aut
1124 2392 1456 2457 mendicus
1503 2392 1779 2459 indutor.

1260 2610 1477 2664 LIBER
1513 2609 1760 2665 NONUS
1771 2653 1783 2666 .

460 2728 518 2794 1.
576 2726 905 2798 FAL'STUS
951 2726 1139 2791 dixit:
1200 2724 1403 2805 Quare
1450 2746 1573 2792 non
1622 2728 1857 2811 accipis
1905 2732 2095 2794 uetus
2155 2698 2708 2795 testamentum?'

366 2834 423 2899 si
470 2835 775 2918 apostolis
822 2834 1007 2898 licuit
1042 2834 1160 2899 sub
1200 2835 1421 2899 eodem
1459 2835 1625 2900 natis
1665 2837 1741 2900 ab
1782 2855 1854 2900 00
1894 2836 2236 2914 discedere,
2273 2838 2430 2901 mihi
2469 2857 2659 2921 quare

368 2960 491 3005 non
556 2941 747 3005 liceat
809 2940 873 3004 in
939 2960 1063 3022 quo
1128 2944 1317 3005 natus
1381 2962 1503 3008 non
1573 2962 1746 3019 sum,
1821 2961 1944 3006 non
2009 2946 2364 3027 usurpare?
2440 2962 2659 3007 omnes

368 3048 601 3131 quippe
650 3047 922 3133 gentiles
970 3048 1309 3114 nascimur.
1358 3068 1482 3113 non
1529 3048 1770 3125 Iudaei,
1819 3069 1942 3115 non
1991 3048 2260 3132 denique
2309 3049 2657 3116 christiani.

366 3154 479 3219 sed
526 3155 687 3219 alios
736 3155 812 3220 ad
862 3174 929 3220 se
977 3174 1047 3219 ex
1107 3156 1325 3220 eadem
1382 3156 1740 3239 gentilitate
1797 3160 2256 3222 testamentum
2310 3160 2496 3223 uetus
2554 3158 2654 3223 ad-

367 3261 543 3325 ducit
605 3262 882 3343 facitque
948 3260 1253 3339 Iudae08‚
1321 3262 1481 3327 alios
1546 3280 1788 3328 nouum
1856 3266 1920 3327 et
1980 3262 2193 3326 initiat
2259 3263 2655 3337 christianos,

366 3372 692 3450 tamquam
749 3367 805 3433 si
870 3368 1031 3433 duae
1098 3368 1372 3443 arbores,
1439 3368 1646 3434 dulcis
1715 3372 1778 3434 et
1843 3389 2071 3447 amara,
2136 3370 2453 3437 radicibus
2521 3372 2655 3437 suis

364 3474 555 3540 unius
602 3478 803 3540 terrae
841 3476 903 3539 in
945 3494 1013 3539 se
1050 3474 1185 3540 uim
1221 3476 1604 3541 transferant
1639 3477 2007 3541 mutandam
2046 3477 2460 3560 qualitatibus
2498 3478 2654 3544 suis.

366 3582 673 3665 apostolis
710 3601 859 3665 ergo
889 3582 953 3646 in
985 3582 1237 3647 dulcem
1275 3583 1752 3647 transeuntibus
1793 3602 1864 3648 ex
1903 3602 2134 3652 amaro.
2168 3603 2357 3665 quam
2398 3584 2655 3649 demens

366 3708 471 3753 ero
520 3708 658 3773 ege,
708 3690 764 3756 si
808 3690 873 3754 in
924 3708 1207 3754 amarum
1258 3693 1589 3755 conuertar
1636 3710 1705 3754 ex
1756 3690 1978 3755 dulci?

544 3830 569 3881 1
615 3829 679 3884 cf.
718 3829 914 3883 Matth.
958 3829 1036 3889 16.
1076 3830 1145 3883 23

437 3954 459 4005 1
486 3958 729 4007 satanam
753 3954 801 4008 G
914 3954 1183 4025 appelant
1204 3955 1303 4023 (lui
1320 3956 1434 4009 uid.
1460 3956 1552 4025 er.)
1573 3956 1626 4008 L
1718 3958 1752 4009 2
1772 3959 1931 4026 quae]
1952 3972 2088 4026 quae
2113 3960 2241 4011 sunt
2264 3958 2310 4010 0
2397 3958 2426 4009 ’ἲ
2449 3970 2654 4025 pannvs

360 4046 419 4109 (v
438 4057 557 4111 sup.
578 4042 597 4113 i
622 4060 659 4096 a
680 4059 745 4097 m.
770 4042 822 4109 1)
849 4041 897 4096 0
983 4044 1051 4098 10
1072 4042 1318 4097 coherere
1330 4043 1483 4097 LSG
1576 4044 1642 4097 13
1664 4044 1810 4115 quia]
1836 4062 1942 4115 qua
1962 4045 2014 4098 L
2109 4047 2174 4098 14
2193 4061 2332 4115 pena
2352 4043 2652 4115 811101106-

356 4130 712 4184 conficeretur
748 4131 779 4185 b
891 4132 958 4185 16
998 4132 1353 4201 conpunger&
1392 4132 1558 4185 alium
1598 4132 1651 4185 L
1762 4134 1826 4186 17
1866 4138 2040 4187 sartor
2078 4134 2164 4193 (in
2196 4136 2334 4199 rae.)
2375 4132 2446 4184 M

432 4218 497 4273 19
518 4236 639 4287 cap.
660 4219 1127 4275 xmeSGPM
1197 4221 1267 4274 20
1286 4220 1471 4274 eodem
1494 4226 1600 4289 (em
1621 4238 1686 4275 ex
1704 4240 1789 4275 am
1812 4240 1848 4274 a
1867 4238 1934 4277 m.
1965 4222 2009 4288 l)
2032 4222 2084 4274 L
2155 4222 2220 4274 21
2245 4223 2345 4275 sim
2364 4220 2658 4275 CP¹SGM

358 4308 427 4361 23
464 4312 621 4362 uetus
658 4323 702 4362 8.
744 4310 778 4363 l.
819 4327 855 4363 a
892 4326 959 4361 m.
1000 4310 1032 4361 2
1072 4309 1119 4363 S
1251 4311 1321 4363 24
1358 4310 1544 4365 iniciat
1583 4311 1730 4365 SCG
1867 4312 1934 4364 26
1973 4310 2200 4365 imitada
2238 4312 2268 4363 b
2395 4310 2464 4363 ⁶28
2503 4326 2650 4363 ama-

356 4412 469 4449 ram
506 4396 594 4451 Pb
742 4398 895 4452 dulce
935 4398 1161 4453 LSGM
1170 4400 1180 4433 ¹

2439 4505 2538 4559 20*
