3159 4984
343 398 475 463 374
1043 398 1097 451 S.
1152 398 1431 453 Aureli.
1482 398 1917 468 Augustini

348 590 638 655 habitum
685 594 801 656 est.
870 591 1011 672 quis
1073 591 1238 655 enim
1297 590 1822 657 dement-issimus
1889 591 2128 657 diceret
2193 590 2446 656 cnemis
2493 608 2634 655 esse

340 697 490 762 fidei
552 697 627 761 de
694 696 945 765 Christo
1016 698 1151 762 sine
1216 700 1381 763 teste
1446 719 1573 765 uon
1638 698 1939 763 credere?
2003 698 2238 762 uellem
2303 698 2462 763 mihi
2525 697 2634 763 isti

342 803 815 887 responderent,
875 803 1123 875 cuinam
1181 802 1259 867 de
1308 802 1563 869 Christo
1625 802 1751 886 ipsi
1809 802 2266 875 credidissent;
2333 822 2412 867 an
2457 802 2635 867 illam

348 929 575 977 uocem
625 909 702 974 de
750 910 927 975 caelo
975 909 1347 974 audierunt:
1395 910 1517 975 hic
1566 913 1686 975 est
1728 910 1952 975 filius
1999 913 2249 975 meus?
2299 908 2360 975 ei
2405 910 2635 993 quippe

347 1017 495 1083 uoci
546 1016 763 1101 potius
820 1016 1103 1081 Faustus
1157 1036 1271 1081 nos
1328 1017 1510 1082 iubet
1564 1016 1840 1095 credere,
1899 1017 2010 1099 qui
2065 1015 2142 1081 de
2201 1016 2454 1085 Christo
2510 1035 2632 1082 non
2698 1036 2724 1074 ⁵

344 1124 493 1191 uuit
536 1122 813 1189 testibus
858 1122 1223 1188 hominibus
1281 1123 1469 1199 credi,
1529 1124 1713 1205 quasi
1767 1123 1848 1188 ad
1906 1143 2022 1188 nos
2089 1123 2282 1187 etiam
2349 1120 2635 1188 eiusdem

330 1230 521 1297 uocis
566 1230 795 1295 notitia
839 1230 974 1295 sine
1020 1229 1275 1295 homine
1311 1233 1478 1295 teste
1516 1229 1896 1313 peruenerit,
1937 1221 2082 1294 cum
2123 1234 2188 1293 et
2222 1229 2632 1295 manifestum

346 1338 436 1402 sit
480 1336 572 1401 sic
621 1356 759 1401 eam
805 1338 1197 1420 peruenisse,
1236 1340 1303 1402 et
1339 1338 1672 1421 apostolus
1711 1336 1917 1402 dicat:
1968 1336 2336 1419 quomodo
2387 1340 2633 1401 autem

346 1443 833 1517 inuocabunt,
880 1444 955 1509 in
1004 1464 1219 1526 quem
1256 1463 1421 1524 ‚non
1481 1443 2013 1509 crediderunt?
2081 1447 2211 1507 aut
2265 1442 2634 1526 quomodo

338 1549 660 1632 credent
738 1551 832 1626 ei,
914 1570 1129 1634 quem
1202 1571 1341 1616 non
1418 1552 1866 1617 audierunt?
1951 1549 2319 1633 quomodo
2387 1553 2634 1614 autem
2677 1568 2730 1607 io

348 1656 664 1721 audient
712 1658 872 1722 sine
920 1657 1452 1741 praedicante?
1520 1662 1648 1723 aut
1694 1657 2062 1740 quomodo
2110 1657 2634 1741 pradicabunt.

346 1763 410 1827 si
458 1766 599 1831 n'on
648 1766 1095 1830 mittantur?
1162 1766 1369 1831 sicut
1415 1758 1786 1849 scriptum
1833 1768 1976 1831 est:
2037 1784 2255 1847 quam
2303 1764 2636 1849 speciosi

344 1870 577 1955 pedes
636 1891 890 1937 eorum
946 1874 1071 1955 qui
1133 1872 1589 1964 adnuntiant
1644 1892 1927 1955 pacem,
1987 1868 2114 1955 qui
2181 1870 2638 1936 adnuntiant

343 1977 561 2044 bona!
630 1978 865 2044 uidetis
914 1984 1099 2053 certe,
1150 1980 1686 2061 quemadmodum
1730 1980 2265 2063 praedicationem
2314 1978 2636 2044 doctrinae

340 2085 729 2167 apostolicae
774 2086 1217 2168 propheticum
1272 2087 1716 2152 testimonium
1763 2086 2121 2151 comitetur.
2171 2089 2248 2150 ut
2293 2084 2462 2150 enim
2509 2104 2632 2151 non
2673 2102 2722 2153 15

346 2194 895 2257 contemnerentur
939 2211 1143 2275 neque
1190 2194 1481 2258 fabulosa
1528 2192 1928 2270 ducerentur,
1985 2212 2148 2275 quae
2204 2192 2479 2277 apostoli
2526 2190 2632 2255 ad-

343 2297 737 2376 nuntiabant‚
774 2297 1367 2364 demonstrabantur
1402 2300 1559 2365 haec
1598 2319 1636 2363 a
1668 2300 1994 2383 prophetis
2033 2304 2178 2365 ante
2214 2300 2415 2365 fuisse
2451 2318 2626 2382 prae-

345 2405 535 2483 dicta,
574 2404 722 2488 quia
759 2406 879 2470 etsi
918 2405 1396 2470 adtestabantur
1433 2405 1756 2482 miracula,
1797 2425 1922 2471 non
1962 2406 2316 2472 defuissent
2341 2442 2432 2453 —
2460 2405 2631 2470 sicut

341 2511 537 2575 etiam
582 2530 749 2575 nunc
795 2510 1001 2575 adhuc
1038 2512 1297 2594 quidam
1332 2513 1679 2577 mussitant
1713 2548 1802 2561 —
1839 2513 1947 2595 qui
1984 2513 2268 2596 magicae
2306 2511 2634 2595 potentiae

343 2621 574 2681 cuncta
616 2617 731 2681 issa
774 2617 1142 2693 tribuerent,
1184 2618 1305 2683 nisi
1350 2619 1498 2683 talis
1548 2638 1769 2685 eorum
1816 2618 2118 2703 cogitatio
2169 2618 2632 2687 contestatione
2677 2632 2732 2671 2⁰

344 2722 717 2806 prophetica
761 2723 1140 2789 uinceretur.
1194 2724 1471 2807 magicis
1530 2724 1698 2787 enim
1760 2724 2002 2788 artibus
2058 2724 2250 2809 longe
2297 2727 2634 2806 antequam

345 2834 768 2900 nascerentur,
818 2831 1156 2914 prophetas
1206 2832 1327 2896 sibi
1385 2831 1793 2908 constituere,
1854 2849 1892 2893 a
1947 2831 2179 2914 quibus
2237 2830 2636 2913 praenuntia-

346 2941 582 3014 rentur,
629 2958 813 3003 nemo
862 2940 1082 3022 utique
1131 2939 1385 3003 diceret.
1456 2938 1568 3004 sed
1623 2938 1929 3003 uidelicet
1972 2940 2152 3003 uetat
2197 2956 2312 3003 nos
2359 2938 2636 3002 Faustus

344 3043 424 3107 de
470 3063 620 3109 uero
672 3042 921 3110 Christo
968 3046 1277 3111 Hebraeis
1337 3046 1664 3129 prophetis
1725 3045 2000 3111 testibus
2063 3044 2334 3121 credere,
2393 3043 2503 3126 qui
2559 3043 2636 3106 de

346 3150 507 3215 falso
558 3150 810 3216 Christo
856 3152 1192 3217 Persarum
1243 3154 1554 3218 erroribus
1604 3153 1890 3217 credidit.
2675 3162 2725 3201 ²⁵

438 3258 543 3321 46.
592 3256 833 3323 Uerum
878 3257 1212 3341 disciplina
1258 3258 1571 3324 catholica
1613 3263 1950 3342 propterea
1985 3247 2262 3342 simplici
2299 3257 2423 3321 fide
2459 3258 2636 3341 prius

238 3364 245 3371 '
347 3362 575 3426 nutriri
622 3365 906 3446 oportere
956 3364 1141 3429 docet
1185 3366 1481 3429 mentem.
1525 3364 1954 3429 christianam.
2011 3368 2086 3427 ut
2142 3384 2280 3427 eam
2343 3382 2637 3447 capacem

526 3610 560 3658 4
597 3608 793 3661 Matth.
832 3610 880 3668 3.
923 3611 1012 3672 17;
1056 3612 1141 3674 17,
1181 3613 1212 3664 5
1322 3612 1357 3665 8
1396 3612 1546 3663 Rom.
1595 3609 1670 3673 ΙΟ,
1715 3612 1783 3662 14
1821 3626 1900 3678 sq.

425 3787 454 3838 1
500 3784 737 3837 inberbis
789 3784 834 3838 S
874 3785 1075 3839 inerbis
1127 3786 1178 3839 G
1226 3786 1435 3839 cnemis
1486 3788 1535 3851 (e
1585 3791 1634 3837 ct
1669 3802 1706 3838 u
1741 3790 1958 3837 retract.
1999 3801 2066 3837 m.
2107 3783 2165 3853 2)
2205 3784 2257 3836 L
2293 3784 2348 3837 in
2387 3782 2567 3837 uerbis
2608 3782 2638 3833 b

350 3874 587 3927 iuver-bis
624 3874 677 3943 (v
712 3891 756 3928 8.
796 3875 853 3938 l.)
896 3876 967 3929 M
996 3876 1187 3929 inertis
1226 3874 1293 3928 S²
1445 3875 1477 3927 3
1514 3873 1639 3943 ipsi]
1678 3874 1770 3926 isti
1817 3872 1862 3925 Ο
2013 3874 2044 3925 6
2085 3872 2272 3941 quaesi
2309 3871 2416 3925 LG
2459 3871 2641 3940 quamsi

354 3965 403 4034 (e
442 3964 533 4034 er.)
574 3963 619 4017 S
723 3963 813 4033 ad]
852 3968 908 4017 et
946 3964 1067 4019 S¹G
1179 3965 1209 4016 7
1248 3963 1503 4028 notitiam
1544 3962 1590 4016 S
1622 3962 1822 4015 notitia
1859 3967 1936 4027 (m
1976 3966 2068 4027 er.)
2111 3964 2176 4016 M
2263 3960 2327 4014 10
2367 3961 2416 4015 ei
2453 3978 2554 4015 om.
2601 3960 2648 4013 0

353 4057 418 4108 11
458 4053 853 4124 praedicantem
885 4054 937 4125 L
1052 4056 1113 4107 12
1142 4053 1434 4106 mittuntur
1463 4051 1525 4105 S¹
1641 4054 1706 4106 13
1737 4068 1920 4105 eorum
1949 4051 2112 4121 pedes
2141 4050 2244 4103 Mb
2361 4052 2424 4103 14
2455 4066 2640 4119 quem-

353 4142 657 4197 ammodum
697 4144 749 4196 L
839 4146 906 4197 16
946 4146 1451 4213 contempnerentur
1488 4142 1534 4195 S
1576 4146 2083 4213 contempnerentur
2117 4140 2278 4195 LOG
2396 4139 2642 4192 fabulosa

352 4231 471 4301 (osa
504 4246 627 4301 sup.
665 4249 783 4300 erp.
823 4250 854 4285 a
890 4248 957 4286 m.
1003 4232 1053 4301 1)
1097 4232 1143 4284 Ο
1286 4230 1748 4299 adnuntiabantur
1785 4229 1832 4283 S
2010 4231 2074 4284 19
2113 4230 2377 4282 musitant
2415 4226 2642 4282 LSC¹G

354 4321 423 4373 22
467 4325 778 4375 nasceretur
815 4322 845 4373 b
1033 4320 1471 4390 prenuntiat-etur
1508 4321 1539 4373 b
1687 4320 1754 4371 24
1799 4320 2013 4373 hebreis
2057 4319 2104 4372 C
