3159 4984
1001 470 1132 523 1111.
1190 470 1480 523 Contra
1535 468 2050 523 Adimantum.
2536 472 2657 535 10¹9

372 668 588 731 oculos
631 666 906 749 corporis
948 668 1058 728 ant
1098 683 1279 728 aures
1319 664 1601 727 aliumue
1642 682 1901 728 sensum
1940 664 2273 729 carnalem.
2307 662 2417 727 sed
2446 667 2657 727 tamen

371 776 470 839 his
519 773 790 839 similia:
841 773 1009 837 sicut
1053 771 1220 836 uidit
1255 772 1485 835 Petrus
1533 770 1782 835 discum
1828 770 2011 834 illum
2060 769 2355 836 submitti
2404 790 2435 833 e
2484 771 2657 834 caelo

371 901 515 945 cum
562 880 758 945 uariis
808 878 1211 943 animalibus.
1263 896 1334 940 ex
1382 877 1504 942 hoc
1550 896 1777 961 genere
1827 882 1927 941 est
1972 877 2163 941 etiam
2202 876 2375 941 istud
2413 875 2657 943 Esaiae.

369 986 536 1069 quod
581 984 1032 1069 inperitissime
1096 984 1250 1067 inpii
1315 984 1798 1067 reprehendunt.
1864 1002 1987 1047 non
2027 984 2193 1047 enim
2234 982 2422 1047 deum
2459 982 2660 1046 forma

305 1118 328 1153 5
367 1113 662 1177 corporea
741 1092 1298 1165 circumterminat,
1383 1091 1496 1155 sed
1561 1090 2098 1173 quemadmodum
2174 1090 2461 1173 figurate,
2532 1108 2655 1151 non

277 1652 324 1687 10

270 2718 324 2756 ’20

266 3252 323 3293 25

367 1201 612 1283 proprie
659 1198 864 1265 multa
911 1197 1226 1268 dicuntur.
1275 1198 1367 1261 ita
1411 1197 1603 1262 etiam
1648 1197 1915 1280 figurate
1962 1197 2169 1261 multa
2204 1198 2653 1261 monstrantur.

365 1306 624 1369 tertium
673 1308 884 1369 autem
933 1322 1134 1387 genus
1183 1302 1450 1368 uisionis
1499 1306 1599 1367 est
1646 1301 1993 1367 secundum
2042 1301 2274 1367 mentis
2329 1302 2654 1366 intuitum.

367 1431 492 1496 quo
537 1412 865 1476 intellecta
923 1410 1312 1493 conspicitur
1364 1410 1606 1475 ueritas
1666 1412 1857 1492 atque
1914 1409 2259 1492 sapientia:
2328 1410 2463 1473 sine
2531 1430 2654 1491 quo

367 1538 592 1605 genere
639 1518 752 1581 illa
797 1518 944 1593 duo,
994 1536 1152 1599 quae
1197 1517 1374 1599 prius
1425 1516 1703 1601 exposui,
1752 1516 1859 1581 uel
1912 1515 2307 1580 infructuosa
2352 1521 2503 1581 sunt
2550 1518 2653 1580 uel

367 1628 558 1691 etiam
604 1627 670 1690 in
719 1644 990 1691 errorem
1037 1625 1322 1689 mittunt.
1392 1644 1536 1689 cum
1586 1624 1753 1689 enim
1803 1643 1895 1701 ea,
1944 1642 2103 1707 quae
2152 1624 2291 1689 siue
2338 1624 2653 1706 corporeis

367 1734 659 1798 sensibus
735 1732 872 1798 siue
945 1732 1042 1797 illi
1115 1732 1278 1815 parti
1355 1731 1630 1797 animae.
1716 1750 1876 1813 quae
1953 1732 2371 1815 corporalium
2444 1750 2653 1795 rerum

365 1839 674 1925 imagines
724 1840 914 1924 capit,
966 1839 1274 1904 diuinitus
1315 1838 1847 1911 demonstrantur,
1886 1858 2007 1902 non
2048 1839 2255 1903 solum
2297 1838 2656 1903 sentiuntur

365 1947 466 2011 his
513 1946 718 2012 modis
769 1945 880 2010 sed
937 1946 1128 2010 etiam
1187 1948 1398 2009 mente
1453 1946 1932 2029 intelleguntur,
1998 1949 2152 2010 tunc
2218 1948 2317 2009 est
2378 1944 2651 2028 peifecta

365 2052 688 2117 reuelatio.
739 2072 810 2116 ex
859 2051 980 2117 hoc
1033 2051 1222 2117 tertio
1279 2070 1505 2135 genere
1564 2055 1664 2117 est
1716 2051 1829 2117 illa
1892 2052 2078 2129 uisio,
2127 2072 2318 2136 quam
2384 2068 2653 2117 comme-

301 2186 326 2219 .-·.
365 2160 608 2225 morani
648 2160 898 2223 dicente
937 2159 1266 2243 apostolo:
1315 2158 1753 2224 inuisibilia
1800 2160 1991 2224 enim
2041 2160 2159 2224 dei
2207 2178 2243 2223 a
2290 2160 2653 2224 constitu-

359 2266 566 2331 tione
613 2266 879 2332 mundi
925 2286 1053 2351 per
1101 2286 1202 2342 ea,
1263 2286 1448 2347 quae
1503 2266 1713 2330 facta
1769 2270 1965 2337 sunt,
2024 2266 2435 2353 intellecta
2495 2285 2655 2331 con-

365 2373 819 2456 spiciuntur.
881 2374 1002 2439 hac
1047 2372 1294 2439 uisione
1339 2378 1416 2437 ut
1461 2372 1757 2437 uideatur
1802 2373 1958 2438 deus
2003 2393 2117 2456 per
2160 2373 2463 2457 pietatem
2510 2371 2654 2436 fidei

365 2484 430 2544 et
462 2498 576 2564 per
612 2480 928 2545 actionem
969 2479 1069 2544 dei
1107 2498 1358 2545 morum
1397 2479 1783 2563 optimorum
1824 2480 2014 2545 corda
2049 2480 2453 2545 mundantur.
2502 2476 2653 2561 qnid

363 2586 530 2651 enim
587 2586 828 2671 profuit
874 2586 1238 2651 Balthasari
1293 2584 1449 2670 regi.
1507 2586 1677 2667 quod
1740 2604 1997 2651 manum
2066 2587 2447 2651 scribentem
2510 2588 2653 2649 ante

363 2693 582 2759 oculos
630 2711 782 2758 suos
827 2692 890 2757 in
927 2693 1176 2777 pariete
1225 2692 1600 2776 conspexit?
1651 2692 1753 2757 cui
1798 2693 2033 2759 uisioni
2080 2693 2229 2777 quia
2275 2712 2397 2758 non
2443 2690 2657 2776 potuit

365 2798 705 2883 adiungere
770 2799 1003 2864 mentis
1070 2803 1422 2884 aspectum,
1498 2800 1842 2882 quaerebat
1904 2800 2111 2865 adhuc
2176 2800 2413 2867 uidere.
2487 2798 2656 2880 quod

363 2904 628 2969 uiderat.
670 2906 785 2969 tali
823 2908 1032 2969 autem
1075 2907 1208 2971 acie
1241 2906 1522 2981 luminis,
1555 2925 1681 2987 qua
1714 2906 1841 2971 ista
1877 2905 2355 2990 intelleguntur,
2386 2904 2655 2969 Danihel

361 3011 688 3096 praeditus
733 3014 944 3076 mente
991 3010 1178 3084 uidit,
1240 3010 1408 3093 quod
1464 3011 1574 3075 ille
1634 3010 1882 3075 uiderat
1937 3031 2213 3095 corpore.
2279 3030 2499 3077 rursus
2547 3010 2658 3075 illa

361 3122 538 3201 parte
595 3118 807 3196 animi,
869 3137 1029 3201 quae
1087 3119 1396 3202 imagines
1453 3137 1787 3201 corporum
1854 3119 2043 3203 capit,
2108 3118 2275 3183 uidit
2338 3118 2655 3185 somnium

363 3224 954 3290 Nabuchodonosor
979 3244 1118 3293 rex:
1163 3227 1229 3288 et
1265 3224 1558 3307 quoniam
1600 3244 1721 3291 non
1760 3225 2034 3290 habebat
2070 3224 2367 3291 idoneum
2398 3225 2655 3291 oculum

366 3331 598 3396 mentis
645 3331 726 3395 ad
772 3332 1003 3397 melius
1051 3331 1422 3409 uidendum,
1472 3332 1641 3414 quod
1686 3332 1953 3409 uiderat,
2010 3332 2076 3396 id
2130 3334 2232 3397 est
2288 3332 2365 3395 ad
2412 3331 2657 3396 intelle-

366 3438 640 3522 gendum
707 3438 878 3520 quod
943 3438 1212 3515 uiderat,
1270 3438 1414 3503 ideo
1471 3439 1551 3503 ad
1604 3438 2147 3521 interpretandum
2204 3440 2420 3505 uisum
2469 3456 2655 3503 suum

365 3547 694 3627 aspectum
750 3544 1070 3627 quaesiuit
1126 3544 1423 3621 alienum,
1484 3544 1769 3609 eiusdem
1830 3546 2078 3610 scilicet
2124 3545 2489 3609 Danihelis:
2558 3544 2661 3609 cni

539 3676 574 3729 2
612 3674 678 3728 cf.
715 3676 835 3729 Act.
878 3676 962 3741 11,
1000 3676 1034 3728 5
1072 3692 1150 3745 sq.
1272 3674 1340 3729 23
1379 3676 1444 3729 cf.
1483 3676 1622 3729 Dan.
1662 3676 1695 3729 5

431 3790 464 3842 4
503 3789 648 3859 quod
673 3806 718 3845 8.
747 3791 782 3845 1.
811 3808 880 3844 m.
911 3794 950 3844 2
983 3790 1034 3843 G
1143 3790 1466 3871 §figuratae
1501 3789 1572 3843 G²
1666 3791 1698 3843 6
1727 3791 1973 3861 propriae
2008 3792 2079 3844 G²
2172 3792 2205 3845 8
2236 3760 2305 3863 {d
2339 3792 2390 3843 P
2534 3806 2656 3843 cou-

323 3903 660 3989 ‘spiciuntur
696 3904 932 3959 TGSVb
969 3872 1322 3975 conspiuntur
1355 3904 1405 3959 G
1497 3868 1673 3976 adque
1704 3904 1757 3958 P
1912 3908 1945 3961 9
1984 3907 2227 4008 expo-sui]
2253 3907 2407 3978 posui
2430 3906 2462 3957 b
2570 3904 2659 3973 uel

362 4020 526 4090 etiam
567 4021 698 4087 (del.
735 4038 805 4075 m.
845 4024 910 4087 2)
947 4022 1004 4075 P
1116 4019 1184 4075 10
1203 4037 1267 4075 ea
1295 4036 1396 4075 om.
1424 4021 1472 4075 G
1493 4020 1550 4074 in
1579 4038 1645 4075 ea
1684 4022 1733 4075 V
1874 4022 2115 4091 corporei
2151 4021 2208 4074 P
2244 4020 2477 4091 corporis
2502 4018 2664 4075 GTH

363 4112 428 4163 14
475 4111 612 4165 nisio
657 4110 758 4164 illa
798 4108 1094 4163 GTCSVb
1279 4108 1344 4163 17
1391 4112 1454 4162 ut
1489 4125 1592 4165 om.
1636 4108 1933 4165 GTOSVb
2116 4109 2367 4173 uideatur
2407 4108 2459 4162 G
2506 4107 2657 4161 uide—

357 4203 446 4252 tur
488 4198 722 4253 TCSVb
867 4197 982 4267 per]
1013 4214 1132 4251 cum
1159 4213 1255 4267 per
1281 4196 1533 4261 TCSVP»,
1567 4201 1629 4265 (8.
1660 4198 1695 4251 1.
1724 4215 1791 4252 m.
1823 4202 1882 4265 2)
1910 4198 1962 4253 G
2041 4198 2106 4253 18
2136 4196 2423 4267 actionem]
2455 4196 2657 4267 agniti-

359 4330 516 4368 onem
540 4311 834 4369 Grosvb
1017 4312 1085 4365 19
1121 4278 1356 4366 banniri
1395 4310 1448 4365 P
1626 4313 1695 4367 22
1735 4314 1848 4369 acie
1887 4312 2165 4383 praeditus
2213 4310 2391 4367 daniel
2438 4310 2657 4365 luminis

362 4418 468 4471 qua
509 4401 552 4453 V
657 4402 726 4455 24
766 4418 872 4470 qua
901 4400 932 4455 b
1079 4402 1146 4455 25
1185 4401 1638 4471 nabugodonosor
1673 4400 1720 4456 0
1822 4400 2093 4473 ydoneum
2136 4402 2188 4457 V
