3159 4984
506 489 632 551 116
1219 483 1582 537 S.Aureli
1638 482 2077 553 Augustini

498 702 825 767 geneseos,
865 682 978 745 ubi
1015 682 1322 764 scriptum
1379 684 1514 745 est:
1567 683 1640 744 et
1688 679 1879 743 dixit
1924 679 2135 743 deus:
2186 678 2346 753 fiat,
2389 683 2461 743 et
2506 678 2789 741 factum

499 792 632 864 est,
682 787 780 852 illi
824 788 967 851 loco
1029 786 1364 871 euangelii,
1427 785 1537 851 ubi
1597 785 1863 850 dicitur:
1932 788 2005 849 et
2058 785 2379 849 mundus
2439 803 2569 867 per
2628 802 2791 847 eum

496 894 750 958 factus
821 895 963 959 est.
1030 892 1095 955 id
1162 894 1260 956 est
1323 911 1434 974 per
1499 892 1823 955 dominum
1891 893 2207 966 nostrum,
2278 890 2424 971 q'uia
2488 890 2625 972 ipse
2694 892 2795 952 est

495 1001 763 1065 uerbum
809 1000 1027 1083 patriS‚
1076 1018 1187 1082 per
1234 998 1403 1080 quod
1449 998 1617 1063 facta
1664 1001 1815 1063 sunt
1861 997 2089 1063 omnia.
2156 1000 2478 1080 postremo
2537 996 2592 1059 si
2648 1014 2791 1077 pro-

494 1112 712 1191 pterea
755 1107 820 1170 in
868 1106 1085 1190 genesi
1151 1124 1274 1171 non
1321 1104 1718 1188 intellegitur
1762 1104 1955 1183 filius,
2016 1103 2164 1185 quia
2208 1123 2331 1168 non
2380 1106 2481 1167 est
2526 1101 2793 1165 dict-um.
2860 1110 2887 1147 ⁵

501 1213 669 1296 quod
715 1232 827 1297 per
871 1213 1074 1276 filium
1124 1211 1280 1275 deus
1327 1210 1567 1285 fecerit,
1616 1230 1732 1276 nec
1777 1211 1841 1275 in
1882 1211 2214 1295 euangelio
2250 1230 2363 1293 per
2398 1210 2599 1274 filium
2638 1209 2798 1272 deus

499 1322 566 1385 et
633 1338 783 1384 aues
847 1319 1056 1403 pascit
1112 1322 1179 1383 eb
1232 1318 1368 1381 lilia
1424 1318 1627 1382 uestit
1683 1322 1746 1381 et
1802 1322 2010 1383 cetera
2071 1318 2576 1394 innumerabilia,
2633 1335 2797 1398 quae

492 1424 628 1508 ipse
679 1425 972 1489 (lominus
1040 1424 1195 1488 dicit
1260 1423 1449 1487 deum
1495 1423 1701 1487 facere
1774 1428 2039 1506 patrem,
2088 1425 2381 1506 quamuis
2432 1445 2551 1490 non
2602 1424 2797 1491 dicat.

495 1530 664 1612 quod
720 1548 795 1594 ea
855 1548 966 1612 per
1019 1529 1222 1593 filium
1289 1528 1499 1593 faciat.
1577 1528 1747 1609 quod
1814 1534 2027 1593 autem
2092 1530 2285 1593 etiam
2348 1529 2795 1595 testimonium

451 1638 456 1641 ’
494 1636 768 1719 apostoli
813 1635 1189 1719 adiungunt,
1239 1634 1407 1716 quod
1455 1634 1544 1698 ait
1595 1633 1671 1699 de
1718 1635 1973 1700 domino
2032 1638 2246 1700 nostro
2296 1636 2443 1700 Iesu
2494 1635 2792 1700 Christo:
2838 1643 2891 1681 ¹⁰

493 1743 665 1826 ipse
713 1744 833 1806 est
877 1740 1438 1825 primogenitus
1485 1740 1733 1805 totius
1782 1742 2205 1815 creaturam
2258 1744 2332 1805 et
2379 1741 2625 1805 omnia
2662 1760 2800 1823 per

496 1850 746 1932 ipsum
811 1846 1016 1911 facta
1085 1849 1262 1911 sunt
1319 1846 1392 1909 in
1447 1846 1686 1910 caelis
1744 1850 1818 1911 et
1875 1846 1949 1910 in
2004 1847 2251 1914 terris,
2312 1846 2661 1912 uisibilia
2718 1850 2801 1910 et

495 1953 938 2020 inuisibilia
985 1957 1050 2016 et
1093 1952 1216 2017 hoc
1263 1952 1615 2035 capitulum
1674 1952 2012 2017 aduersum
2071 1973 2212 2019 esse
2270 1954 2491 2018 dicunt
2554 1954 2799 2037 genesi,

499 2062 610 2127 ubi
659 2062 815 2126 deus
861 2060 954 2124 ita
1001 2059 1230 2125 dicitur
1274 2059 1504 2125 fecisse
1550 2060 1879 2137 mundum,
1945 2063 2017 2125 ut
2070 2060 2433 2144 specialiter
2486 2060 2657 2125 filius
2702 2060 2799 2125 ibi

497 2188 621 2234 non
671 2168 757 2233 sit
801 2167 1187 2244 nominatim.
1235 2166 1649 2231 uehementer
1696 2170 1939 2243 errant;
2000 2186 2074 2232 ea
2127 2187 2251 2233 non
2310 2167 2551 2233 uident.
2602 2166 2658 2232 si
2701 2167 2801 2231 ita
2838 2178 2894 2217 1⁵

497 2280 616 2354 est,
683 2274 896 2357 ipsum
963 2273 1324 2356 apostolum
1389 2273 1513 2337 sibi
1578 2292 1719 2338 esse
1785 2274 2186 2351 contrarium,
2256 2293 2403 2339 cum
2468 2274 2592 2338 alio
2648 2274 2805 2338 loco

494 2401 695 2446 unum
761 2380 952 2444 dicit:
1021 2398 1102 2443 ex
1167 2398 1306 2461 quo
1373 2379 1647 2457 omnia,
1714 2400 1844 2464 per
1908 2400 2125 2463 quem
2187 2381 2458 2458 omnia,
2516 2380 2589 2444 in
2647 2400 2797 2461 quo

496 2487 742 2553 omnia
778 2489 845 2551 et
879 2486 1080 2550 filium
1118 2504 1242 2550 non
1281 2486 1583 2551 nominat.
1633 2486 1949 2568 quomodo
1988 2489 2205 2551 autem
2241 2487 2347 2551 hic
2382 2486 2554 2551 filius
2592 2487 2799 2550 nomi-

499 2598 688 2659 natus
735 2612 858 2658 non
927 2595 1046 2669 est,
1094 2592 1492 2676 intellegitur
1535 2596 1771 2671 tamen,
1828 2593 1921 2657 ita
1976 2596 2041 2657 eb
2094 2593 2157 2657 in
2206 2593 2461 2677 genesi;
2530 2596 2595 2657 et
2639 2612 2799 2676 quo·

493 2700 682 2765 modo
732 2698 855 2763 sibi
899 2698 1054 2763 haec
1102 2698 1227 2764 duo
1285 2699 1566 2782 capitula
1610 2699 1795 2763 Pauli
1849 2717 1975 2764 non
2033 2699 2469 2777 aduersantur‚
2525 2699 2617 2763 ita
2672 2718 2797 2764 nec
2840 2708 2901 2747 ²⁰

497 2806 748 2890 genesis
797 2804 1152 2889 euangelio.

589 2915 648 2977 2.
698 2912 794 2977 De
843 2930 917 2977 eo
966 2912 1136 2993 quod
1183 2911 1491 2995 scriptum
1529 2916 1667 2977 est:
1718 2916 1793 2977 et
1839 2913 2397 2977 consummauit
2444 2914 2625 2979 deus
2675 2913 2801 2977 die

499 3022 709 3085 sexto
759 3018 1004 3084 omnia
1049 3036 1274 3101 opera
1321 3037 1484 3097 sua,
1543 3039 1733 3102 quae
1790 3020 2007 3097 fecit,
2066 3023 2141 3084 et
2193 3020 2267 3084 in
2318 3020 2641 3104 septimo
2690 3039 2801 3084 re-

497 3126 798 3209 quieuit
833 3126 918 3190 ab
958 3124 1245 3189 eisdem
1283 3126 1632 3191 omnibus
1672 3126 2029 3210 operibus
2062 3126 2226 3191 suis
2256 3145 2445 3208 quae
2480 3126 2799 3192 fecerat.

496 3233 646 3298 huic
695 3232 885 3297 etiam
932 3231 1074 3296 loco
1111 3232 1468 3301 Manichaei
1509 3233 1891 3298 calumniam
1938 3236 2205 3298 mouent
2251 3236 2316 3297 et
2363 3232 2583 3297 dicunt
2628 3252 2803 3297 nouo
2842 3242 2897 3283 2⁵

497 3342 878 3403 testamento
965 3340 1316 3417 aduersari,
1393 3342 1561 3423 quod
1633 3341 1697 3405 in
1764 3341 1981 3425 genesi
2058 3340 2363 3424 scriptum
2430 3344 2531 3406 est
2605 3340 2801 3404 deum

499 3445 767 3528 septimo
819 3446 920 3511 die
967 3446 1362 3527 requieuisse
1413 3448 1489 3511 ab
1540 3448 1835 3513 omnibus
1884 3448 2180 3531 operibus
2230 3448 2384 3523 suiS‚
2425 3466 2585 3530 quae
2621 3446 2802 3525 fecit,

676 3634 704 3687 7
755 3635 818 3690 cf.
867 3636 1063 3689 Matth.
1111 3636 1160 3701 6,
1209 3636 1278 3689 26
1326 3654 1441 3706 sqq.
1593 3638 1655 3691 11
1707 3637 1821 3691 Col.
1878 3637 1924 3700 1,
1970 3638 2034 3691 15
2074 3654 2153 3706 sq.
2306 3636 2370 3690 17
2408 3638 2559 3689 Rom.
2600 3638 2687 3699 11,
2728 3637 2802 3690 36

497 3724 566 3776 22
606 3722 739 3777 Gen.
779 3725 828 3787 2,
867 3724 901 3776 2

572 3848 596 3899 1
623 3853 750 3914 post
777 3846 980 3901 factum
1011 3850 1096 3899 est
1124 3852 1283 3915 repet.
1313 3844 1392 3900 ibi
1419 3864 1637 3900 necesse
1668 3853 1752 3900 est
1786 3864 1897 3916 sqq.
1920 3836 1991 3900 'V
2096 3848 2126 3901 7
2167 3850 2336 3903 uestit
2378 3850 2440 3912 (ti
2483 3850 2541 3902 in
2576 3853 2713 3915 raa.)
2744 3847 2809 3901 P

499 3935 531 3988 8
572 3940 627 3989 et
665 3942 872 4006 patrem
910 3936 964 3987 P
1072 3938 1104 3990 9
1145 3936 1306 3990 satiat
1348 3936 1396 3989 Ο
1536 3937 1701 3991 etiam
1740 3954 1839 3991 om.
1884 3936 1932 3990 0
2040 3936 2108 3991 10
2143 3938 2397 4008 adiungit
2434 3938 2465 3991 b
2608 3941 2800 3991 nostro

497 4068 598 4105 om.
637 4050 693 4102 P
801 4052 864 4104 11
907 4010 1310 4121 ρῐίιηοὲεῐιίζὶβ]
1347 4052 1426 4104 P²
1569 4052 1745 4105 tocius
1789 4052 1837 4105 Ο
1867 4069 1968 4106 οηι.
1997 4052 2053 4105 P
2164 4054 2229 4106 12
2268 4054 2416 4107 caelo
2456 4052 2539 4106 Vb
2684 4056 2801 4106 ter-

495 4155 554 4192 ra
581 4136 631 4191 T
641 4137 814 4192 VGSb
927 4140 993 4191 15
1025 4142 1108 4208 ea]
1140 4144 1195 4193 et
1221 4140 1256 4192 b
1369 4140 1433 4192 19
1455 4157 1545 4208 pr.
1577 4143 1634 4194 et
1660 4157 1761 4194 om.
1790 4141 1847 4193 P
1952 4141 2020 4194 20
2050 4141 2405 4197 aduersentur
2426 4143 2456 4195 b
2566 4142 2633 4194 22
2666 4158 2797 4194 con-

495 4228 824 4296 sumpmauit
889 4226 942 4280 V
1043 4228 1112 4281 23
1152 4230 1322 4297 sexto]
1381 4232 1530 4281 sexto
1572 4229 1603 4281 b
1664 4230 1745 4292 (in
1783 4246 1881 4299 my.
1924 4230 1998 4283 al.
2040 4230 2292 4299 septimo.)
2442 4246 2543 4295 pro
2580 4245 2799 4299 quae—-

496 4315 698 4369 fecerat
743 4315 792 4367 T
825 4321 874 4369 et
911 4322 1086 4369 cetera
1285 4318 1352 4368 24
1388 4316 1597 4370 hisdem
1636 4316 1692 4369 P
1904 4318 2154 4387 operibus
2195 4318 2399 4371 eisdem
2438 4318 2468 4370 b
2678 4316 2803 4370 suis

496 4418 599 4457 om.
649 4402 882 4455 TCSVb
992 4404 1060 4457 25
1100 4404 1458 4473 calumpniam
1507 4405 1560 4458 V
1665 4406 1731 4458 27
1770 4407 2101 4476 requieuisse
2141 4408 2372 4477 septimo
2413 4406 2501 4460 die
2552 4406 2600 4457 V
