3159 4984
870 478 960 533 VI.
1018 478 1307 534 Contra
1360 479 1726 533 Faustum
1785 480 1915 533 lib.
1973 479 2156 533 XIIII.
2553 484 2677 547 401

392 673 669 755 palmam
716 692 1025 757 supernae
1072 674 1423 739 uocationis
1472 674 1900 738 extendentes.
1973 674 2048 737 de
2094 674 2277 738 libris
2331 674 2494 737 enim
2544 694 2685 758 pro-

392 779 664 863 pheticis
694 779 991 861 quiddam
1022 799 1167 845 cum
1196 784 1760 846 commemorasset
1791 780 2141 863 apostoluS,
2177 781 2346 845 sicut
2382 782 2687 863 scriptum

398 890 533 952 est:
606 887 1009 967 obprobria
1074 887 1697 969 obprobrantium
1758 887 1904 951 tibi
1961 886 2406 950 ceciderunt
2461 906 2687 970 super

394 1013 534 1069 me,
605 994 902 1058 continuo
970 995 1302 1078 subiungit
1358 995 1708 1058 utilitatem
1766 994 2020 1058 diuinae
2075 993 2408 1057 lectionis:
2475 1012 2686 1075 quae-

329 1122 355 1161 5
400 1119 720 1182 cumque
769 1102 963 1165 enim
1012 1106 1181 1165 ante
1231 1102 1521 1183 scripta
1569 1104 1764 1177 sunt,
1813 1100 2043 1181 inquit,
2085 1102 2169 1163 ut
2211 1118 2346 1164 nos
2394 1099 2686 1165 docere-

391 1228 577 1276 mur,
630 1209 923 1292 scripta
960 1214 1155 1284 sunt,
1198 1212 1280 1272 ut
1314 1228 1444 1291 per
1479 1208 1933 1291 patientiam
1975 1210 2048 1272 et
2086 1206 2686 1273 consolationem

394 1314 947 1397 scripturarum
998 1334 1201 1398 spem
1246 1315 1660 1380 habeamus
1711 1314 1798 1378 ad
1844 1314 2080 1378 deum.
2151 1314 2262 1379 sed
2311 1314 2688 1379 contradicit

392 1420 690 1485 Faustus.
759 1421 871 1485 fiat
937 1440 1083 1505 ergo
1150 1422 1266 1489 illi.
1336 1422 1503 1503 quod
1563 1421 1720 1484 dicit
1773 1421 2054 1485 Paulus:
2123 1420 2186 1485 si
2243 1420 2412 1502 quis
2467 1418 2686 1484 uobis

396 1528 1059 1611 euangelizauerit
1130 1532 1654 1611 praeterquam
1737 1528 1933 1609 quod
2009 1526 2458 1609 accepistis,
2528 1544 2685 1589 ana-

307 1654 357 1691 10
393 1634 647 1697 thema
694 1634 814 1699 sit.

1060 1928 1277 1983 LIBER
1315 1928 1644 1995 QUARTUS
1681 1926 2025 1982 DECIMUS.

486 2042 543 2101 1.
619 2037 948 2107 FAUSTUS
1005 2037 1196 2102 dixit:
1274 2034 1478 2115 Quare
1533 2036 1800 2121 Moysen
1859 2056 1984 2102 non
2044 2033 2387 2119 accipitis?
2451 2033 2683 2101 amoris

393 2144 776 2227 pietatisque
845 2162 1057 2221 causa,
1125 2164 1250 2226 qua
1313 2144 1583 2208 colimus
1632 2142 1977 2207 Christum.
2047 2142 2192 2226 quis
2252 2141 2417 2207 enim
2473 2142 2685 2205 inreli-

396 2252 614 2335 giosus
662 2251 816 2315 adeo
866 2255 986 2328 est,
1034 2254 1109 2315 ut
1154 2271 1299 2315 eum
1347 2250 1620 2314 libenter
1655 2250 1944 2334 aspiciat,
1986 2248 2095 2332 qui
2133 2269 2250 2317 suo
2290 2248 2686 2313 maledixerit

307 2398 361 2435 15
394 2358 607 2441 patri?
682 2362 1064 2441 quapropter
1130 2362 1195 2421 et
1256 2378 1372 2423 nos
1438 2358 1744 2441 Moysen,
1813 2376 2196 2439 quamquam
2264 2357 2686 2459 humanorum

394 2464 556 2528 nulli
617 2483 921 2546 umquam
989 2463 1473 2546 diuinorumque
1538 2463 1894 2547 pepercerit
1955 2462 2474 2547 blasphemando,
2539 2464 2684 2545 plus

393 2572 605 2634 tamen
651 2570 800 2635 hinc
850 2590 1227 2643 execramur,
1276 2571 1445 2653 quod
1484 2570 1807 2635 Christum
1857 2570 2061 2634 filium
2110 2570 2230 2643 dei,
2280 2569 2391 2651 qui
2435 2572 2684 2633 nostrae

396 2676 622 2740 salutis
669 2676 873 2760 gratia
908 2676 1209 2759 pependit
1243 2676 1305 2739 in
1345 2677 1538 2760 ligno.
1580 2676 1714 2741 diro
1755 2676 2118 2740 deuotionis
2159 2674 2450 2739 conuicio
2488 2675 2686 2737 laces-

397 2782 587 2857 siuit;
636 2785 850 2846 utrum
897 2783 1141 2858 uolens,
1190 2802 1267 2846 an
1316 2802 1487 2857 casu,
1536 2782 1798 2847 uideris.
1848 2784 2071 2846 neutro
2113 2781 2280 2844 enim
2321 2780 2548 2844 horum
2588 2800 2684 2843 ex-

306 2930 359 2967 20
398 2896 655 2954 cusatus
704 2890 843 2966 erit,
888 2893 965 2954 ut
1033 2890 1511 2955 commendatus
1570 2892 1800 2955 debeat
1849 2889 2068 2973 accipi.
2137 2888 2226 2953 ait
2274 2888 2441 2952 enim
2487 2888 2680 2951 male-

399 2996 639 3060 dictum
690 3014 829 3059 esse
888 3014 1159 3070 omnem,
1219 2996 1326 3077 qui
1380 2996 1616 3078 pendet
1670 2998 1734 3060 in
1790 2998 1986 3079 ligno,
2053 2995 2222 3059 hunc
2271 3014 2416 3077 ergo
2464 2995 2536 3057 tu
2583 2993 2684 3057 uis

396 3105 471 3165 ut
534 3102 862 3185 accipiam,
930 3102 1079 3166 huic
1142 3106 1217 3165 ut
1282 3101 1549 3177 credam,
1618 3122 1760 3167 cum
1820 3103 1876 3167 si
1933 3101 2189 3165 diuinus
2245 3100 2387 3174 fuit,
2437 3100 2688 3163 constet

398 3228 539 3271 eum
582 3209 887 3273 scientem
927 3209 1373 3291 nolentemque
1412 3210 1813 3275 maledixisse
1847 3209 2138 3283 Christ03
2180 3206 2234 3271 si
2273 3226 2423 3272 uero
2461 3206 2683 3270 nolens

574 3451 607 3503 3
644 3452 731 3505 Ps.
770 3452 856 3517 68,
895 3453 963 3506 10
1072 3455 1107 3506 4
1142 3453 1295 3507 Rom.
1336 3452 1419 3514 15,
1460 3454 1493 3504 4
1602 3454 1637 3507 8
1676 3450 1794 3505 Gal.
1833 3454 1882 3507 1.
1922 3452 1954 3503 9
2065 3451 2131 3503 21
2175 3449 2240 3503 cf.
2280 3449 2444 3503 Deut.
2485 3451 2571 3513 21,
2609 3448 2680 3501 23

471 3603 497 3654 1
526 3602 733 3671 palmas
762 3602 865 3656 Mb
1008 3620 1235 3674 superne
1275 3604 1429 3672 (add.
1466 3620 1536 3659 m.
1568 3604 1602 3657 2
1628 3620 1672 3658 ε.
1712 3602 1770 3672 Ζ.)
1801 3602 1847 3656 S
1985 3600 2323 3654 auocationis
2363 3598 2409 3653 S
2513 3598 2544 3650 3
2584 3596 2680 3650 ob-

396 3691 611 3761 propria
654 3692 705 3745 L
896 3690 1237 3761 opbrantium
1282 3694 1390 3746 Lc'
1575 3692 1611 3745 5
1658 3696 1782 3746 ante
1830 3708 1931 3745 om.
1979 3688 2080 3744 SG
2277 3705 2374 3741 nos
2420 3691 2482 3757 (s.
2535 3688 2592 3751 l.)
2642 3687 2686 3737 (J

398 3777 705 3833 doceremus
736 3780 835 3834 Sc}
942 3782 976 3833 6
1014 3782 1214 3851 scripta
1251 3784 1378 3835 sunt
1405 3798 1506 3835 om.
1538 3781 1583 3833 C
1690 3780 2012 3850 pacientiam
2047 3778 2092 3831 C
2197 3780 2229 3831 9
2267 3780 2608 3847 preterquam
2641 3774 2686 3825 C

468 3868 535 3920 12
580 3866 715 3937 Cap.
754 3870 985 3922 XXVIII
1023 3870 1257 3923 LPGM
1292 3870 1447 3924 XXII
1485 3870 1531 3924 S
1636 3871 1703 3924 13
1743 3870 1886 3923 enim
1923 3886 2024 3923 om.
2055 3866 2102 3921 S
2240 3864 2566 3935 inreligiosis
2593 3863 2682 3916 Pb

397 3958 467 4009 14
504 3958 637 4011 adeo
686 3962 737 4027 (e
782 3976 825 4012 ε.
874 3958 932 4025 Ζ.)
981 3959 1027 4012 S
1068 3958 1168 4013 ado
1215 3959 1323 4013 PG
1442 3960 1670 4029 aspitiat
1713 3958 1779 4010 M
1838 3958 2070 4028 accipiat
2125 3958 2213 4025 (m.
2261 3956 2294 4007 2
2341 3969 2406 4007 ωε
2455 3952 2683 4022 aspiciat

394 4047 548 4111 naut.)
596 4048 649 4101 L
820 4049 885 4101 16
933 4046 1377 4117 diuinorumquae
1429 4047 1577 4101 1186-
1616 4046 2024 4116 diuinorumq'}.'
2287 4041 2569 4113 pepererit
2617 4040 2678 4095 8¹

396 4134 637 4202 pepercit
677 4134 750 4188 θ’
861 4136 927 4188 17
963 4136 1109 4204 hinc]
1146 4136 1269 4189 huic
1306 4138 1338 4189 b
1481 4143 1753 4191 execratur
1799 4140 1840 4187 (l
1949 4135 2014 4188 18
2054 4132 2246 4203 gratia]
2289 4136 2389 4199 gr—a.
2433 4130 2480 4183 C
2522 4145 2700 4182 causa·

396 4224 549 4291 (add.
603 4240 645 4279 8.
704 4226 739 4280 l.
793 4244 862 4281 m.
920 4226 973 4295 2)
1030 4227 1155 4290 SM,
1213 4244 1315 4283 om.
1372 4228 1483 4283 LG
1638 4229 1767 4297 dyro
1818 4226 1989 4281 SGM
2041 4225 2155 4278 diro
2205 4223 2244 4293 (i
2289 4222 2352 4273 in
2395 4238 2506 4275 ras.
2555 4235 2618 4271 ec
2644 4236 2681 4289 y

393 4314 551 4379 fact.)
570 4314 621 4366 L
767 4315 1133 4370 denotationis
1170 4316 1217 4370 C
1319 4318 1555 4371 conuitio
1592 4316 1709 4371 CM
1820 4318 1879 4371 19
1918 4320 1979 4369 tu
2017 4312 2220 4367 uideris
2245 4311 2275 4363 b
2385 4310 2454 4361 20
2495 4310 2680 4375 utlmt

397 4404 451 4471 (a
488 4402 581 4473 er.)
617 4403 718 4458 LS
751 4411 847 4459 aut
890 4406 1093 4461 c'MGb
1238 4414 1301 4461 ut
1339 4407 1510 4477 accipi
1548 4405 1746 4462 debeat
1779 4408 1825 4459 (J

508 4526 638 4567 XXV.
666 4527 786 4578 Aug.
818 4532 929 4568 sect.
958 4528 997 4568 6.
2397 4508 2466 4559 26
