3159 4984
436 460 571 522 424
1148 459 1199 513 S.
1262 458 1534 512 Aureli
1589 458 2024 526 Augustini

530 654 591 716 5.
638 653 776 717 Iam
824 653 991 717 enim
1038 654 1195 717 mihi
1242 653 1321 718 ad
1367 656 1431 718 te
1482 655 1581 718 est
1627 672 1854 729 sermo,
1903 654 2278 718 Manichaea
2325 656 2738 738 congregatio

436 758 647 837 fallax,
690 764 754 825 et
798 760 1069 826 fallaciis
1116 744 1427 841 inuoluta.
1474 760 1648 825 itane
1693 760 2058 825 multinuba
2105 762 2203 824 tot
2250 760 2581 824 elementis
2631 762 2738 825 uel

435 867 653 949 potius
700 867 994 932 meretrix
1038 867 1388 950 prostituta
1434 868 1784 932 daemoniis
1834 871 1899 931 et
1955 867 2284 951 sacrilegis
2340 867 2737 932 uanitatibus

435 973 850 1058 inpraegnata
886 974 1081 1039 audes
1121 974 1598 1040 matrimonium
1636 974 2024 1039 catholicum
2063 973 2303 1039 domini
2339 973 2438 1037 tui
2477 973 2738 1038 crimine

433 1079 851 1163 inpudicitiae
914 1080 1190 1145 lacerare
1212 1083 1243 1143 P
1310 1081 1575 1145 ostende
1631 1080 1815 1146 nobis
1869 1080 2174 1145 moechos
2229 1083 2400 1157 tuos,
2459 1081 2735 1164 splendi-
2803 1112 2837 1150 5

435 1189 761 1251 tenentem
814 1186 1300 1270 ponderatorem
1358 1190 1423 1253 et
1474 1186 1804 1253 Atlantem
1858 1187 2254 1252 laturarium.
2305 1187 2509 1252 illum
2567 1188 2734 1252 enim

438 1291 599 1358 dicis
630 1292 840 1376 capita
866 1294 1326 1359 elementorum
1355 1297 1572 1359 tenere
1604 1294 2041 1376 mundumque
2081 1294 2498 1378 suspendere;
2538 1294 2735 1359 istum

438 1402 656 1465 autem
712 1419 879 1485 genu
935 1400 1055 1465 fixo
1113 1402 1393 1484 scapulis
1448 1401 1683 1466 ualidis
1733 1402 2138 1466 subbaiulare
2185 1404 2429 1465 tantam
2476 1403 2736 1478 molem,

438 1508 662 1589 utique
728 1527 807 1573 ne
868 1508 980 1573 ille
1047 1507 1318 1573 deficiat.
1385 1507 1500 1572 ubi
1564 1511 1718 1573 sunt
1779 1508 1941 1573 isti?
2009 1508 2118 1591 qui
2175 1508 2231 1573 si
2284 1527 2434 1572 uere
2500 1512 2736 1575 essent.

436 1612 687 1695 quando
738 1614 817 1678 ad
862 1620 927 1679 te
974 1614 1267 1679 uenirent
1313 1615 1610 1698 occupati
1655 1617 1830 1679 tanto
1879 1615 2136 1699 negotio
2161 1618 2190 1678 P
2248 1616 2498 1697 quando
2547 1616 2626 1679 ad
2673 1619 2738 1679 te
2779 1647 2838 1685 ω

434 1720 765 1799 intrarent,
822 1723 899 1785 ut
950 1720 1184 1786 blanda
1238 1739 1428 1785 manu
1484 1724 1602 1786 tua
1661 1725 1726 1786 et
1801 1722 2007 1787 otioso
2063 1741 2225 1805 pane
2274 1722 2546 1786 delicata
2589 1725 2740 1805 post

434 1831 689 1893 tantum
751 1828 1036 1893 laborem
1102 1828 1288 1892 alteri
1352 1827 1621 1912 digitos,
1687 1828 1872 1893 alteri
1935 1828 2238 1893 humeros
2305 1827 2684 1893 confricares
2707 1834 2736 1892 ἱ)

436 1934 550 1999 sed
595 1935 829 1999 fallunt
873 1938 938 2000 te
986 1935 1157 1999 mala
1203 1934 1553 2011 daemonia,
1604 1954 1766 2017 quae
1803 1936 2018 1999 tecum
2059 1938 2440 2013 scortantur,
2479 1938 2555 1999 ut
2591 1956 2736 1999 con-

438 2041 636 2125 cipias
683 2042 1013 2107 mendacia
1060 2044 1125 2106 et
1167 2041 1376 2125 parias
1422 2042 1890 2125 phantasmata.
1949 2061 2063 2106 cur
2108 2060 2256 2126 ergo
2304 2060 2427 2107 non
2476 2061 2738 2126 respuas

438 2148 840 2233 diptychium
905 2149 1043 2213 ueri
1109 2148 1230 2225 dei,
1296 2149 1429 2213 tuis
1493 2149 1880 2214 membranis
1936 2149 2290 2225 inimicum,
2349 2149 2580 2230 quibus
2635 2151 2738 2213 tot
2785 2180 2847 2221 ιε»

434 2255 635 2320 falsos
696 2255 848 2320 deos
905 2256 1219 2320 adamasti
1274 2259 1486 2320 mente
1542 2256 1927 2340 uagabunda
1980 2274 2092 2339 per
2147 2256 2453 2340 figmenta
2499 2255 2737 2338 cogita-

433 2362 685 2428 tionum
740 2366 1019 2439 tuarum‚
1082 2361 1314 2444 quibus
1377 2363 1591 2427 omnia
1642 2364 1895 2446 poetica
1948 2362 2280 2427 mendacia
2335 2361 2628 2445 grauiora
2673 2365 2740 2425 et

431 2469 797 2535 honestiora
842 2470 1253 2552 reperientur,
1301 2470 1410 2533 uel
1455 2469 1577 2533 hoc
1626 2472 1816 2547 certe,
1867 2469 2038 2551 quod
2077 2468 2245 2551 apud
2281 2472 2502 2552 poetas
2540 2468 2738 2533 nemi-

432 2594 578 2639 nem
627 2575 885 2659 decipit,
922 2576 1063 2659 ipsa
1096 2576 1409 2659 professio
1446 2574 1774 2651 falsitatis,
1810 2576 1874 2640 in
1913 2575 2096 2640 libris
2136 2577 2352 2639 autem
2388 2575 2520 2639 tuis
2556 2578 2740 2638 tanta

433 2682 828 2746 fallaciarum
875 2684 1065 2749 turba-
1118 2684 1396 2767 pueriles
1446 2686 1511 2747 et
1554 2683 1618 2747 in
1671 2683 1930 2747 senibus
1979 2684 2224 2747 animas
2271 2682 2524 2747 nomine
2570 2682 2734 2745 ueri·
2779 2713 2846 2751 zo

432 2789 586 2854 tatis
623 2790 891 2855 inlectas
928 2790 1401 2856 miserabilibus
1442 2790 1794 2872 corrumpit
1830 2789 2167 2865 erroribuS‚
2200 2808 2346 2853 cum
2379 2788 2737 2872 prurientes

435 2898 716 2973 auribus,
784 2897 955 2963 sicut
1018 2897 1350 2980 apostolus
1417 2897 1594 2972 dicit,
1655 2900 1721 2961 et
1775 2914 1812 2959 a
1866 2895 2138 2961 ueritate
2196 2895 2488 2959 auditum
2545 2914 2740 2959 suum

435 3007 797 3071 auertentes
865 3004 941 3068 ad
1007 3004 1257 3069 fabulas
1324 3005 1835 3072 conuertuntur?
1911 3002 2230 3087 quomodo
2301 3022 2448 3086 ergo
2515 3020 2736 3066 sanam

616 3204 684 3257 23
724 3203 791 3257 cf.
834 3206 880 3259 11
918 3203 1057 3259 Tim.
1094 3204 1149 3269 4,
1186 3207 1221 3257 4

511 3374 541 3424 1
565 3370 729 3425 michi
753 3370 802 3425 C'
938 3372 1223 3427 manichea
1239 3372 1394 3427 LSG
1502 3374 1537 3426 2
1564 3373 1849 3428 fallacibus
1879 3374 1938 3439 S,
1970 3375 2063 3445 (bu
2091 3390 2134 3429 s.
2167 3375 2226 3432 Ζ.)
2261 3372 2312 3426 G
2423 3372 2455 3425 3
2485 3371 2669 3441 pocius
2697 3368 2750 3422 G

438 3460 702 3515 demoniis
756 3461 804 3515 0
987 3464 1024 3516 4
1058 3462 1399 3533 impregnata
1450 3463 1550 3517 SG
1777 3464 2180 3518 matrimonium
2241 3468 2304 3527 (8.
2363 3463 2398 3517 l.
2455 3478 2524 3513 m.
2582 3458 2640 3518 2)
2695 3459 2752 3512 G'

436 3553 471 3607 5
508 3552 885 3623 impudiciciae
928 3553 977 3608 G
1186 3555 1402 3609 mechos
1445 3558 1493 3610 C
1697 3556 2259 3627 splendidetenentem
2302 3555 2388 3609 Gb
2425 3556 2737 3626 splendide-

435 3645 713 3697 tenentem
770 3642 893 3698 821>
943 3643 1483 3715 splendisstenentem
1541 3645 1629 3715 (de
1685 3646 1777 3715 er.)
1815 3644 1945 3699 LM
2047 3646 2080 3699 6
2127 3645 2426 3699 athlantem
2463 3644 2739 3699 LOSGM

436 3732 751 3785 laterarium
798 3732 848 3795 (e
898 3747 1033 3786 corr.
1082 3748 1151 3785 ex
1195 3735 1252 3801 u)
1299 3732 1374 3785 M
1515 3734 1544 3785 7
1593 3733 1770 3803 capite
1819 3733 1894 3787 L·
1959 3733 2488 3805 caputlselemtorum
2543 3737 2628 3801 <ut
2676 3736 2742 3787 in

436 3822 575 3889 ras.)
614 3820 690 3874 M
837 3822 869 3875 8
908 3822 1040 3875 flexo
1080 3821 1111 3874 b
1266 3821 1571 3876 subaiulare
1617 3822 1681 3876 0¹
1825 3826 2038 3877 tantum
2077 3822 2202 3877 S'G
2325 3824 2391 3877 10
2427 3824 2653 3893 negocio
2699 3822 2750 3877 0

442 3912 507 3965 11
548 3910 825 3965 adtrarent
861 3910 985 3965 8¹6
1022 3909 1358 3964 attraherent
1395 3909 1461 3964 18¹²
1605 3911 1786 3966 ociosa
1819 3912 1981 3982 plane
2017 3912 2064 3965 C
2171 3914 2237 3965 12
2271 3911 2526 3965 humoros
2563 3916 2626 3983 (s.
2649 3928 2740 3980 pr.

444 4016 473 4051 o
513 4014 552 4051 a
588 4014 655 4055 m.
694 4000 717 4052 1
766 4006 813 4062 e>
851 3997 905 4052 L
1050 3998 1119 4053 13
1154 3998 1295 4051 male
1335 3998 1582 4052 demonia
1628 3998 1675 4052 0
1817 4001 1882 4053 14
1919 3998 2198 4053 mendacia
2235 3999 2310 4052 L¹
2490 4000 2667 4070 paries
2705 3999 2744 4052 b

443 4104 582 4158 quur
617 4087 671 4140 L
819 4088 883 4142 15
922 4086 1220 4158 dypticium
1258 4086 1312 4140 L
1358 4086 1609 4158 dypticeu
1676 4088 1723 4142 Ο
1866 4090 1931 4142 16
1996 4094 2210 4143 tuarum
2259 4088 2649 4159 cogitationum
2695 4086 2749 4141 0

446 4175 511 4228 1⁷
547 4175 824 4231 mendatia
867 4175 915 4230 G
1046 4178 1115 4231 18
1150 4176 1523 4231 honesteriora
1559 4177 1659 4232 SG
1697 4177 2008 4232 honestiora
2048 4177 2104 4246 (h
2143 4193 2185 4231 ε.
2227 4178 2283 4243 l.)
2323 4178 2397 4229 M
2429 4176 2744 4231 honestiora

442 4265 485 4333 (i
531 4266 597 4318 in
638 4266 775 4333 ran.)
830 4264 877 4319 0
1016 4266 1390 4335 repperientur
1433 4266 1768 4322 L¹PSGMb
1915 4267 1984 4322 20
2031 4267 2290 4321 inseniles
2339 4266 2439 4337 (les
2492 4266 2622 4321 add.
2673 4284 2742 4319 m.

440 4353 499 4420 2)
536 4352 589 4405 L
697 4354 765 4408 23
806 4357 1055 4409 auertens
1094 4353 1158 4409 8¹
1324 4358 1707 4411 conuertentur
1759 4356 1941 4411 L¹Mb
2089 4372 2279 4425 *aergo
2317 4356 2380 4421 (il
2417 4358 2508 4416 er.)
2555 4357 2602 4409 0
