3159 4984
487 460 615 523 596
1180 458 1231 507 S.
1289 454 1561 507 Aureli
1621 451 2046 521 Augustini

484 648 637 711 tiam
688 648 963 732 cogitare
1010 647 1235 712 nostis.
1286 645 1400 710 sed
1447 646 1523 709 de
1569 643 1924 728 praeceptis
1975 646 2038 707 et
2085 641 2499 707 sacramentis
2549 641 2788 705 ueteris

484 754 855 819 testamenti
902 773 1087 838 saepe
1135 772 1208 817 ac
1245 753 1452 816 multa
1486 752 1615 815 iam
1655 750 1948 827 diximuS,
1987 750 2062 813 ut
2096 748 2576 832 intellegeretur
2613 747 2788 811 aliud

485 862 573 925 ibi
611 861 834 937 fuisse,
867 861 1037 943 quod
1072 879 1185 943 per
1221 860 1490 943 gratiam
1526 858 1680 924 noui
1715 858 2085 922 testamenti
2121 856 2408 921 faciendo
2450 855 2794 921 donaretur

486 967 876 1051 inplendum,
926 966 1118 1042 aliud,
1176 966 1347 1047 quod
1401 984 1513 1048 per
1567 964 1903 1029 ueritatem
1960 963 2344 1046 patefactam
2399 961 2790 1027 remouendo

488 1074 1026 1138 demonstraretur
1069 1072 1421 1155 inpletum:
1472 1090 1619 1135 cum
1665 1070 1762 1134 dei
1805 1074 1870 1135 et
1904 1069 2169 1152 proximi
2208 1068 2550 1134 dilectione
2589 1067 2792 1133 susci·
2863 1088 2896 1126 5

488 1182 743 1262 peretur
768 1178 932 1261 legis
964 1176 1345 1261 perficienda
1379 1176 1764 1259 praeceptio,
1805 1175 2306 1240 circumcisionis
2346 1178 2564 1239 autem
2601 1176 2796 1256 atque

490 1286 756 1351 aliorum
804 1285 981 1348 illius
1028 1284 1333 1367 temporis
1382 1285 1917 1348 sacramentorum
1961 1282 2316 1347 cessatione
2356 1281 2799 1346 ostenderetur

489 1393 651 1477 legis
698 1392 1025 1475 persoluta
1061 1390 1418 1473 promissio.
1467 1392 1876 1473 praeceptum
1925 1388 2158 1471 quippe
2204 1406 2346 1453 reos
2393 1388 2668 1452 faciebat
2713 1386 2798 1450 ad

492 1496 969 1563 desiderandam
1016 1497 1309 1570 salutem,
1355 1494 1742 1578 promissum
1792 1497 2006 1559 autem
2043 1494 2280 1578 figuras
2319 1492 2680 1558 celebrabat
2715 1492 2802 1555 ad

492 1604 948 1687 expectandum
1015 1603 1421 1679 saluatorem,
1488 1604 1564 1665 ut
1625 1620 1740 1684 per
1801 1601 2148 1665 aduentum
2213 1600 2365 1667 noui
2426 1598 2806 1664 testamenti
2844 1621 2902 1659 ιο

492 1712 638 1775 illos
683 1711 981 1775 liberaret
1026 1709 1230 1794 gratia
1275 1709 1525 1785 donata,
1572 1708 1720 1772 illas
1759 1708 2033 1773 auferret
2068 1708 2306 1772 ueritas
2343 1705 2609 1770 reddita.
2657 1706 2806 1787 ipsa

492 1818 661 1881 enim
725 1818 843 1884 lex,
910 1834 1071 1898 quae
1136 1835 1248 1898 per
1301 1816 1570 1898 Moysen
1631 1815 1779 1879 data
1835 1818 1953 1892 est,
2013 1814 2216 1897 gratia
2274 1816 2340 1877 et
2391 1812 2631 1876 ueritas
2689 1830 2808 1894 per

493 1923 711 1988 Iesum
752 1922 1076 1987 Christum
1124 1921 1297 1986 facta
1342 1925 1477 1986 est:
1528 1922 1734 2005 gratia
1779 1920 2046 1997 scilicet,
2093 1924 2169 1985 ut
2215 1920 2360 1983 data
2402 1918 2812 2002 indulgentia

491 2032 917 2113 peccatorum,
967 2028 1134 2110 quod
1180 2031 1590 2111 praeceptum
1639 2037 1790 2107 erat,
1841 2046 1912 2091 ex
1971 2026 2073 2091 dei
2127 2026 2291 2092 dono
2350 2024 2807 2110 custodiretur,

494 2136 731 2199 ueritas
790 2138 1025 2211 autem,
1080 2138 1157 2198 ut
1210 2135 1422 2199 ablata
1482 2134 1925 2199 obseruatione
1981 2133 2368 2209 umbrarum,
2437 2131 2606 2213 quod
2663 2150 2810 2213 pro·
2855 2156 2906 2195 15

498 2242 767 2305 missum
821 2244 973 2317 erat,
1024 2259 1093 2305 ex
1142 2241 1243 2305 dei
1291 2240 1415 2305 fide
1462 2243 1991 2323 praesentaretur.

589 2350 647 2411 7.
695 2346 966 2413 Proinde
1014 2347 1146 2423 isti,
1187 2348 1297 2429 qui
1335 2365 1427 2426 ea,
1468 2365 1629 2429 quae
1666 2365 1789 2411 non
1824 2347 2230 2431 intellegunt,
2269 2344 2812 2429 reprehendentes

496 2456 734 2538 lepram
786 2454 888 2517 uel
936 2454 1215 2518 scabiem
1256 2473 1369 2519 seu
1408 2472 1708 2518 uerrucas
1744 2454 1908 2539 legis
1949 2474 2090 2520 esse
2130 2454 2350 2518 dicunt
2384 2452 2812 2536 promissiuas

498 2562 733 2645 figuras
784 2563 1343 2636 sacramentorum,
1393 2560 1634 2624 similes
1685 2563 1838 2645 sunt
1879 2560 2266 2636 hominibus,
2307 2560 2537 2641 quibus
2588 2560 2813 2642 displi-

501 2672 645 2730 cent
710 2686 819 2739 ea,
891 2684 1159 2748 quorum
1226 2684 1349 2729 non
1417 2665 1676 2747 capiunt
1738 2664 2122 2740 utilitatem3
2199 2665 2383 2728 uelut
2448 2666 2504 2729 si
2571 2665 2814 2729 surdus
2855 2690 2912 2730 20

500 2771 728 2837 uidens
768 2772 1011 2836 moueri
1040 2772 1212 2835 labia
1238 2771 1661 2853 loquentium,
1690 2774 2019 2853 tamquam
2048 2772 2402 2855 superfluos
2434 2772 2560 2837 oris
2589 2776 2816 2836 motus

507 2878 947 2960 deformesque
999 2877 1523 2962 reprehenderet;
1592 2878 1698 2941 uel
1755 2879 1811 2943 si
1867 2880 2205 2961 quisquam
2262 2896 2488 2943 caecus
2551 2878 2818 2942 laudata

506 2986 632 3050 sibi
698 2984 913 3066 aliqua
977 2984 1164 3049 domo
1231 2986 1435 3050 uellet
1497 2985 1810 3069 palpando
1866 2986 2152 3069 probare,
2209 2986 2379 3068 quod
2435 2986 2689 3063 dicitur,
2752 2990 2822 3049 et

504 3091 817 3174 parietum
864 3090 1195 3154 leuitatem
1241 3110 1431 3154 manu
1480 3094 1872 3173 pertractans
1909 3091 1972 3154 in
2010 3091 2321 3157 fenestras
2361 3092 2640 3156 inrueret
2677 3110 2818 3156 eas-

510 3216 631 3277 que
678 3196 862 3260 uelut
907 3196 1426 3261 inconuenientes
1470 3197 1570 3261 illi
1619 3198 1986 3280 aequalitati
2031 3198 2436 3281 redargueret
2483 3216 2820 3263 cauernas-
2865 3223 2919 3261 ιε

506 3321 626 3383 que
674 3308 969 3365 ruinosas
1018 3306 1288 3385 putaret.

602 3412 660 3471 8.
730 3408 863 3471 Iam
928 3426 1079 3472 uero
1146 3408 1315 3473 facta
1377 3410 1826 3493 prophetarum
1886 3412 2076 3475 etiam
2134 3412 2274 3494 ipsa
2326 3412 2698 3494 prophetica
2758 3416 2830 3475 et

506 3514 780 3595 mystica
844 3514 1061 3591 fuisse,
1131 3516 1281 3598 quid
1350 3536 1555 3600 agam,
1625 3521 1701 3581 ut
1761 3518 2164 3601 intellegant,
2234 3537 2500 3600 quorum
2567 3521 2826 3583 mentes

694 3680 758 3733 13
800 3680 867 3733 cf.
906 3680 1021 3737 Ioh.
1064 3683 1111 3745 1,
1158 3683 1218 3734 17

586 3796 609 3847 1
652 3795 925 3863 preceptis
962 3794 1113 3850 LCS
1218 3800 1251 3849 2
1288 3797 1703 3867 intellegeretur
1739 3798 1802 3850 0¹
1911 3798 1944 3849 5
1984 3802 2041 3852 et
2077 3800 2161 3865 (in
2201 3799 2334 3869 ras.)
2371 3802 2414 3851 (J
2525 3799 2555 3851 7
2595 3802 2828 3853 cessati-

512 3926 668 3978 onem
706 3908 808 3963 LS
842 3912 1194 3965 cessationem
1236 3911 1358 3966 GM
1500 3914 1533 3965 8
1568 3929 1688 3966 reos
1729 3916 1778 3981 (r
1803 3930 1846 3969 s.
1879 3914 1912 3967 Ζ.
1945 3912 2074 3967 add.
2108 3932 2174 3967 m.
2207 3917 2266 3981 2)
2307 3914 2359 3967 L
2471 3917 2502 3968 9
2533 3882 2734 3969 eastern
2783 3916 2832 3969 G

515 4000 579 4049 '12
618 3999 703 4053 lex
740 4016 782 4053 s.
824 4000 857 4052 Ζ.
906 3999 953 4051 Ο
1092 4008 1189 4069 gra
1226 4004 1283 4055 et
1320 4003 1400 4071 (et
1433 4002 1495 4055 in
1530 4003 1666 4071 ras.)
1712 4003 1759 4055 0
1927 4003 1992 4055 16
2032 4008 2508 4073 praesentaretur
2549 4006 2588 4073 (i
2628 4008 2724 4068 er.)
2754 4004 2834 4058 M

515 4088 579 4139 17
616 4088 839 4157 proinde
881 4088 955 4156 (in
1000 4090 1058 4141 in
1090 4086 1224 4157 ras.)
1261 4091 1313 4144 L
1459 4089 1551 4159 qui
1590 4089 1670 4158 ea]
1713 4090 1841 4159 quia
1877 4092 1929 4145 L
2038 4090 2371 4160 intellegunt
2413 4090 2479 4144 0¹
2623 4108 2824 4162 reproe-

510 4176 809 4230 hendentes
845 4176 899 4229 L
933 4176 1325 4245 rephendentes
1370 4178 1417 4231 G
1593 4179 1662 4231 20
1698 4178 1872 4232 ueluti
1909 4178 2079 4233 SMG
2261 4179 2328 4232 21
2376 4179 2644 4248 superfluo
2689 4179 2826 4234 GSb

514 4265 809 4333 superfluos
850 4268 895 4331 (s
931 4265 1029 4331 fin.
1066 4280 1109 4318 3.
1151 4266 1185 4319 l.
1226 4266 1356 4319 add.
1386 4284 1453 4322 m.
1484 4268 1543 4332 2)
1575 4268 1628 4321 L
1737 4266 1805 4319 22
1832 4268 2194 4337 rephenderet
2221 4266 2331 4321 Lo
2433 4268 2503 4321 24
2533 4268 2824 4322 lenitatem

516 4353 605 4404 zib.
647 4352 706 4404 b:
742 4352 1025 4405 leuitatem
1067 4354 1149 4407 ecl.
1187 4352 1469 4407 Maurina
1576 4357 1646 4408 28
1683 4355 1899 4410 mistica
1936 4357 1988 4410 L
2135 4357 2461 4425 intellegant
2505 4356 2568 4411 0¹
