3159 4984
545 465 630 526 14
1239 463 1292 516 S.
1349 463 1623 516 Aureli
1680 462 2124 532 Augustini

540 658 785 740 legunt.
835 655 910 720 (le
959 656 1228 739 singulis
1277 655 1500 722 dicam.
1549 657 1825 740 primum
1875 676 2076 741 genus
2125 661 2243 724 est.
2290 658 2357 721 in
2405 676 2528 740 quo
2579 655 2643 720 id
2673 655 2845 738 quod

542 763 775 828 falsum
824 765 924 827 est
957 781 1180 826 uerum
1236 765 1516 845 putatur,
1577 782 1725 827 cum
1794 764 1966 827 aliud
2033 763 2143 846 qui
2197 763 2452 846 scripsit
2486 763 2838 846 putauerit.

543 868 814 932 alterum
871 871 988 940 est,
1048 870 1340 952 quamuis
1396 888 1520 934 non
1569 872 1703 933 tam
1758 871 1887 934 late
1942 874 2187 952 patens,
2216 890 2341 936 non
2370 872 2581 934 tamen
2628 871 2843 935 minus

541 975 820 1052 noxium,
879 995 1026 1040 cum
1091 975 1156 1040 id
1221 975 1390 1057 quod
1451 976 1687 1041 falsum
1754 979 1853 1041 est
1914 995 2137 1041 uerum
2204 979 2484 1060 putatur,
2522 975 2590 1040 id
2625 981 2838 1040 tamen

541 1083 822 1162 putatur,
853 1082 1022 1164 quod
1052 1083 1243 1146 etiam
1270 1082 1382 1146 ille
1411 1082 1520 1164 qui
1550 1083 1807 1165 scripsit
1831 1083 2101 1166 putauit.
2140 1083 2401 1147 tertium
2441 1085 2557 1161 est,
2594 1102 2739 1148 cum
2770 1102 2842 1146 ex
2933 1099 2971 1138 ⁵

543 1186 748 1251 alieno
788 1188 1021 1271 scripto
1059 1189 1455 1272 intellegitur
1501 1188 1743 1271 aliquid
1770 1190 1927 1263 ueri,
1971 1209 2119 1254 cum
2147 1189 2268 1254 hoc
2296 1190 2407 1253 ille
2445 1190 2554 1272 qui
2586 1190 2845 1272 scripsit

544 1312 666 1359 non
697 1293 1098 1360 intellexerit.
1146 1295 1210 1358 in
1251 1315 1374 1378 quo
1414 1315 1641 1380 genere
1679 1314 1805 1360 non
1852 1315 2075 1379 parum
2126 1300 2224 1361 est
2268 1296 2597 1372 utilitatis3
2644 1296 2841 1361 immo

545 1399 600 1464 si
666 1400 1037 1485 diligentius
1103 1401 1482 1479 consideres,
1541 1405 1721 1468 totus
1787 1403 2039 1488 legendi
2103 1404 2349 1468 fructus
2416 1407 2516 1467 est
2575 1403 2841 1486 integer.

542 1506 728 1589 primi
777 1509 1026 1592 generis
1085 1510 1440 1591 exemplum
1517 1512 1636 1586 est,
1710 1513 1787 1573 ut
1858 1509 1913 1574 si
1988 1510 2325 1593 quisquam
2398 1509 2577 1572 uerbi
2641 1507 2848 1592 gratia

545 1613 717 1678 dicat
762 1617 826 1678 et
873 1613 1088 1679 credat
1129 1614 1687 1680 Rhadamanthum
1734 1615 1901 1698 apud
1948 1615 2181 1680 inferos
2232 1615 2445 1679 audire
2495 1633 2567 1678 ac
2615 1614 2841 1678 diiudi-
2906 1635 2971 1673 10

546 1738 684 1785 care
726 1739 950 1785 causas
989 1723 1403 1796 mortuorum,
1445 1739 1517 1785 eo
1557 1720 1727 1802 quod
1766 1721 2042 1786 Maronis
2078 1721 2144 1784 in
2186 1720 2457 1785 carmine
2495 1720 2562 1784 id
2591 1719 2843 1804 legerit.

543 1825 648 1890 hic
707 1826 874 1889 enim
931 1828 1098 1889 errat
1157 1824 1404 1890 duobus
1477 1825 1715 1890 modis:
1766 1827 1937 1908 quod
1995 1828 2060 1890 et
2106 1845 2241 1890 rem
2295 1845 2420 1890 non
2469 1824 2843 1889 credendam

547 1931 746 1996 credit
770 1949 975 2014 neque
1007 1931 1073 1995 id
1101 1931 1420 2016 putandus
1459 1936 1559 1997 est
1598 1932 1942 1997 credidisse
1980 1932 2091 1996 ille
2130 1951 2319 2014 quem
2355 1932 2533 2014 legit.
2576 1933 2845 1995 alterum

547 2059 748 2124 genus
795 2039 1214 2104 animaduerti
1269 2039 1362 2104 sic
1407 2041 1649 2123 potest:
1710 2039 1765 2104 si
1812 2040 1977 2122 quis,
2033 2039 2181 2121 quia
2198 2039 2530 2104 Lucretius
2572 2038 2845 2102 animam

549 2166 618 2211 ex
657 2147 885 2211 atomis
925 2165 1065 2211 esse
1113 2145 1334 2211 scribit
1378 2164 1643 2228 eamque
1690 2150 1839 2229 post
1882 2149 2155 2211 mortem
2198 2146 2264 2210 in
2295 2145 2549 2209 easdem
2597 2148 2844 2210 atomos
2910 2171 2972 2210 15

548 2253 714 2318 solui
743 2257 931 2335 atque
960 2253 1234 2329 interire,
1266 2253 1332 2317 id
1363 2272 1588 2318 uerum
1618 2271 1691 2317 ac
1721 2253 1845 2318 sibi
1874 2253 2255 2317 credendum
2304 2252 2659 2316 arbitretur.
2696 2268 2843 2314 nam

549 2362 614 2423 et
658 2358 761 2424 hic
807 2378 930 2424 non
978 2359 1189 2424 minus
1236 2359 1427 2425 miser
1473 2363 1590 2438 est,
1641 2361 1695 2424 si
1746 2360 1820 2425 de
1864 2380 1933 2425 re
1998 2363 2177 2424 tanta
2236 2360 2303 2424 id
2370 2359 2538 2442 quod
2609 2358 2845 2422 falsum

551 2471 650 2532 est
676 2487 787 2550 pro
809 2470 978 2532 certo
1010 2466 1132 2532 sibi
1151 2467 1486 2550 persuasit,
1516 2485 1901 2549 quamquam
1932 2467 1998 2531 id
2046 2469 2401 2545 Lucretius,
2444 2466 2625 2531 cuius
2664 2463 2847 2529 libris

551 2573 853 2658 deceptus
893 2577 1009 2650 est,
1052 2574 1343 2657 opinatus
1383 2574 1486 2640 sit.
1534 2574 1687 2656 quid
1726 2573 1896 2638 enim
1936 2575 2087 2640 huic
2123 2575 2385 2658 prodest
2422 2575 2497 2638 de
2567 2571 2845 2637 auctoris

551 2681 864 2746 sententia
897 2683 1140 2746 certum
1188 2699 1347 2756 esse,
1397 2681 1646 2763 quando
1678 2681 1801 2747 sibi
1832 2701 1979 2746 eum
2026 2700 2149 2747 non
2194 2700 2310 2765 per
2354 2699 2542 2763 quem
2590 2682 2841 2760 erraret,
2910 2711 2977 2749 no

551 2787 662 2853 sed
729 2806 872 2852 cum
939 2806 1062 2869 quo
1135 2790 1386 2864 erraret,
1453 2789 1758 2872 elegerit?
1824 2789 2013 2852 tertio
2073 2788 2288 2872 generi
2353 2789 2453 2852 est
2512 2786 2675 2850 illud
2740 2785 2845 2850 ad-

554 2893 1053 2959 commodatum:
1103 2894 1160 2958 si
1206 2893 1348 2976 quis
1393 2894 1737 2977 Epicurum
1810 2896 1979 2960 lecto
2050 2895 2187 2959 eius
2251 2895 2315 2957 in
2380 2892 2559 2958 libris
2634 2893 2845 2974 aliquo

549 3001 713 3076 loco,
745 2998 856 3063 ubi
885 2999 1336 3064 continentiam
1362 2998 1604 3076 laudat,
1634 2999 1699 3063 in
1736 3000 1975 3064 uirtute
2014 2999 2201 3063 illum
2248 3015 2569 3062 summum
2608 2999 2846 3064 bonum

549 3105 842 3190 posuisse
879 3104 1215 3170 adseueret
1261 3109 1323 3169 et
1358 3105 1498 3170 ideo
1529 3125 1653 3170 non
1684 3125 1823 3171 esse
1872 3105 2275 3188 culpandum.
2315 3103 2463 3168 huic
2484 3105 2659 3168 enim
2698 3104 2848 3187 quid

553 3211 735 3276 obest
802 3231 969 3277 error
1031 3211 1307 3295 Epicuri,
1357 3211 1414 3277 si
1461 3231 1783 3276 summum
1848 3212 2085 3276 bonum
2132 3210 2405 3276 hominis
2450 3213 2847 3295 uoluptatem
2912 3247 2979 3286 25

549 3321 661 3384 ille
693 3320 971 3403 corporis
1002 3318 1219 3396 credit,
1251 3336 1396 3382 cum
1433 3317 1557 3382 iste
1597 3337 1719 3383 non
1758 3337 1827 3382 se
1867 3317 2110 3382 dederit
2148 3321 2280 3381 tam
2306 3317 2477 3401 turpi
2506 3317 2849 3398 noxiaeque

553 3425 904 3492 sententiae
970 3445 1174 3509 neque
1243 3425 1321 3489 ob
1371 3424 1559 3488 aliam
1608 3441 1867 3488 causam
1914 3423 1973 3488 ei
2033 3424 2283 3507 placeat
2344 3424 2677 3507 EpicuruS‚
2723 3421 2851 3487 nisi

553 3533 723 3615 quod
771 3551 918 3597 eum
965 3531 1242 3597 sensisse
1288 3547 1412 3594 non
1457 3532 1661 3612 putat,
1710 3530 1882 3613 quod
1933 3530 2153 3594 sentiri
2199 3550 2321 3595 non
2368 3533 2696 3613 oporteat?
2742 3528 2849 3593 hic

491 3719 512 3743 ρ
553 3658 721 3705 error
739 3657 863 3704 non
883 3638 1074 3704 modo
1095 3637 1412 3702 humanus
1441 3637 1558 3714 est,
1582 3636 1695 3702 sed
1716 3655 1903 3720 saepe
1927 3636 2119 3701 etiam
2138 3635 2393 3700 homine
2415 3635 2847 3720 dignissimus.

737 3831 798 3884 11
837 3830 973 3884 Aen.
1017 3827 1092 3883 VI
1132 3829 1236 3883 566
1275 3845 1398 3899 sqq.

625 3998 659 4052 2
697 3999 1172 4069 cum—putauerit
1197 3999 1260 4051 in
1285 4013 1386 4067 my.
1414 4015 1468 4051 m
1613 3995 1645 4050 7
1680 3996 1827 4051 inmo
1860 3996 1907 4050 V
2016 3996 2084 4051 10
2102 3995 2475 4050 radamantum
2503 3993 2589 4049 Ch
2610 3993 2657 4048 S
2671 3995 2725 4048 P
2734 3995 2856 4064 ΡΜ

595 4071 838 4104 rodan-mr·

551 4115 886 4187 reclamantu
921 4133 974 4169 m
1009 4114 1344 4170 reclamantu
1379 4113 1430 4166 V
1640 4113 1708 4167 12
1748 4115 1805 4167 et
1841 4110 1986 4182 quod
2021 4128 2133 4165 rem
2173 4111 2223 4163 V
2417 4111 2483 4165 13
2531 4111 2711 4182 querit
2762 4109 2851 4163 ch

557 4208 625 4260 14
643 4206 721 4260 sic
737 4221 780 4260 a.
803 4206 837 4259 l.
859 4203 1022 4259 Som.
1042 4201 1118 4256 M
1223 4201 1288 4255 15
1317 4199 1532 4255 eosdem
1554 4200 1659 4255 Sm
1742 4199 1808 4253 17
1826 4199 1990 4254 miser
2011 4201 2115 4269 est]
2134 4197 2354 4253 miseret
2369 4199 2451 4253 Ch
2505 4198 2711 4252 si—-est
2745 4198 2852 4268 inf,

555 4302 682 4352 text.
709 4295 767 4348 P
883 4294 950 4347 19
989 4295 1075 4347 est
1111 4289 1163 4343 V
1265 4291 1335 4344 23
1372 4288 1600 4344 laudant
1651 4288 1739 4343 Ch
1893 4289 1961 4342 24
2017 4286 2535 4358 posuisse—bonum
2570 4287 2675 4354 inf.
2722 4291 2851 4342 text.

557 4403 624 4441 m.
671 4387 704 4440 2
751 4384 928 4438 acl-scr.
960 4381 1007 4436 S
1074 4397 1182 4434 non
1218 4395 1320 4434 om.
1368 4378 1421 4432 V
1486 4377 1640 4448 quid]
1678 4376 1821 4448 quod
1858 4375 1945 4430 Oh
2062 4376 2131 4430 28
2166 4375 2255 4430 hic
2294 4377 2435 4430 enim
2466 4375 2519 4427 V
