3159 4984
1011 432 1438 491 VLContra
1492 433 1865 489 Faustum
1920 432 2052 488 lib.
2098 433 2174 489 11.
2600 436 2729 499 255

447 630 858 695 secundum
906 628 1388 713 euangelium
1433 631 1719 693 meum?
1776 627 1957 693 uides
2006 631 2197 707 certe,
2246 646 2437 712 quam
2483 626 2729 695 nescias

444 738 552 801 uel
605 740 670 801 te
727 736 970 801 nescire
1023 736 1253 821 fingas,
1309 735 1462 819 quid
1515 735 1604 801 sit
1658 735 2083 821 euangelium,
2140 754 2256 801 nec
2322 754 2395 801 ex
2449 734 2734 801 doctrina

447 844 800 928 apostolica
863 843 975 909 sed
1039 862 1112 909 ex
1173 845 1392 909 uestro
1459 861 1665 907 errore
1718 842 2006 908 nomines
2064 842 2489 928 euangelium.
2556 844 2625 906 at
2677 840 2735 906 si

445 951 568 1015 hoc
613 950 894 1033 appellas
942 950 1366 1035 euangelium,
1416 949 1587 1031 quod
1624 948 1898 1033 apostoli
1936 950 2442 1033 appeDauerunt,
2482 950 2733 1014 aberras

355 1080 382 1118 ⁵
449 1058 526 1123 ab
575 1056 929 1141 euangelio,
978 1056 1090 1139 qui
1134 1075 1258 1121 non
1297 1056 1502 1123 credis
1541 1055 1865 1122 Christum
1906 1074 1979 1121 ex
2016 1056 2256 1121 semine
2293 1055 2523 1133 Dauid,
2563 1054 2733 1138 quod

449 1164 776 1249 apostolus
825 1164 1175 1229 secundum
1223 1182 1410 1228 suum
1459 1162 1861 1247 euangelium
1906 1163 2255 1246 praedicari
2301 1164 2577 1228 testatus
2616 1164 2733 1227 est.

450 1269 620 1352 quod
666 1272 878 1335 autem
928 1272 1062 1334 erat
1107 1268 1380 1353 apostoli
1424 1268 1611 1335 Pauli
1657 1268 2079 1353 euangelium,
2126 1269 2251 1335 hoc
2316 1268 2509 1333 etiam
2572 1271 2737 1334 cete·

448 1395 662 1445 rorum
707 1376 1141 1461 apostolorum
1203 1378 1269 1441 et
1323 1375 1605 1441 omnium
1651 1375 1937 1440 fidelium
2003 1375 2511 1459 dispensatorum
2571 1373 2735 1439 tanti

453 1482 848 1548 sacramenti.
913 1482 1037 1548 hoc
1082 1482 1250 1548 enim
1299 1482 1452 1547 alibi
1499 1480 1692 1547 dicit:
1751 1482 1915 1547 siue
1963 1501 2140 1567 ergo
2190 1500 2325 1566 ego
2374 1482 2537 1547 siue
2583 1480 2734 1557 illi;

361 1612 413 1651 ιο
454 1588 564 1655 sic
608 1588 1141 1673 praedicamus
1191 1590 1266 1653 et
1313 1588 1423 1654 sic
1471 1588 1937 1655 credidistis.
1986 1607 2111 1653 non
2160 1587 2326 1653 enim
2376 1607 2594 1654 omnes
2638 1587 2738 1653 illi

453 1694 857 1780 euangelium
895 1694 1425 1778 conscripserunt,
1465 1695 1576 1760 sed
1613 1696 1825 1760 tamen
1866 1714 2085 1761 omnes
2126 1694 2527 1779 euangelium
2563 1713 2738 1779 prae·

455 1800 844 1867 dicauerunt.
921 1805 1276 1868 narratores
1343 1801 1574 1885 quippe
1643 1800 1931 1886 originiS,
1996 1801 2339 1879 factorum,
2405 1801 2739 1881 dictorum,

451 1908 821 1993 passionum
869 1908 1113 1974 domini
1148 1909 1296 1973 Iesu
1338 1906 1574 1973 Christi
1619 1908 1868 1992 proprie
1906 1907 2063 1973 dicti
2100 1910 2251 1973 sunt
2288 1908 2739 1993 euangelistae.

453 2035 598 2081 nam
646 2017 713 2081 et
754 2015 968 2100 ipsum
1014 2034 1244 2081 nomen
1292 2016 1347 2080 si
1394 2033 1773 2097 quaeramus
1820 2014 1973 2097 quid
2025 2014 2221 2080 latine
2274 2014 2739 2099 interpretetur,

367 2147 416 2186 ιε
455 2123 659 2187 bonus
707 2120 969 2187 nuntius
1019 2121 1252 2186 dicitur
1299 2122 1704 2206 euangelium
1747 2122 1856 2187 uel
1898 2122 2065 2186 bona
2110 2120 2527 2187 adnuntiatio.
2577 2120 2747 2204 quod

457 2228 714 2310 quidem
761 2246 906 2293 cum
953 2228 1196 2311 aliquid
1250 2230 1489 2294 bonum
1545 2228 1973 2304 adnuntiatur,
2032 2246 2281 2311 semper
2334 2227 2458 2293 dici
2511 2230 2747 2311 potest,

455 2333 703 2417 proprie
750 2336 962 2415 tamen
1011 2336 1133 2401 hoc
1180 2336 1568 2401 uocabulum
1618 2335 1893 2400 obtinuit
1936 2335 2050 2399 illa
2095 2353 2285 2418 quam
2333 2334 2459 2399 dixi
2515 2334 2751 2399 adnun-

456 2440 637 2505 tiatio
687 2425 1051 2507 saluatoris.
1121 2442 1178 2508 si
1225 2444 1437 2507 autem
1482 2461 1601 2507 uos
1650 2441 1824 2506 aliud
1872 2440 2287 2517 adnuntiatis,
2346 2444 2518 2506 extra
2564 2460 2751 2506 euan-

459 2547 700 2631 gelium
756 2566 873 2613 uos
932 2567 1071 2614 esse
1127 2547 1540 2613 manifestum
1598 2550 1713 2615 est.
1781 2548 2004 2631 utique
2063 2551 2216 2614 sunt
2270 2548 2577 2613 aduersus
2630 2564 2751 2611 uos

369 2682 422 2720 κο
457 2654 729 2737 paruuli,
800 2673 958 2737 quos
1025 2655 1359 2741 appellatis
1426 2654 1999 2733 semichristianos,
2065 2655 2119 2721 si
2182 2654 2403 2719 matris
2471 2651 2752 2719 caritatis

461 2779 688 2826 uocem
738 2761 861 2827 sibi
907 2781 980 2827 ex
1027 2780 1132 2827 ore
1193 2761 1543 2845 apostolico
1598 2765 2044 2846 personantem
2102 2762 2397 2827 audiant:
2465 2760 2530 2826 si
2586 2759 2755 2841 quis

462 2866 684 2933 uobis
725 2866 1312 2933 adnuntiauerit
1346 2870 1873 2951 praeterquam
1904 2866 2101 2949 quod
2134 2866 2754 2932 adnuntiauimus

462 2974 713 3051 uobis,
782 2975 1184 3039 anathema
1247 2974 1370 3041 sit.
1449 2994 1596 3039 cum
1674 2994 1823 3059 ergo
1897 2974 2036 3057 ipse
2099 2974 2340 3039 Paulus
2406 2971 2757 3039 secundum

466 3079 871 3163 euangelium
934 3098 1122 3145 suum
1179 3078 1651 3145 adnuntiauerit
1706 3079 2032 3145 Christum
2106 3098 2179 3145 ex
2234 3078 2473 3145 semine
2528 3076 2758 3157 Dauid,

383 3214 436 3253 εὖ
468 3204 607 3263 UOS,
675 3186 783 3268 qui
848 3187 970 3252 hoc
1033 3187 1284 3271 negatis
1355 3190 1416 3251 et
1483 3186 1658 3251 aliud
1730 3186 2142 3265 adnuntiatis,
2202 3185 2537 3250 anathema
2594 3183 2755 3249 sitis.

470 3292 611 3374 quis
666 3310 790 3357 non
849 3295 1064 3357 autem
1120 3292 1358 3370 uideat,
1417 3296 1653 3375 quanta
1709 3292 2014 3358 caecitate
2072 3291 2337 3371 dicatur,
2396 3292 2565 3375 quod
2608 3310 2756 3357 nus-

649 3554 683 3607 9
718 3554 749 3609 1
785 3551 904 3609 Cor.
947 3555 1031 3621 15,
1079 3557 1144 3610 11
1261 3557 1325 3611 21
1369 3556 1488 3612 Gal.
1531 3560 1578 3621 1,
1617 3557 1651 3611 8
1689 3574 1768 3627 sq.

549 3728 574 3780 1
617 3728 906 3783 secundum
947 3734 1014 3797 (⁸.
1056 3732 1090 3787 l.
1129 3749 1196 3787 m.
1239 3736 1302 3801 2)
1340 3734 1388 3787 0
1491 3733 1522 3786 3
1562 3749 1743 3788 enore
1784 3743 1847 3801 (s.
1884 3752 1917 3788 x
1954 3752 1993 3787 a
2026 3752 2096 3788 m.
2134 3739 2167 3788 1
2202 3738 2247 3800 r)
2286 3732 2334 3787 0
2473 3732 2551 3802 at]
2590 3734 2687 3785 aut
2720 3729 2768 3783 0

475 3816 506 3868 6
546 3832 700 3871 suum
737 3834 840 3873 om.
879 3817 926 3873 S
1153 3821 1367 3891 pdicare
1406 3822 1438 3875 b
1549 3822 1579 3875 7
1622 3825 1917 3891 ceterorum
1952 3822 2006 3877 L
2121 3823 2184 3877 11
2225 3819 2653 3876 conscribserunt
2687 3819 2764 3872 L¹

473 3904 922 3975 praedicauemnt
986 3909 1326 3979 euangelium
1391 3909 1439 3963 0
1662 3912 1727 3965 12
1793 3911 2017 3981 originis
2096 3911 2203 3980 (nis
2270 3909 2407 3964 add.
2462 3926 2531 3964 m.
2588 3912 2647 3977 2)
2722 3906 2770 3961 Ο

481 3994 545 4048 13
582 3994 794 4066 proprie
838 3994 886 4049 0
1026 3999 1094 4051 14
1150 4014 1434 4068 queramus
1477 3997 1525 4052 0
1680 4000 2071 4069 interpretatur
2107 3998 2225 4054 ΒῬ1
2280 3998 2681 4069 interpretatur
2724 3995 2772 4049 0

482 4084 546 4137 15
568 4083 714 4137 bonu
731 4085 928 4139 nuntia
945 4086 1210 4140 P1b0nus
1240 4087 1462 4142 nuntius
1489 4090 1578 4156 (tv
1600 4104 1763 4157 super
1788 4105 1824 4141 u
1852 4088 2121 4158 utrimque
2147 4091 2243 4157 er.)
2271 4087 2319 4142 0
2340 4086 2489 4141 bonu
2516 4084 2715 4140 nuncin
2735 4084 2767 4138 b

483 4174 546 4227 17
601 4174 830 4245 proprisi
874 4175 921 4229 G
1114 4175 1352 4229 obtinuit
1388 4176 1463 4230 Lt
1645 4177 1712 4231 18
1769 4176 1877 4231 alia
1930 4194 2029 4231 uos
2067 4178 2098 4231 b
2284 4178 2350 4232 19
2407 4176 2687 4230 aduersum
2728 4172 2777 4227 S

480 4262 676 4317 adnsus
735 4266 792 4329 (u
849 4264 978 4318 add.
1033 4281 1102 4319 m.
1151 4268 1211 4333 2)
1268 4264 1315 4318 Ο
1489 4267 1554 4319 21
1598 4282 1731 4337 quos
1772 4268 1911 4335 (sup.
1960 4284 1989 4320 o
2040 4284 2079 4320 a
2112 4283 2181 4321 m.
2220 4271 2251 4320 1
2286 4266 2327 4335 i)
2367 4266 2421 4320 L
2529 4266 2599 4319 23
2637 4280 2767 4319 ana·

480 4350 666 4405 thema
703 4350 760 4419 (h
797 4369 840 4406 s.
881 4353 937 4419 l.)
985 4352 1033 4407 Ο
1139 4354 1207 4407 2ὃ
1245 4355 1488 4424 negastis
1527 4354 1558 4409 b
1669 4356 1736 4409 26
1776 4356 2001 4409 cecitate
2030 4354 2132 4410 LS
