3159 4984
861 463 952 516 VI.
1011 463 1302 518 Contra
1357 463 1729 516 Faustum
1784 462 1913 518 lib.
1975 462 2147 517 XXII.
2509 467 2637 530 685

342 661 590 722 autem
639 659 953 734 faciunt,
1001 658 1259 734 ,facere
1318 656 1579 722 nolite.
1648 657 1771 722 hoc
1818 676 2123 741 magnum
2172 661 2640 722 sacramentum

341 766 634 849 quisquis
680 766 744 830 in
794 766 896 831 dei
941 766 1180 848 populo
1228 765 1574 849 prudenter
1619 765 1971 848 agnouerit,
2018 765 2331 829 unitatem
2378 765 2639 848 spiritus

337 875 404 938 in
451 874 710 939 uinculo
757 875 935 957 pacis
983 893 1188 956 usque
1235 873 1300 937 in
1347 873 1538 937 finem
1576 872 1957 956 quibusdam
1998 872 2412 949 cohaerendo,
2453 890 2641 954 quos-

343 981 488 1044 dam
547 980 874 1046 tolerando
934 980 1237 1046 custodit.
1304 980 1577 1045 fecimus
1634 980 1756 1044 hoc
1814 982 1879 1043 et
1936 979 2011 1043 de
2058 979 2243 1053 Loth,
2304 977 2457 1060 quid
2503 979 2640 1043 eius

271 1105 301 1144 ⁵
340 1086 752 1164 laudandum,
803 1087 955 1169 quid
1003 1085 1389 1170 culpandum
1438 1086 1752 1168 scriptura
1796 1087 2163 1162 narrauerit,
2204 1086 2356 1168 quid
2394 1085 2641 1149 intelle-

342 1194 623 1279 gendum
672 1194 748 1258 de
795 1198 934 1259 tota
978 1194 1092 1258 illa
1137 1213 1204 1258 re
1251 1197 1435 1277 gesta
1481 1192 1963 1276 significauerit,
2014 1192 2540 1257 demonstrantes.

431 1303 536 1366 83.
605 1300 926 1384 Sequitur.
993 1304 1068 1365 ut
1131 1301 1328 1364 Iudae
1392 1300 1635 1364 factum
1704 1299 2198 1376 consideremus,
2266 1298 2436 1381 quod
2495 1318 2637 1363 cum

341 1427 460 1473 sua
503 1428 668 1472 nuru
718 1408 1082 1485 concubuit,
1134 1407 1286 1490 quid
1335 1407 1794 1492 significauerit
1848 1406 2229 1471 futurorum.
2296 1407 2410 1470 sed
2463 1407 2639 1490 prius

339 1515 880 1597 praeloquendum
919 1517 1038 1594 est,
1079 1535 1156 1579 ne
1197 1533 1580 1597 quemquam
1616 1533 1850 1598 paruae
1890 1514 2410 1579 considerationis
2450 1515 2639 1579 offen-

246 1637 303 1676 10
342 1621 468 1699 dat,
518 1621 690 1703 quod
736 1621 814 1685 de
854 1621 1235 1703 quibusdam
1271 1622 1459 1686 malis
1500 1620 1799 1705 operibus
1836 1623 2169 1687 hominum
2206 1623 2270 1686 in
2309 1622 2640 1704 scripturis

344 1729 581 1793 sanctis
651 1728 962 1811 quaedam
1029 1749 1151 1793 non
1219 1729 1416 1806 mala,
1483 1728 1597 1792 sed
1660 1729 1827 1792 bona
1890 1729 2107 1793 futura
2180 1729 2638 1812 significantur.

343 1839 558 1899 seruat
596 1835 765 1900 enim
803 1836 1040 1917 ubique
1081 1834 1300 1900 diuina
1333 1835 1738 1918 prouidentia
1771 1836 2082 1899 uirtutem
2119 1836 2425 1902 bonitatis
2464 1855 2639 1913 suae,

341 1946 434 2008 ut.
485 1942 1022 2023 quemadmodum
1071 1961 1142 2006 ex
1189 1941 1624 2007 adulterorum
1673 1943 2018 2006 concubitu
2064 1943 2375 2007 formatur
2429 1948 2493 2007 et
2538 1961 2641 2006 na-

345 2049 546 2112 scitur
571 2048 784 2126 hom0,
827 2048 902 2112 de
941 2048 1272 2113 hominum
1315 2068 1500 2132 opere
1537 2050 1707 2113 malo
1746 2050 1986 2114 bonum
2026 2068 2189 2133 opus
2229 2049 2331 2114 dei
2358 2087 2443 2096 -
2475 2049 2645 2115 sicut

249 2171 304 2209 1⁵
340 2154 404 2218 in
451 2154 860 2238 praecedenti
907 2174 1196 2220 sermone
1244 2155 1368 2218 iam
1419 2155 1694 2220 diximus
1744 2155 1821 2220 de
1866 2155 2256 2221 fecunditate
2304 2157 2641 2234 seminum,

343 2281 465 2326 non
527 2261 602 2326 de
659 2261 1056 2345 turpitudine
1115 2261 1420 2326 uitiorum
1465 2300 1554 2310 —
1601 2261 1693 2326 ita
1746 2263 1811 2326 in
1870 2262 2204 2347 scripturis
2249 2263 2640 2346 propheticis

337 2388 460 2434 non
508 2371 760 2432 tantum
803 2369 972 2434 bona
1020 2369 1370 2448 hominum,
1418 2389 1646 2434 uerum
1694 2371 1888 2434 etiam
1946 2376 2011 2436 et
2065 2371 2235 2435 mala
2289 2372 2457 2435 facta
2502 2389 2640 2434 nar-

221 2541 238 2552 ,
340 2476 650 2554 rantibuS,
719 2477 1020 2558 quoniam
1084 2477 1457 2558 prophetica
1521 2480 1622 2541 est
1683 2477 1825 2559 ipsa
1888 2479 2185 2554 narratio,
2249 2477 2644 2560 significetur

346 2583 586 2666 aliquid
635 2582 711 2647 de
757 2584 946 2648 malis
997 2583 1294 2667 operibus
1333 2583 1662 2648 hominum
1702 2585 1895 2648 etiam
1932 2584 2296 2649 futurorum
2330 2583 2641 2650 bonorum

246 2699 304 2738 2⁰
343 2710 467 2755 non
512 2689 840 2773 peccantis
891 2709 1097 2773 opere,
1157 2690 1269 2754 sed
1327 2690 1687 2755 scribentis.
1755 2709 1960 2773 neque
2018 2692 2185 2755 enim
2232 2691 2446 2768 IudaS,
2496 2710 2642 2756 cum

344 2797 424 2861 ad
468 2797 744 2862 Thamar
789 2796 1309 2880 concupiscentia
1353 2797 1569 2862 uictus
1616 2798 1900 2876 intraret,
1948 2798 2112 2862 hanc
2158 2816 2312 2862 suae
2356 2797 2641 2861 libidinis

337 2902 756 2968 intentionem
823 2904 1104 2988 gerebat,
1161 2907 1239 2967 ut
1289 2903 1436 2967 inde
1492 2904 1735 2986 aliquid
1791 2905 2277 2988 significaretur,
2336 2904 2506 2986 quod
2562 2903 2641 2968 ad

343 3011 617 3076 salutem
665 3013 998 3077 hominum
1045 3012 1423 3095 pertineret,
1485 3011 1657 3077 sicut
1700 3031 1817 3077 nec
1862 3013 2055 3077 Iudas
2100 3013 2233 3091 ille,
2284 3013 2393 3095 qui
2440 3012 2638 3077 domi-

340 3137 494 3182 num
561 3118 845 3196 tradidit,
911 3119 1034 3184 hoc
1089 3117 1384 3196 intendit,
1440 3120 1516 3183 ut
1569 3118 1811 3201 aliquid
1864 3119 2011 3185 inde
2066 3122 2412 3204 gereretur,
2469 3119 2639 3202 quod

250 3230 306 3270 2⁵
343 3223 424 3287 ad
471 3223 736 3288 eandem
777 3225 1052 3289 salutem
1089 3223 1420 3289 hominum
1457 3223 1821 3307 pertineret.
1868 3210 2053 3307 porro
2092 3225 2147 3290 si
2187 3225 2263 3290 de
2298 3227 2434 3290 tam
2467 3226 2636 3291 malo

343 3348 528 3412 opere
574 3330 771 3394 Iudae
817 3329 994 3394 illius
1041 3333 1173 3393 tam
1219 3329 1460 3395 bonum
1499 3350 1659 3414 opus
1698 3329 1993 3397 dominus
2030 3331 2203 3412 fecit,
2242 3336 2317 3397 ut
2352 3332 2637 3397 eiusdem

349 3454 504 3500 suae
550 3435 868 3519 passionis
917 3436 1226 3520 sanguine
1281 3455 1398 3500 nos
1451 3436 1809 3516 redimeret,
1869 3437 2021 3519 quid
2074 3439 2329 3518 mirum,
2390 3439 2445 3504 si
2496 3458 2636 3522 pro-

342 3540 536 3624 pheta
582 3541 740 3620 eiUS,
793 3541 868 3606 de
917 3561 1042 3624 quo
1090 3542 1229 3626 ipse
1282 3542 1408 3606 ait:
1458 3543 1543 3608 de
1590 3562 1700 3608 me
1750 3544 1943 3609 enim
1991 3545 2128 3609 ille
2176 3545 2513 3628 scripsit,
2563 3564 2636 3609 ex

342 3647 510 3713 malo
557 3648 726 3714 facto
775 3649 967 3713 Iudae
1013 3650 1205 3714 istius
1250 3649 1404 3714 boni
1447 3649 1692 3733 aliquid
1738 3651 2147 3735 significauit,
2186 3655 2261 3716 ut
2298 3670 2413 3717 suo
2452 3651 2635 3716 mini·

245 3756 298 3796 ³⁰
341 3754 534 3818 sterio
584 3772 700 3818 nos
749 3753 1052 3819 doceret?
1121 3774 1196 3819 ea
1241 3756 1474 3838 quippe
1522 3756 1855 3822 hominum
1900 3757 2071 3822 facta
2126 3761 2346 3823 sancto
2404 3758 2633 3842 spiritu

513 3965 544 4019 6
584 3963 651 4020 cf.
691 3962 826 4020 Gen.
867 3965 933 4018 19
1042 3965 1078 4018 8
1116 3964 1181 4020 cf.
1222 3964 1356 4020 Gen.
1397 3966 1466 4021 38
1579 3967 1645 4020 15
1683 3965 1719 4022 l.
1758 3967 1916 4022 XXII
1952 3967 2023 4022 48
2132 3967 2201 4020 28
2238 3966 2355 4021 Ioh.
2394 3967 2446 4032 5,
2481 3966 2553 4022 46

408 4115 441 4168 2
486 4116 715 4184 unitatis
763 4115 830 4170 8⁸²
877 4114 1104 4168 unitatis
1157 4114 1284 4169 GM
1323 4115 1563 4187 unitates
1610 4117 1655 4188 (s
1703 4131 1825 4185 exp.
1874 4119 1931 4170 et
1984 4117 2123 4187 πίνῃ.
2183 4115 2315 4171 add.
2362 4133 2432 4169 m.
2480 4117 2535 4181 2)
2580 4115 2635 4169 L

335 4201 370 4254 3
406 4201 706 4256 coherendo
747 4204 791 4257 C
924 4204 958 4257 9
995 4203 1424 4274 preloquendum
1468 4203 1516 4258 0
1674 4221 1983 4276 quenquam
2025 4205 2073 4260 G
2210 4221 2411 4276 prauae
2454 4203 2637 4260 GM&

336 4291 402 4343 10
439 4290 664 4346 hominu
703 4297 762 4360 (u
796 4309 918 4361 sup.
957 4299 986 4346 ἔ
1026 4309 1065 4346 a
1097 4309 1166 4349 m.
1206 4297 1255 4360 1)
1296 4291 1349 4346 L
1469 4293 1535 4346 17
1572 4293 1855 4348 hominum
1890 4293 2033 4348 bona
2078 4294 2126 4348 Ο
2231 4295 2298 4349 19
2335 4293 2632 4348 futvrorum

336 4381 974 4450 (vmap‚oam.1)L
