3159 4984
325 1638 380 1677 10

325 2170 378 2211 15

1058 455 1524 539 ¹IIILContra
1561 456 2071 511 Adimantum.
2576 458 2697 520 165

417 651 694 717 ueritis
743 672 980 735 neque
1027 653 1373 717 feceritis
1423 670 1647 736 opera
1694 653 2051 734 ipsorum,
2104 651 2228 716 sed
2298 648 2693 714 euersione

418 758 748 823 euertite
813 777 938 824 eos
1005 763 1079 824 et
1144 759 1395 825 delete
1463 778 1715 825 eorum
1775 757 2226 831 memoriam,
2275 755 2397 820 nisi
2445 754 2592 837 quia
2639 758 2704 818 et

417 860 570 927 deos
617 863 904 947 gentium
941 864 1296 929 Manichaei
1334 870 1573 948 cogunt
1610 864 1920 948 diligere?
1962 869 2026 927 et
2062 861 2231 946 quod
2267 862 2330 926 in
2372 859 2701 943 euangelio

417 970 712 1037 dominus
750 974 866 1038 ait:
917 974 1226 1059 diligite
1273 975 1626 1040 inimicos
1672 980 1996 1045 uestros,
2046 994 2167 1039 non
2216 974 2423 1039 solum
2472 970 2552 1035 ad
2594 970 2703 1033 ho-

415 1077 638 1153 mines,
689 1081 799 1144 sed
847 1083 924 1145 ad
971 1082 1300 1149 daemonia
1346 1102 1597 1165 quoque
1661 1084 1767 1147 uel
1816 1083 2004 1147 etiam
2053 1081 2130 1145 ad
2178 1080 2517 1145 simulacra
2561 1096 2705 1160 per·

417 1183 614 1248 tinere
662 1188 1059 1253 arbitrantur.
1111 1191 1279 1273 quod
1325 1190 1379 1255 si
1428 1189 1518 1253 ita
1555 1194 1673 1258 est,
1724 1190 1865 1271 quis
1913 1208 2033 1253 non
2098 1188 2289 1253 istam
2356 1185 2708 1249 detestetur

420 1294 758 1357 amentiam
779 1299 810 1359 ’ἓ
841 1296 896 1361 si
924 1298 1138 1360 autem
1174 1316 1296 1361 non
1334 1298 1456 1361 hoc
1495 1297 1893 1372 arbitrantur,
1920 1296 2042 1360 iste
2070 1293 2414 1378 plurimum
2452 1289 2704 1365 errauit,

421 1398 530 1477 qui
560 1402 1039 1484 superstitiones
1077 1403 1366 1487 gentium
1390 1404 1765 1469 euertendas
1801 1422 1940 1468 esse
1978 1404 2344 1486 praeceptas
2381 1400 2447 1463 in
2484 1400 2699 1461 uetere

419 1504 801 1571 testamento
849 1526 1336 1573 commemorare
1382 1509 1611 1582 uoluit,
1658 1528 1805 1574 cum
1852 1508 1913 1573 in
1962 1528 2125 1572 nouo
2175 1506 2342 1590 quod
2390 1503 2697 1585 scriptum

421 1611 523 1672 est
550 1609 624 1674 de
670 1611 942 1679 inimicis
982 1614 1320 1700 diligendis
1357 1619 1683 1699 tamquam
1722 1616 2101 1681 contrarium
2138 1614 2341 1679 uellet
2369 1612 2701 1694 obponere,

507 1716 641 1783 Nos
725 1724 937 1785 autem
1011 1742 1213 1805 neque
1295 1722 1476 1799 illud,
1553 1722 1720 1806 quod
1803 1723 1880 1787 de
1953 1721 2247 1789 hostibus
2336 1716 2699 1783 hominibus

421 1828 777 1893 occidendis
815 1828 878 1892 in
916 1830 1240 1894 ueteribus
1279 1830 1458 1895 libris
1494 1831 1595 1894 illi
1629 1832 1865 1913 populo
1903 1830 2145 1893 dictum
2184 1832 2284 1892 est
2321 1824 2701 1890 contrarium

420 1954 559 2000 esse
609 1936 878 2001 dicimus
925 1937 1072 2001 huic
1119 1941 1450 2020 praecepto
1491 1938 1880 2022 euangelicO,
1919 1956 2044 2019 quo
2083 1934 2263 1999 nobis
2302 1936 2376 1998 ut
2411 1930 2701 1995 inimicos

415 2046 666 2108 nostros
713 2044 1053 2127 diligamus
1121 2043 1414 2110 dominus
1461 2045 1658 2118 iubet,
1708 2043 2217 2126 quandoquidem
2260 2041 2375 2106 illa
2418 2038 2703 2103 inimico-

419 2167 559 2213 rum
607 2150 962 2215 interfectio
1011 2152 1244 2215 carnali
1290 2151 1496 2215 adhuc
1543 2152 1777 2234 populo
1827 2151 2232 2233 congruebat,
2272 2150 2375 2213 cui
2412 2149 2509 2212 lex
2546 2150 2703 2211 tam-

419 2274 606 2337 quam
671 2256 1080 2342 paedagogus
1147 2258 1295 2321 data
1360 2260 1510 2323 erat.
1577 2258 1747 2321 sicut
1810 2255 2137 2339 apostolus
2196 2255 2369 2319 dicit.
2418 2253 2481 2317 hi
2533 2272 2702 2317 uero,

420 2364 530 2443 qui
593 2368 745 2429 tunc
809 2365 872 2428 in
937 2364 1048 2429 illo
1115 2365 1349 2447 populo
1416 2364 1618 2428 sancti
1685 2366 1747 2427 et
1813 2362 2129 2445 spiritales
2194 2361 2481 2426 homines
2530 2363 2705 2423 erant

415 2471 808 2553 paucissimi,
849 2472 1016 2536 sicut
1053 2471 1327 2553 Moyses,
1369 2471 1536 2535 sicut
1579 2470 1942 2554 prophetae,
1992 2488 2115 2552 quo
2173 2464 2381 2533 animo
2429 2466 2705 2531 facerent

417 2576 596 2641 illam
631 2578 1032 2643 inimicorum
1063 2578 1587 2653 interfectionem,
1626 2580 1836 2641 utrum
1870 2596 1999 2653 eos,
2036 2595 2193 2658 quos
2222 2574 2700 2647 interficiebant,

419 2682 776 2766 diligerent,
849 2685 1124 2748 multum
1199 2684 1358 2747 latet
1428 2682 1719 2748 indoctos
1804 2685 1869 2747 et
1940 2682 2167 2765 inpiOS,
2246 2682 2355 2764 qui
2428 2680 2703 2764 diligunt

421 2790 792 2854 caecitatem
841 2809 1058 2861 suam:
1128 2790 1234 2871 qui
1299 2788 1595 2871 quoniam
1660 2808 1785 2853 non
1848 2791 1998 2853 sunt
2040 2788 2251 2853 idonei
2298 2787 2513 2851 uidere
2559 2787 2702 2861 ista,

421 2895 587 2959 mole
649 2896 864 2979 potius
929 2896 1326 2961 auctoritatis
1390 2896 1652 2980 urgendi
1720 2900 1887 2960 sunt.
1954 2896 2108 2978 quid
2174 2896 2342 2959 enim
2390 2898 2493 2959 est
2536 2892 2703 2975 quod

423 3001 576 3065 dicit
621 3004 988 3086 apostolus:
1057 3022 1190 3087 ego
1257 3002 1556 3085 quidem
1623 3003 1893 3067 absens
1960 3020 2288 3086 corpore,
2345 3018 2703 3085 praesens

422 3112 668 3173 autem
716 3110 996 3192 spiritu
1062 3110 1203 3172 iam
1269 3110 1612 3174 indicaui
1678 3109 1894 3191 quasi
1939 3127 2293 3191 praesens
2344 3126 2528 3183 eum,
2578 3106 2703 3187 qui

432 3215 540 3279 sic
580 3220 934 3299 operatus
975 3222 1110 3294 est,
1151 3218 1224 3281 in
1260 3216 1556 3281 nomine
1599 3216 1879 3281 domini
1916 3214 2159 3281 nostri
2196 3216 2370 3279 Iesu
2410 3212 2703 3279 Christi

431 3324 914 3407 congregatis
951 3324 1172 3389 uobis
1213 3326 1286 3388 et
1323 3342 1480 3389 meo
1517 3324 1794 3407 spiritu
1836 3342 1998 3388 cum
2036 3322 2380 3405 potentia
2425 3318 2709 3385 domini
2780 3360 2787 3367 -

432 3429 671 3495 nostri
715 3430 888 3494 Iesu
954 3431 1252 3495 tradere
1317 3430 1755 3496 huiusmodi
1820 3432 2129 3495 satanae
2192 3429 2265 3493 in
2312 3427 2707 3492 interitum

432 3536 700 3613 carnis,
749 3540 832 3600 ut
879 3536 1202 3619 spiritus
1251 3536 1512 3603 saluus
1563 3538 1665 3600 sit
1710 3536 1781 3599 in
1823 3535 1940 3600 die
1980 3535 2257 3601 domini
2298 3535 2521 3599 Iesu‘?
2562 3530 2711 3613 quid

611 3772 674 3826 16
714 3776 780 3825 ef.
819 3770 940 3826 Gal.
978 3772 1030 3833 3,
1069 3771 1136 3823 24
1248 3770 1316 3824 23
1353 3770 1382 3823 I
1420 3768 1538 3824 Cor.
1576 3770 1627 3833 5,
1667 3769 1699 3822 3
1738 3786 1854 3839 sqq.

499 3928 533 3981 2
577 3928 824 3981 auertitis
861 3927 915 3980 P
1053 3927 1177 3981 illos
1220 3926 1456 3981 TGSVb
1598 3924 1911 3979 memoriam
1969 3938 2151 3977 eorum
2186 3922 2243 3977 P
2382 3923 2414 3975 5
2454 3921 2617 3993 etiam
2656 3920 2713 3975 P

427 4017 460 4069 6
488 4016 535 4070 si
564 4032 666 4071 om.
711 4015 760 4071 Ο
896 4017 1201 4071 detestatur
1232 4014 1368 4069 GVb
1477 4016 1510 4069 8
1537 4015 1711 4070 ueteri
1741 4017 1790 4078 (e
1820 4030 1954 4069 corr.
1984 4016 2047 4067 in
2072 4014 2112 4079 i)
2149 4010 2202 4067 G
2310 4012 2342 4065 9
2372 4008 2629 4065 scribtum
2662 4008 2718 4063 P

428 4108 494 4161 11
549 4104 821 4176 hostibus]
874 4104 1164 4171 honestf'lis
1221 4112 1313 4171 (ex
1365 4103 1685 4158 honestibus
1740 4106 1903 4171 corr.)
1960 4103 2016 4157 P
2156 4099 2459 4156 hominibus
2516 4116 2617 4153 om.
2676 4098 2706 4152 b

428 4196 496 4249 16
531 4196 618 4249 his
661 4195 740 4250 Ob
776 4196 824 4249 is
871 4194 922 4247 V
1026 4194 1092 4249 19
1132 4198 1187 4248 et
1223 4198 1402 4247 utrum
1435 4192 1729 4249 GTGSVb
1837 4193 1901 4247 21
1941 4191 2142 4263 ydonei
2181 4190 2231 4244 V
2354 4190 2422 4242 22
2460 4188 2709 4259 urgendi]

427 4285 690 4353 arguendi
733 4284 870 4338 CVI>
979 4284 1046 4337 26
1082 4282 1224 4353 meo]
1261 4283 1318 4337 in
1357 4299 1446 4337 eos
1497 4281 1546 4334 V
1685 4282 1753 4336 27
1790 4280 1965 4335 nostri
1999 4297 2102 4336 om.
2136 4278 2422 4335 GTGSVb
2569 4278 2708 4332 eius-

429 4374 572 4427 modi
597 4370 885 4428 GTGSVb
1030 4371 1255 4427 sathane
1292 4370 1368 4426 C'b
1468 4371 1536 4425 28
1556 4374 1621 4424 nt
1639 4369 2105 4441 spiritus—carnis
2130 4369 2313 4437 (infra
2331 4373 2457 4420 text.
2481 4366 2639 4433 add.)
2660 4366 2714 4421 P
