3159 4984
947 458 1034 513 VI.
1086 460 1372 514 Contra
1428 460 1796 512 Faustum
1855 459 1984 512 lib.
2043 458 2158 511 XX.
2549 462 2678 527 555

374 675 534 735 eam,
586 675 747 740 quae
800 656 1119 733 formaret,
1169 655 1361 739 hylen
1411 654 1746 731 diceretis3
1805 654 1918 719 sed
1965 658 2180 719 tamen
2230 654 2420 719 etiam
2471 656 2563 721 sie
2610 674 2684 721 eo

373 764 748 829 teneremini
783 764 935 827 uani
970 766 1162 845 atque
1201 763 1517 847 sacrilegi,
1549 762 1700 845 quia
1735 762 2094 827 nescientes
2134 782 2384 827 omnem
2422 763 2685 828 modum

372 874 743 935 naturarum
790 889 1255 951 numerumque
1302 870 1649 934 formarum
1699 872 1764 933 et
1811 868 2096 934 ordinem
2150 868 2502 952 ponderum
2557 888 2684 934 non

374 997 519 1042 esse
587 996 777 1060 posse
842 977 968 1041 nisi
1036 994 1071 1039 a
1132 980 1313 1059 patre
1372 978 1436 1039 et
1498 975 1632 1039 filio
1691 978 1756 1040 et
1811 975 2040 1058 spiritu
2097 979 2316 1041 sancto
2372 976 2681 1060 principio

319 1103 343 1141 ⁵
372 1084 529 1147 mali
577 1086 830 1147 tantum
875 1084 1113 1147 bonum
1165 1082 1557 1148 tribueretis.
1624 1101 1794 1146 nunc
1848 1100 2000 1147 uero
2060 1101 2208 1147 cum
2266 1086 2331 1148 et
2387 1084 2540 1165 quid
2599 1084 2686 1147 sit

278 1636 331 1673 10

286 2164 339 2207 16

284 2700 339 2739 20

373 1190 521 1273 hyle
570 1192 635 1253 et
682 1189 834 1272 quid
882 1190 969 1253 sit
1011 1189 1253 1254 malum
1299 1188 1632 1273 ignoretis,
1683 1209 1718 1254 o
1769 1189 1822 1253 si
1869 1208 2126 1272 possem
2183 1190 2368 1255 uobis
2424 1210 2681 1273 persua-

376 1297 541 1373 dere,
592 1299 667 1360 ut
712 1314 749 1359 a
796 1294 1176 1360 seducendis
1222 1295 1704 1377 inperitioribus
1751 1314 1871 1360 uos
1924 1296 2434 1379 conpesceretis!

468 1406 572 1469 15.
639 1403 775 1466 Iam
843 1420 993 1466 uero
1062 1402 1235 1483 quod
1302 1402 1493 1465 etiam
1556 1401 1703 1465 inde
1767 1422 1886 1467 uos
1951 1402 2216 1486 paganis
2281 1404 2486 1468 uultis
2544 1424 2684 1469 esse

374 1511 694 1587 meliores,
753 1508 924 1591 quod
978 1507 1077 1571 illi
1132 1508 1279 1593 aris,
1339 1507 1644 1576 delubris,
1703 1509 2082 1586 simulacriS‚
2143 1510 2426 1575 uictimis
2493 1514 2682 1592 atque

370 1618 630 1682 incenso
680 1616 871 1681 deum
910 1616 1248 1681 colendum
1286 1618 1535 1699 putant,
1574 1635 1695 1681 uos
1734 1619 1950 1680 autem
1986 1616 2148 1680 nihil
2185 1618 2410 1682 horum
2448 1617 2682 1697 facitiS,

376 1724 519 1806 quis
570 1742 694 1789 non
741 1722 1065 1789 inrideat?
1132 1723 1315 1805 quasi
1362 1742 1515 1787 uero
1565 1743 1689 1788 non
1737 1723 1939 1789 satius
1995 1724 2082 1789 sit
2135 1725 2244 1789 uel
2298 1723 2516 1807 lapidi,
2575 1724 2684 1807 qui

375 1850 627 1914 quoquo
675 1830 865 1918 modo
916 1834 1034 1907 est,
1085 1849 1255 1893 aram
1305 1831 1693 1895 constituere
1734 1833 1799 1895 et
1833 1830 2164 1895 uictimam
2203 1830 2423 1896 offerre
2481 1851 2672 1914 quam

373 1939 459 2017 id,
493 1938 662 2020 quod
699 1938 955 2003 omnino
993 1956 1119 2001 non
1160 1937 1372 2015 est,i11
1415 1936 1829 2002 deliramento
1867 1937 2332 2021 phantasmatis
2373 1938 2629 2006 adorare
2651 1942 2682 2003 ⁴?

374 2064 602 2109 uerum
649 2046 743 2122 tu,
794 2044 903 2126 qui
947 2043 1325 2108 rationabile
1386 2044 1487 2107 dei
1542 2044 1851 2128 templum
1912 2047 1978 2109 te
2037 2064 2178 2111 esse
2236 2044 2470 2123 dixisti,
2529 2065 2679 2127 quo·

372 2152 562 2216 modo
611 2151 732 2216 hoc
782 2150 1176 2233 explicabis?
1223 2152 1515 2232 placetne
1563 2152 1703 2223 tibi,
1743 2154 1818 2215 ut
1863 2153 2177 2235 templum
2226 2153 2382 2218 deus
2429 2154 2680 2231 habeat,

377 2258 561 2323 cuius
610 2258 889 2339 aliquam
933 2259 1179 2340 partem
1229 2258 1521 2323 diabolus
1557 2258 2015 2323 fabricauerit‘?
2063 2278 2142 2322 an
2181 2278 2298 2323 uos
2338 2280 2462 2326 non
2502 2262 2679 2337 estis,

376 2365 484 2447 qui
532 2364 745 2429 dicitis
796 2364 1006 2428 omnia
1052 2366 1338 2429 membra
1382 2368 1602 2431 uestra
1644 2369 1983 2448 totumque
2042 2386 2270 2450 corpus
2321 2386 2358 2431 a
2402 2368 2683 2452 maligna
2795 2370 2802 2376 ’

375 2473 611 2549 mente,
661 2489 850 2552 quam
899 2470 1092 2554 hylen
1141 2471 1375 2550 dicitis,
1424 2473 1802 2537 fabricatum
1853 2472 2117 2555 eiusque
2162 2474 2368 2556 ipsius
2415 2474 2675 2539 fabrica-

374 2578 553 2643 tricis
601 2582 848 2661 partem
893 2578 1031 2641 illic
1077 2577 1362 2642 habitare
1411 2579 1608 2643 simul
1655 2598 1801 2643 cum
1847 2583 2023 2662 parte
2071 2580 2174 2644 dei
2219 2581 2470 2645 uestri?
2521 2600 2682 2663 quae

378 2702 523 2749 curn
570 2684 662 2747 ibi
706 2686 1019 2762 teneatur,
1066 2686 1143 2747 ut
1186 2685 1556 2767 perhibetiS,
1598 2688 2013 2751 concatenata
2051 2691 2117 2752 et
2151 2688 2420 2763 inclusa,
2459 2692 2677 2752 utrum

378 2790 477 2854 dei
526 2790 861 2873 templum,
912 2810 990 2853 an
1040 2790 1142 2855 dei
1188 2810 1501 2857 carcerem
1562 2795 1627 2856 te
1688 2786 1918 2857 dicere'
1953 2793 2285 2862 debuisti?
2349 2794 2474 2859 nisi
2520 2795 2680 2858 forte

377 2897 651 2962 animam
686 2900 868 2961 tuam
903 2898 1218 2981 templum
1260 2897 1363 2961 dei
1398 2897 1581 2977 dicis,
1622 2917 1813 2980 quam
1853 2919 1924 2963 ex
1960 2902 2127 2963 terra
2161 2901 2424 2965 luminis
2462 2901 2680 2965 habes,

378 3006 443 3067 at
504 3004 687 3073 illam
749 3007 994 3087 partem
1063 3005 1165 3068 dei
1228 3004 1338 3069 uel
1400 3005 1760 3069 membrum
1829 3006 1928 3071 dei
1987 3007 2210 3073 soletis
2270 3007 2497 3085 dicere,
2554 3025 2682 3071 non

375 3110 689 3192 templum
757 3109 878 3175 dei.
944 3112 1149 3175 restat
1212 3129 1383 3195 erg0,
1449 3114 1526 3174 ut
1589 3111 1900 3193 templum
1970 3112 2071 3176 dei
2126 3132 2250 3177 non
2307 3116 2371 3177 te
2429 3112 2679 3191 dixeris,

314 3234 338 3271 f·
376 3215 501 3280 nisi
550 3234 622 3279 ex
670 3234 949 3298 corpore,
1000 3215 1171 3298 quod
1229 3216 1582 3281 secundum
1639 3220 1703 3281 te
1762 3217 2055 3283 diabolus
2111 3218 2466 3284 fabricauit.
2536 3238 2682 3284 ecce

378 3321 695 3403 quomodo
742 3322 1059 3405 templum
1108 3322 1211 3387 dei
1263 3323 1750 3407 blasphemat-is,
1807 3328 1884 3389 ut
1937 3344 2061 3390 non
2121 3327 2330 3391 solum
2387 3330 2682 3391 sanctum

377 3446 501 3491 non
568 3444 709 3491 esse
776 3426 1042 3506 dicatis,
1120 3448 1343 3494 uerum
1411 3429 1606 3493 etiam
1667 3428 2251 3495 machinamentum
2317 3431 2555 3497 diaboli
2621 3435 2686 3497 et

380 3534 779 3616 ergastulum
849 3535 971 3598 dei.
1048 3538 1115 3599 at
1189 3554 1341 3601 uero
1419 3536 1780 3619 apostolus,
1856 3538 2224 3620 templum
2305 3539 2498 3603 enim
2565 3538 2684 3603 dei

380 3644 725 3705 sanctum
776 3644 911 3719 est,
956 3642 1187 3725 inquit,
1240 3644 1435 3725 quod
1483 3644 1674 3709 estis
1723 3664 1888 3721 uos3
1941 3648 2006 3709 et
2049 3666 2126 3710 ne
2174 3650 2360 3729 putes
2407 3648 2682 3709 tantum-

374 3745 565 3809 modo
614 3746 693 3810 ad
740 3746 1013 3811 animam
1062 3748 1395 3830 pertinere,
1445 3749 1616 3830 quod
1671 3748 1913 3814 dictum
1954 3753 2072 3829 est,
2115 3752 2262 3816 audi
2303 3750 2680 3834 expressius.

554 3912 623 3966 28
660 3912 689 3967 Ι
727 3911 848 3967 Cor.
888 3914 937 3981 3,
982 3912 1081 3979 17;
1123 3914 1167 3977 6,
1221 3915 1287 3969 19

447 4018 479 4071 3
526 4034 807 4073 numerum
856 4019 1254 4090 queformarum
1299 4019 1348 4074 0
1487 4024 1522 4076 5
1567 4039 1688 4077 cum
1738 4026 1804 4095 (s,
1858 4026 1892 4079 Ζ.
1943 4042 2012 4079 m.
2051 4029 2102 4091 1)
2149 4026 2198 4081 0
2337 4032 2394 4081 et
2431 4026 2564 4097 quid
2601 4028 2676 4081 sit

378 4108 461 4173 (in
494 4124 665 4177 mary.
702 4125 773 4161 m.
812 4112 853 4161 2
890 4110 1043 4179 add.)
1092 4109 1137 4162 0
1264 4109 1331 4163 10
1368 4112 1567 4180 putant
1603 4111 1890 4167 colendum
1927 4113 1976 4169 S
2101 4115 2167 4169 13
2214 4114 2558 4171 diliramento
2596 4116 2672 4169 L¹

375 4196 445 4248 14
471 4196 741 4250 rationale
768 4196 841 4267 (le
880 4196 1011 4252 add.
1050 4214 1120 4252 m.
1150 4200 1210 4264 2)
1242 4197 1329 4251 Lb
1442 4200 1507 4252 19
1548 4200 1644 4270 qui
1669 4200 1744 4253 L¹
1854 4202 1924 4255 22
1955 4202 2088 4257 dicis
2119 4203 2209 4258 dei
2237 4202 2286 4259 S
2415 4202 2598 4273 dicisls
2635 4204 2682 4259 Ο

375 4284 444 4337 23
494 4286 575 4354 at]
621 4282 690 4339 ad
736 4284 987 4341 LSM¹G
1170 4288 1239 4341 24
1288 4286 1377 4341 dei
1427 4294 1557 4343 ante
1593 4306 1700 4344 non
1741 4293 1804 4357 (ε.
1853 4292 1888 4346 Ζ.
1938 4309 2005 4345 m.
2054 4298 2104 4357 1)
2162 4292 2210 4346 C'
2321 4293 2388 4345 26
2427 4291 2679 4363 blasphe-

374 4373 575 4426 mantis
615 4372 741 4427 S¹G
851 4374 919 4427 27
956 4376 1441 4431 maccinarnentum
1479 4376 1560 4431 I.¹
1671 4380 1740 4432 29
1779 4383 1940 4449 putas
1980 4380 2025 4434 S
