<?xml version="1.0" encoding="UTF-8"?>
<!DOCTYPE html PUBLIC "-//W3C//DTD XHTML 1.0 Transitional//EN"
    "http://www.w3.org/TR/xhtml1/DTD/xhtml1-transitional.dtd">
<html xmlns="http://www.w3.org/1999/xhtml" xml:lang="en" lang="en">
 <head>
  <title>
</title>
<meta http-equiv="Content-Type" content="text/html;charset=utf-8" />
  <meta name='ocr-system' content='tesseract 3.04.00' />
  <meta name='ocr-capabilities' content='ocr_page ocr_carea ocr_par ocr_line ocrx_word'/>
</head>
<body>
  <div class='ocr_page' id='page_1' title='image "./corpusscriptoru27wissgoog_0778.png"; bbox 0 0 3159 4984; ppageno 0'>
   <div class='ocr_carea' id='block_1_1' title="bbox 551 423 2128 494">
    <p class='ocr_par' dir='ltr' id='par_1_1' title="bbox 551 423 2128 494">
     <span class='ocr_line' id='line_1_1' title="bbox 551 423 2128 494; baseline -0.007 -7"><span class='ocrx_word' id='word_1_1' title='bbox 551 427 677 492; x_wconf 85' lang='lat'><strong>768</strong></span> <span class='ocrx_word' id='word_1_2' title='bbox 1032 467 1038 474; x_wconf 76' lang='grc'><em>.</em></span> <span class='ocrx_word' id='word_1_3' title='bbox 1255 425 1307 480; x_wconf 83' lang='lat' dir='ltr'><strong>S.</strong></span> <span class='ocrx_word' id='word_1_4' title='bbox 1368 425 1640 480; x_wconf 79' lang='lat' dir='ltr'>Aureli</span> <span class='ocrx_word' id='word_1_5' title='bbox 1697 423 2128 494; x_wconf 80' lang='lat' dir='ltr'><strong>Augustini</strong></span> 
     </span>
    </p>
   </div>
   <div class='ocr_carea' id='block_1_2' title="bbox 544 617 2946 3371">
    <p class='ocr_par' dir='ltr' id='par_1_2' title="bbox 546 617 2946 3155">
     <span class='ocr_line' id='line_1_2' title="bbox 553 617 2844 716; baseline -0.002 -32"><span class='ocrx_word' id='word_1_6' title='bbox 553 619 781 684; x_wconf 88' lang='lat' dir='ltr'><strong>hendi</strong></span> <span class='ocrx_word' id='word_1_7' title='bbox 830 639 1442 716; x_wconf 40' lang='lat' dir='ltr'><strong>manum-eorum,</strong></span> <span class='ocrx_word' id='word_1_8' title='bbox 1482 622 1567 683; x_wconf 91' lang='lat' dir='ltr'><strong>ut</strong></span> <span class='ocrx_word' id='word_1_9' title='bbox 1605 619 1925 683; x_wconf 89' lang='lat' dir='ltr'><strong>eicerem</strong></span> <span class='ocrx_word' id='word_1_10' title='bbox 1967 638 2092 684; x_wconf 88' lang='lat' dir='ltr'><strong>eos</strong></span> <span class='ocrx_word' id='word_1_11' title='bbox 2133 619 2218 682; x_wconf 91' lang='lat' dir='ltr'><strong>de</strong></span> <span class='ocrx_word' id='word_1_12' title='bbox 2255 617 2844 702; x_wconf 77' lang='lat' dir='ltr'><strong>terraAegypti.</strong></span> 
     </span>
     <span class='ocr_line' id='line_1_3' title="bbox 552 723 2848 810; baseline -0.002 -19"><span class='ocrx_word' id='word_1_13' title='bbox 552 745 699 792; x_wconf 87' lang='lat' dir='ltr'><strong>ecce</strong></span> <span class='ocrx_word' id='word_1_14' title='bbox 748 727 897 809; x_wconf 85' lang='lat' dir='ltr'><strong>quia</strong></span> <span class='ocrx_word' id='word_1_15' title='bbox 944 730 1010 791; x_wconf 91' lang='lat' dir='ltr'><strong>et</strong></span> <span class='ocrx_word' id='word_1_16' title='bbox 1054 727 1176 791; x_wconf 90' lang='lat' dir='ltr'><strong>hoc</strong></span> <span class='ocrx_word' id='word_1_17' title='bbox 1222 726 1674 810; x_wconf 88' lang='lat' dir='ltr'><strong>prophetatum</strong></span> <span class='ocrx_word' id='word_1_18' title='bbox 1719 729 1838 800; x_wconf 88' lang='lat' dir='ltr'><strong>est,</strong></span> <span class='ocrx_word' id='word_1_19' title='bbox 1895 745 2020 790; x_wconf 89' lang='lat' dir='ltr'><strong>non</strong></span> <span class='ocrx_word' id='word_1_20' title='bbox 2073 728 2628 809; x_wconf 86' lang='lat' dir='ltr'><strong>perseueraturum</strong></span> <span class='ocrx_word' id='word_1_21' title='bbox 2681 723 2848 788; x_wconf 88' lang='lat' dir='ltr'><strong>illud</strong></span> 
     </span>
     <span class='ocr_line' id='line_1_4' title="bbox 551 829 2846 912; baseline -0.001 -15"><span class='ocrx_word' id='word_1_22' title='bbox 551 836 1036 912; x_wconf 83' lang='lat' dir='ltr'><strong>testamentum,</strong></span> <span class='ocrx_word' id='word_1_23' title='bbox 1086 833 1201 897; x_wconf 89' lang='lat' dir='ltr'><strong>sed</strong></span> <span class='ocrx_word' id='word_1_24' title='bbox 1247 833 1538 896; x_wconf 86' lang='lat' dir='ltr'><strong>futurum</strong></span> <span class='ocrx_word' id='word_1_25' title='bbox 1583 850 1846 897; x_wconf 89' lang='lat' dir='ltr'><strong>nouum.</strong></span> <span class='ocrx_word' id='word_1_26' title='bbox 1894 830 2000 895; x_wconf 89' lang='lat' dir='ltr'><strong>hic</strong></span> <span class='ocrx_word' id='word_1_27' title='bbox 2038 831 2096 896; x_wconf 89' lang='lat' dir='ltr'><strong>si</strong></span> <span class='ocrx_word' id='word_1_28' title='bbox 2131 830 2453 896; x_wconf 88' lang='lat' dir='ltr'><strong>obiectum</strong></span> <span class='ocrx_word' id='word_1_29' title='bbox 2489 829 2686 896; x_wconf 86' lang='lat' dir='ltr'><strong>fuerit</strong></span> <span class='ocrx_word' id='word_1_30' title='bbox 2720 849 2846 896; x_wconf 89' lang='lat' dir='ltr'><strong>non</strong></span> 
     </span>
     <span class='ocr_line' id='line_1_5' title="bbox 550 936 2850 1024; baseline -0.002 -20"><span class='ocrx_word' id='word_1_31' title='bbox 550 957 667 1005; x_wconf 89' lang='lat' dir='ltr'><strong>nos</strong></span> <span class='ocrx_word' id='word_1_32' title='bbox 714 940 1029 1024; x_wconf 79' lang='lat' dir='ltr'><strong>pertinere</strong></span> <span class='ocrx_word' id='word_1_33' title='bbox 1076 939 1155 1004; x_wconf 91' lang='lat' dir='ltr'><strong>ad</strong></span> <span class='ocrx_word' id='word_1_34' title='bbox 1204 939 1463 1005; x_wconf 87' lang='lat' dir='ltr'><strong>domum</strong></span> <span class='ocrx_word' id='word_1_35' title='bbox 1500 939 1745 1004; x_wconf 77' lang='lat' dir='ltr'><strong>Israhel</strong></span> <span class='ocrx_word' id='word_1_36' title='bbox 1793 942 1858 1002; x_wconf 87' lang='lat' dir='ltr'><strong>et</strong></span> <span class='ocrx_word' id='word_1_37' title='bbox 1905 938 2163 1003; x_wconf 89' lang='lat' dir='ltr'><strong>domum</strong></span> <span class='ocrx_word' id='word_1_38' title='bbox 2211 937 2390 1012; x_wconf 82' lang='lat' dir='ltr'><strong>Iuda,</strong></span> <span class='ocrx_word' id='word_1_39' title='bbox 2439 956 2512 1002; x_wconf 84' lang='lat' dir='ltr'><strong>ex</strong></span> <span class='ocrx_word' id='word_1_40' title='bbox 2557 936 2850 1004; x_wconf 85' lang='lat' dir='ltr'><strong>doctrina</strong></span> 
     </span>
     <span class='ocr_line' id='line_1_6' title="bbox 552 1043 2944 1130; baseline -0.001 -20"><span class='ocrx_word' id='word_1_41' title='bbox 552 1047 907 1130; x_wconf 88' lang='lat' dir='ltr'><strong>apostolica</strong></span> <span class='ocrx_word' id='word_1_42' title='bbox 980 1065 1095 1111; x_wconf 89' lang='lat' dir='ltr'><strong>nos</strong></span> <span class='ocrx_word' id='word_1_43' title='bbox 1163 1043 1602 1116; x_wconf 80' lang='lat' dir='ltr'><strong>defendimus,</strong></span> <span class='ocrx_word' id='word_1_44' title='bbox 1671 1046 1820 1128; x_wconf 86' lang='lat' dir='ltr'><strong>quia</strong></span> <span class='ocrx_word' id='word_1_45' title='bbox 1881 1064 2098 1109; x_wconf 90' lang='lat' dir='ltr'><strong>semen</strong></span> <span class='ocrx_word' id='word_1_46' title='bbox 2163 1044 2450 1110; x_wconf 88' lang='lat' dir='ltr'><strong>Abrahae</strong></span> <span class='ocrx_word' id='word_1_47' title='bbox 2516 1043 2850 1108; x_wconf 77' lang='lat' dir='ltr'><strong>Christum</strong></span> <span class='ocrx_word' id='word_1_48' title='bbox 2914 1069 2944 1108; x_wconf 84' lang='lat'><strong>5</strong></span> 
     </span>
     <span class='ocr_line' id='line_1_7' title="bbox 550 1136 2848 1236; baseline -0.002 -18"><span class='ocrx_word' id='word_1_49' title='bbox 550 1172 691 1218; x_wconf 89' lang='lat' dir='ltr'><strong>esse</strong></span> <span class='ocrx_word' id='word_1_50' title='bbox 759 1153 947 1218; x_wconf 90' lang='lat' dir='ltr'><strong>docet</strong></span> <span class='ocrx_word' id='word_1_51' title='bbox 988 1136 1335 1236; x_wconf 41' lang='lat' dir='ltr'><strong>‘apostolus</strong></span> <span class='ocrx_word' id='word_1_52' title='bbox 1394 1151 1704 1234; x_wconf 83' lang='lat' dir='ltr'><strong>nobisque</strong></span> <span class='ocrx_word' id='word_1_53' title='bbox 1760 1151 1840 1217; x_wconf 89' lang='lat' dir='ltr'><strong>ad</strong></span> <span class='ocrx_word' id='word_1_54' title='bbox 1895 1171 2126 1236; x_wconf 89' lang='lat' dir='ltr'><strong>corpus</strong></span> <span class='ocrx_word' id='word_1_55' title='bbox 2184 1151 2321 1217; x_wconf 87' lang='lat' dir='ltr'><strong>eius</strong></span> <span class='ocrx_word' id='word_1_56' title='bbox 2376 1150 2848 1234; x_wconf 88' lang='lat' dir='ltr'><strong>pertinentibus</strong></span> 
     </span>
     <span class='ocr_line' id='line_1_8' title="bbox 551 1257 2848 1343; baseline -0.001 -19"><span class='ocrx_word' id='word_1_57' title='bbox 551 1260 749 1324; x_wconf 88' lang='lat' dir='ltr'><strong>dicit:</strong></span> <span class='ocrx_word' id='word_1_58' title='bbox 820 1278 997 1343; x_wconf 87' lang='lat' dir='ltr'><strong>ergo</strong></span> <span class='ocrx_word' id='word_1_59' title='bbox 1044 1257 1389 1322; x_wconf 87' lang='lat' dir='ltr'><strong>Abrahae</strong></span> <span class='ocrx_word' id='word_1_60' title='bbox 1445 1277 1697 1323; x_wconf 87' lang='lat' dir='ltr'><strong>semen</strong></span> <span class='ocrx_word' id='word_1_61' title='bbox 1757 1257 1969 1323; x_wconf 87' lang='lat' dir='ltr'><strong>estis.</strong></span> <span class='ocrx_word' id='word_1_62' title='bbox 2035 1276 2220 1342; x_wconf 85' lang='lat' dir='ltr'><strong>porro</strong></span> <span class='ocrx_word' id='word_1_63' title='bbox 2278 1258 2335 1323; x_wconf 89' lang='lat' dir='ltr'><strong>si</strong></span> <span class='ocrx_word' id='word_1_64' title='bbox 2389 1258 2752 1341; x_wconf 88' lang='lat' dir='ltr'><strong>quaesitum</strong></span> <span class='ocrx_word' id='word_1_65' title='bbox 2813 1275 2848 1321; x_wconf 85' lang='lat' dir='ltr'><strong>a</strong></span> 
     </span>
     <span class='ocr_line' id='line_1_9' title="bbox 550 1364 2850 1443; baseline -0.001 -12"><span class='ocrx_word' id='word_1_66' title='bbox 550 1366 733 1432; x_wconf 90' lang='lat' dir='ltr'><strong>nobis</strong></span> <span class='ocrx_word' id='word_1_67' title='bbox 799 1365 994 1431; x_wconf 87' lang='lat' dir='ltr'><strong>fuerit</strong></span> <span class='ocrx_word' id='word_1_68' title='bbox 1016 1415 1031 1443; x_wconf 86' lang='lat'>,</span> <span class='ocrx_word' id='word_1_69' title='bbox 1099 1384 1213 1430; x_wconf 87' lang='lat' dir='ltr'><strong>cur</strong></span> <span class='ocrx_word' id='word_1_70' title='bbox 1282 1364 1461 1429; x_wconf 86' lang='lat' dir='ltr'><strong>illius</strong></span> <span class='ocrx_word' id='word_1_71' title='bbox 1534 1365 1906 1430; x_wconf 74' lang='lat' dir='ltr'><strong>testamenti</strong></span> <span class='ocrx_word' id='word_1_72' title='bbox 1979 1364 2422 1430; x_wconf 87' lang='lat' dir='ltr'><strong>auctoritatem</strong></span> <span class='ocrx_word' id='word_1_73' title='bbox 2488 1368 2850 1442; x_wconf 76' lang='lat' dir='ltr'><strong>teneamu8‚</strong></span> 
     </span>
     <span class='ocr_line' id='line_1_10' title="bbox 555 1469 2850 1554; baseline -0.001 -17"><span class='ocrx_word' id='word_1_74' title='bbox 555 1473 739 1538; x_wconf 89' lang='lat' dir='ltr'><strong>cuius</strong></span> <span class='ocrx_word' id='word_1_75' title='bbox 786 1474 981 1537; x_wconf 86' lang='lat' dir='ltr'><strong>ritum</strong></span> <span class='ocrx_word' id='word_1_76' title='bbox 1028 1491 1153 1537; x_wconf 91' lang='lat' dir='ltr'><strong>non</strong></span> <span class='ocrx_word' id='word_1_77' title='bbox 1202 1471 1642 1548; x_wconf 83' lang='lat' dir='ltr'><strong>obseruamns,</strong></span> <span class='ocrx_word' id='word_1_78' title='bbox 1693 1473 1759 1536; x_wconf 88' lang='lat' dir='ltr'><strong>et</strong></span> <span class='ocrx_word' id='word_1_79' title='bbox 1803 1471 1882 1535; x_wconf 91' lang='lat' dir='ltr'><strong>ad</strong></span> <span class='ocrx_word' id='word_1_80' title='bbox 1926 1471 2049 1537; x_wconf 89' lang='lat' dir='ltr'><strong>hoc</strong></span> <span class='ocrx_word' id='word_1_81' title='bbox 2095 1489 2170 1535; x_wconf 83' lang='lat' dir='ltr'><strong>ex</strong></span> <span class='ocrx_word' id='word_1_82' title='bbox 2204 1471 2438 1536; x_wconf 87' lang='lat' dir='ltr'><strong>litteris</strong></span> <span class='ocrx_word' id='word_1_83' title='bbox 2476 1469 2850 1554; x_wconf 86' lang='lat' dir='ltr'><strong>apostolicis</strong></span> 
     </span>
     <span class='ocr_line' id='line_1_11' title="bbox 553 1577 2940 1664; baseline 0 -22"><span class='ocrx_word' id='word_1_84' title='bbox 553 1580 1035 1664; x_wconf 83' lang='lat' dir='ltr'><strong>respondemus.</strong></span> <span class='ocrx_word' id='word_1_85' title='bbox 1106 1578 1196 1643; x_wconf 83' lang='lat' dir='ltr'><strong>ait</strong></span> <span class='ocrx_word' id='word_1_86' title='bbox 1242 1579 1409 1643; x_wconf 90' lang='lat' dir='ltr'><strong>enim</strong></span> <span class='ocrx_word' id='word_1_87' title='bbox 1458 1579 1822 1662; x_wconf 86' lang='lat' dir='ltr'><strong>apostolus:</strong></span> <span class='ocrx_word' id='word_1_88' title='bbox 1885 1597 2096 1642; x_wconf 89' lang='lat' dir='ltr'><strong>nemo</strong></span> <span class='ocrx_word' id='word_1_89' title='bbox 2144 1597 2322 1662; x_wconf 85' lang='lat' dir='ltr'><strong>ergo</strong></span> <span class='ocrx_word' id='word_1_90' title='bbox 2370 1597 2504 1642; x_wconf 91' lang='lat' dir='ltr'><strong>uos</strong></span> <span class='ocrx_word' id='word_1_91' title='bbox 2550 1577 2850 1642; x_wconf 87' lang='lat' dir='ltr'><strong>iudicet</strong></span> <span class='ocrx_word' id='word_1_92' title='bbox 2887 1605 2940 1642; x_wconf 81' lang='grc' dir='ltr'><strong>ιο</strong></span> 
     </span>
     <span class='ocr_line' id='line_1_12' title="bbox 555 1684 2848 1771; baseline -0.001 -21"><span class='ocrx_word' id='word_1_93' title='bbox 555 1687 629 1751; x_wconf 91' lang='lat' dir='ltr'><strong>in</strong></span> <span class='ocrx_word' id='word_1_94' title='bbox 679 1686 845 1753; x_wconf 88' lang='lat' dir='ltr'><strong>cibo</strong></span> <span class='ocrx_word' id='word_1_95' title='bbox 896 1690 971 1751; x_wconf 90' lang='lat' dir='ltr'><strong>et</strong></span> <span class='ocrx_word' id='word_1_96' title='bbox 1014 1690 1198 1771; x_wconf 91' lang='lat' dir='ltr'><strong>potu</strong></span> <span class='ocrx_word' id='word_1_97' title='bbox 1246 1689 1377 1750; x_wconf 87' lang='lat' dir='ltr'><strong>aut</strong></span> <span class='ocrx_word' id='word_1_98' title='bbox 1420 1685 1494 1750; x_wconf 92' lang='lat' dir='ltr'><strong>in</strong></span> <span class='ocrx_word' id='word_1_99' title='bbox 1540 1687 1755 1769; x_wconf 85' lang='lat' dir='ltr'><strong>parte</strong></span> <span class='ocrx_word' id='word_1_100' title='bbox 1805 1684 1954 1749; x_wconf 90' lang='lat' dir='ltr'><strong>diei</strong></span> <span class='ocrx_word' id='word_1_101' title='bbox 2001 1685 2186 1750; x_wconf 87' lang='lat' dir='ltr'><strong>festi</strong></span> <span class='ocrx_word' id='word_1_102' title='bbox 2233 1689 2362 1748; x_wconf 84' lang='lat' dir='ltr'><strong>aut</strong></span> <span class='ocrx_word' id='word_1_103' title='bbox 2407 1684 2848 1770; x_wconf 71' lang='lat' dir='ltr'><strong>neomeniae</strong></span> 
     </span>
     <span class='ocr_line' id='line_1_13' title="bbox 552 1790 2848 1875; baseline -0.001 -18"><span class='ocrx_word' id='word_1_104' title='bbox 552 1795 688 1857; x_wconf 89' lang='lat' dir='ltr'><strong>aut</strong></span> <span class='ocrx_word' id='word_1_105' title='bbox 724 1793 1234 1871; x_wconf 73' lang='lat' dir='ltr'><strong>sabbatorum,</strong></span> <span class='ocrx_word' id='word_1_106' title='bbox 1275 1791 1467 1874; x_wconf 91' lang='lat' dir='ltr'><strong>quod</strong></span> <span class='ocrx_word' id='word_1_107' title='bbox 1518 1795 1637 1857; x_wconf 90' lang='lat' dir='ltr'><strong>est</strong></span> <span class='ocrx_word' id='word_1_108' title='bbox 1682 1793 1939 1857; x_wconf 88' lang='lat' dir='ltr'><strong>umbra</strong></span> <span class='ocrx_word' id='word_1_109' title='bbox 1984 1790 2436 1858; x_wconf 84' lang='lat' dir='ltr'><strong>futurorum.</strong></span> <span class='ocrx_word' id='word_1_110' title='bbox 2483 1791 2576 1854; x_wconf 87' lang='lat' dir='ltr'><strong>ita</strong></span> <span class='ocrx_word' id='word_1_111' title='bbox 2609 1791 2848 1875; x_wconf 86' lang='lat' dir='ltr'><strong>quippe</strong></span> 
     </span>
     <span class='ocr_line' id='line_1_14' title="bbox 550 1897 2850 1984; baseline -0.001 -20"><span class='ocrx_word' id='word_1_112' title='bbox 550 1903 617 1964; x_wconf 87' lang='lat' dir='ltr'><strong>et</strong></span> <span class='ocrx_word' id='word_1_113' title='bbox 664 1918 778 1964; x_wconf 91' lang='lat' dir='ltr'><strong>cur</strong></span> <span class='ocrx_word' id='word_1_114' title='bbox 827 1918 901 1964; x_wconf 90' lang='lat' dir='ltr'><strong>ea</strong></span> <span class='ocrx_word' id='word_1_115' title='bbox 946 1899 1077 1984; x_wconf 86' lang='lat' dir='ltr'><strong>legi</strong></span> <span class='ocrx_word' id='word_1_116' title='bbox 1124 1901 1313 1982; x_wconf 89' lang='lat' dir='ltr'><strong>atque</strong></span> <span class='ocrx_word' id='word_1_117' title='bbox 1362 1897 1566 1981; x_wconf 82' lang='lat' dir='ltr'><strong>accipi</strong></span> <span class='ocrx_word' id='word_1_118' title='bbox 1615 1901 1923 1982; x_wconf 73' lang='lat' dir='ltr'><strong>oporteat,</strong></span> <span class='ocrx_word' id='word_1_119' title='bbox 1973 1897 2275 1974; x_wconf 83' lang='lat' dir='ltr'><strong>ostendit,</strong></span> <span class='ocrx_word' id='word_1_120' title='bbox 2321 1898 2390 1962; x_wconf 92' lang='lat' dir='ltr'><strong>id</strong></span> <span class='ocrx_word' id='word_1_121' title='bbox 2433 1901 2536 1963; x_wconf 90' lang='lat' dir='ltr'><strong>est</strong></span> <span class='ocrx_word' id='word_1_122' title='bbox 2579 1917 2656 1962; x_wconf 88' lang='lat' dir='ltr'><strong>ne</strong></span> <span class='ocrx_word' id='word_1_123' title='bbox 2703 1917 2850 1980; x_wconf 90' lang='lat' dir='ltr'><strong>pro-</strong></span> 
     </span>
     <span class='ocr_line' id='line_1_15' title="bbox 550 2004 2850 2089; baseline -0 -20"><span class='ocrx_word' id='word_1_124' title='bbox 550 2006 835 2088; x_wconf 87' lang='lat' dir='ltr'><strong>phetiam</strong></span> <span class='ocrx_word' id='word_1_125' title='bbox 892 2006 1361 2089; x_wconf 79' lang='lat' dir='ltr'><strong>extinguamus,</strong></span> <span class='ocrx_word' id='word_1_126' title='bbox 1419 2006 1568 2089; x_wconf 88' lang='lat' dir='ltr'><strong>quia</strong></span> <span class='ocrx_word' id='word_1_127' title='bbox 1621 2006 1686 2070; x_wconf 89' lang='lat' dir='ltr'><strong>in</strong></span> <span class='ocrx_word' id='word_1_128' title='bbox 1744 2005 1972 2070; x_wconf 89' lang='lat' dir='ltr'><strong>umbra</strong></span> <span class='ocrx_word' id='word_1_129' title='bbox 2021 2005 2190 2070; x_wconf 86' lang='lat' dir='ltr'><strong>facta</strong></span> <span class='ocrx_word' id='word_1_130' title='bbox 2238 2008 2398 2070; x_wconf 84' lang='lat' dir='ltr'><strong>sunt</strong></span> <span class='ocrx_word' id='word_1_131' title='bbox 2459 2004 2850 2080; x_wconf 75' lang='lat' dir='ltr'><strong>futurorum,</strong></span> 
     </span>
     <span class='ocr_line' id='line_1_16' title="bbox 553 2111 2946 2196; baseline -0.001 -20"><span class='ocrx_word' id='word_1_132' title='bbox 553 2115 618 2176; x_wconf 89' lang='lat' dir='ltr'><strong>et</strong></span> <span class='ocrx_word' id='word_1_133' title='bbox 666 2131 885 2177; x_wconf 86' lang='lat' dir='ltr'><strong>curare</strong></span> <span class='ocrx_word' id='word_1_134' title='bbox 932 2131 1047 2178; x_wconf 88' lang='lat' dir='ltr'><strong>nos</strong></span> <span class='ocrx_word' id='word_1_135' title='bbox 1095 2131 1219 2177; x_wconf 89' lang='lat' dir='ltr'><strong>non</strong></span> <span class='ocrx_word' id='word_1_136' title='bbox 1260 2112 1486 2178; x_wconf 90' lang='lat' dir='ltr'><strong>debere</strong></span> <span class='ocrx_word' id='word_1_137' title='bbox 1526 2133 1656 2188; x_wconf 82' lang='lat' dir='ltr'><strong>eos,</strong></span> <span class='ocrx_word' id='word_1_138' title='bbox 1698 2112 1807 2196; x_wconf 91' lang='lat' dir='ltr'><strong>qui</strong></span> <span class='ocrx_word' id='word_1_139' title='bbox 1843 2131 1960 2178; x_wconf 90' lang='lat' dir='ltr'><strong>nos</strong></span> <span class='ocrx_word' id='word_1_140' title='bbox 1998 2111 2147 2177; x_wconf 89' lang='lat' dir='ltr'><strong>hinc</strong></span> <span class='ocrx_word' id='word_1_141' title='bbox 2181 2111 2464 2177; x_wconf 88' lang='lat' dir='ltr'><strong>iudicare</strong></span> <span class='ocrx_word' id='word_1_142' title='bbox 2501 2111 2850 2190; x_wconf 70' lang='lat' dir='ltr'><strong>noluerint,</strong></span> <span class='ocrx_word' id='word_1_143' title='bbox 2893 2135 2946 2174; x_wconf 66' lang='grc' dir='ltr'><strong>ιο</strong></span> 
     </span>
     <span class='ocr_line' id='line_1_17' title="bbox 553 2217 2848 2301; baseline 0 -19"><span class='ocrx_word' id='word_1_144' title='bbox 553 2219 725 2301; x_wconf 89' lang='lat' dir='ltr'><strong>quod</strong></span> <span class='ocrx_word' id='word_1_145' title='bbox 774 2219 1183 2301; x_wconf 86' lang='lat' dir='ltr'><strong>corporaliter</strong></span> <span class='ocrx_word' id='word_1_146' title='bbox 1226 2219 1355 2284; x_wconf 90' lang='lat' dir='ltr'><strong>iam</strong></span> <span class='ocrx_word' id='word_1_147' title='bbox 1402 2239 1525 2285; x_wconf 86' lang='lat' dir='ltr'><strong>non</strong></span> <span class='ocrx_word' id='word_1_148' title='bbox 1574 2219 2009 2294; x_wconf 87' lang='lat' dir='ltr'><strong>obseruemus‚</strong></span> <span class='ocrx_word' id='word_1_149' title='bbox 2067 2217 2239 2284; x_wconf 88' lang='lat' dir='ltr'><strong>sicut</strong></span> <span class='ocrx_word' id='word_1_150' title='bbox 2291 2217 2444 2283; x_wconf 89' lang='lat' dir='ltr'><strong>alibi</strong></span> <span class='ocrx_word' id='word_1_151' title='bbox 2487 2218 2616 2282; x_wconf 89' lang='lat' dir='ltr'><strong>tale</strong></span> <span class='ocrx_word' id='word_1_152' title='bbox 2665 2219 2848 2301; x_wconf 85' lang='lat' dir='ltr'><strong>quid·</strong></span> 
     </span>
     <span class='ocr_line' id='line_1_18' title="bbox 554 2324 2847 2410; baseline 0.001 -22"><span class='ocrx_word' id='word_1_153' title='bbox 554 2324 698 2389; x_wconf 90' lang='lat' dir='ltr'><strong>dam</strong></span> <span class='ocrx_word' id='word_1_154' title='bbox 749 2324 944 2389; x_wconf 83' lang='lat' dir='ltr'><strong>dixit:</strong></span> <span class='ocrx_word' id='word_1_155' title='bbox 1010 2325 1194 2390; x_wconf 89' lang='lat' dir='ltr'><strong>haec</strong></span> <span class='ocrx_word' id='word_1_156' title='bbox 1250 2326 1323 2390; x_wconf 90' lang='lat' dir='ltr'><strong>in</strong></span> <span class='ocrx_word' id='word_1_157' title='bbox 1380 2326 1636 2410; x_wconf 87' lang='lat' dir='ltr'><strong>figura</strong></span> <span class='ocrx_word' id='word_1_158' title='bbox 1692 2325 2238 2409; x_wconf 84' lang='lat' dir='ltr'><strong>contingebant</strong></span> <span class='ocrx_word' id='word_1_159' title='bbox 2289 2325 2486 2402; x_wconf 88' lang='lat' dir='ltr'><strong>illis;</strong></span> <span class='ocrx_word' id='word_1_160' title='bbox 2553 2325 2847 2408; x_wconf 85' lang='lat' dir='ltr'><strong>scripta</strong></span> 
     </span>
     <span class='ocr_line' id='line_1_19' title="bbox 550 2431 2844 2515; baseline 0 -19"><span class='ocrx_word' id='word_1_161' title='bbox 550 2434 729 2496; x_wconf 87' lang='lat' dir='ltr'><strong>sunt</strong></span> <span class='ocrx_word' id='word_1_162' title='bbox 795 2435 1043 2496; x_wconf 87' lang='lat' dir='ltr'><strong>autem</strong></span> <span class='ocrx_word' id='word_1_163' title='bbox 1110 2436 1418 2515; x_wconf 87' lang='lat' dir='ltr'><strong>propter</strong></span> <span class='ocrx_word' id='word_1_164' title='bbox 1483 2431 2042 2515; x_wconf 87' lang='lat' dir='ltr'><strong>correptionem</strong></span> <span class='ocrx_word' id='word_1_165' title='bbox 2097 2435 2463 2508; x_wconf 80' lang='lat' dir='ltr'><strong>nostram,</strong></span> <span class='ocrx_word' id='word_1_166' title='bbox 2519 2431 2595 2495; x_wconf 93' lang='lat' dir='ltr'><strong>in</strong></span> <span class='ocrx_word' id='word_1_167' title='bbox 2655 2451 2844 2514; x_wconf 84' lang='lat' dir='ltr'><strong>quos</strong></span> 
     </span>
     <span class='ocr_line' id='line_1_20' title="bbox 552 2538 2847 2623; baseline 0 -21"><span class='ocrx_word' id='word_1_168' title='bbox 552 2540 739 2604; x_wconf 85' lang='lat' dir='ltr'><strong>finis</strong></span> <span class='ocrx_word' id='word_1_169' title='bbox 798 2539 1279 2605; x_wconf 88' lang='lat' dir='ltr'><strong>saeculorum</strong></span> <span class='ocrx_word' id='word_1_170' title='bbox 1338 2539 1674 2604; x_wconf 87' lang='lat' dir='ltr'><strong>obuenit.</strong></span> <span class='ocrx_word' id='word_1_171' title='bbox 1741 2556 1888 2603; x_wconf 83' lang='lat' dir='ltr'><strong>cum</strong></span> <span class='ocrx_word' id='word_1_172' title='bbox 1945 2558 2095 2623; x_wconf 88' lang='lat' dir='ltr'><strong>ergo</strong></span> <span class='ocrx_word' id='word_1_173' title='bbox 2141 2540 2271 2604; x_wconf 88' lang='lat' dir='ltr'><strong>tale</strong></span> <span class='ocrx_word' id='word_1_174' title='bbox 2319 2538 2560 2622; x_wconf 88' lang='lat' dir='ltr'><strong>aliquid</strong></span> <span class='ocrx_word' id='word_1_175' title='bbox 2604 2539 2847 2623; x_wconf 86' lang='lat' dir='ltr'><strong>legitur</strong></span> 
     </span>
     <span class='ocr_line' id='line_1_21' title="bbox 552 2645 2946 2729; baseline -0 -21"><span class='ocrx_word' id='word_1_176' title='bbox 552 2646 616 2709; x_wconf 93' lang='lat' dir='ltr'><strong>in</strong></span> <span class='ocrx_word' id='word_1_177' title='bbox 681 2647 1107 2710; x_wconf 89' lang='lat' dir='ltr'><strong>instrumento</strong></span> <span class='ocrx_word' id='word_1_178' title='bbox 1174 2647 1413 2711; x_wconf 89' lang='lat' dir='ltr'><strong>ueteris</strong></span> <span class='ocrx_word' id='word_1_179' title='bbox 1478 2646 1878 2722; x_wconf 80' lang='lat' dir='ltr'><strong>testamenti‚-</strong></span> <span class='ocrx_word' id='word_1_180' title='bbox 1936 2647 2120 2729; x_wconf 86' lang='lat' dir='ltr'><strong>quale</strong></span> <span class='ocrx_word' id='word_1_181' title='bbox 2187 2666 2225 2710; x_wconf 87' lang='lat' dir='ltr'><strong>a</strong></span> <span class='ocrx_word' id='word_1_182' title='bbox 2275 2645 2462 2712; x_wconf 88' lang='lat' dir='ltr'><strong>nobis</strong></span> <span class='ocrx_word' id='word_1_183' title='bbox 2519 2645 2842 2712; x_wconf 82' lang='lat' dir='ltr'><strong>obseruar=</strong></span> <span class='ocrx_word' id='word_1_184' title='bbox 2889 2670 2946 2707; x_wconf 71' lang='grc' dir='ltr'>ω</span> 
     </span>
     <span class='ocr_line' id='line_1_22' title="bbox 546 2752 2840 2836; baseline 0 -21"><span class='ocrx_word' id='word_1_185' title='bbox 546 2752 655 2816; x_wconf 89' lang='lat' dir='ltr'><strong>uel</strong></span> <span class='ocrx_word' id='word_1_186' title='bbox 698 2752 952 2817; x_wconf 87' lang='lat' dir='ltr'><strong>iussum</strong></span> <span class='ocrx_word' id='word_1_187' title='bbox 998 2771 1123 2817; x_wconf 89' lang='lat' dir='ltr'><strong>non</strong></span> <span class='ocrx_word' id='word_1_188' title='bbox 1171 2755 1272 2817; x_wconf 85' lang='lat' dir='ltr'><strong>est</strong></span> <span class='ocrx_word' id='word_1_189' title='bbox 1314 2752 1379 2816; x_wconf 91' lang='lat' dir='ltr'><strong>in</strong></span> <span class='ocrx_word' id='word_1_190' title='bbox 1416 2771 1586 2817; x_wconf 90' lang='lat' dir='ltr'><strong>nouo</strong></span> <span class='ocrx_word' id='word_1_191' title='bbox 1621 2753 2010 2818; x_wconf 87' lang='lat' dir='ltr'><strong>testamento</strong></span> <span class='ocrx_word' id='word_1_192' title='bbox 2048 2753 2156 2818; x_wconf 88' lang='lat' dir='ltr'><strong>uel</strong></span> <span class='ocrx_word' id='word_1_193' title='bbox 2194 2753 2389 2818; x_wconf 90' lang='lat' dir='ltr'><strong>etiam</strong></span> <span class='ocrx_word' id='word_1_194' title='bbox 2423 2753 2840 2836; x_wconf 82' lang='lat' dir='ltr'><strong>prohibitum,</strong></span> 
     </span>
     <span class='ocr_line' id='line_1_23' title="bbox 548 2857 2840 2942; baseline 0.001 -21"><span class='ocrx_word' id='word_1_195' title='bbox 548 2857 701 2940; x_wconf 89' lang='lat' dir='ltr'><strong>quid</strong></span> <span class='ocrx_word' id='word_1_196' title='bbox 748 2857 1070 2942; x_wconf 87' lang='lat' dir='ltr'><strong>significet</strong></span> <span class='ocrx_word' id='word_1_197' title='bbox 1116 2858 1543 2940; x_wconf 90' lang='lat' dir='ltr'><strong>quaerendum</strong></span> <span class='ocrx_word' id='word_1_198' title='bbox 1595 2863 1715 2935; x_wconf 79' lang='lat' dir='ltr'><strong>est,</strong></span> <span class='ocrx_word' id='word_1_199' title='bbox 1754 2877 1878 2923; x_wconf 89' lang='lat' dir='ltr'><strong>non</strong></span> <span class='ocrx_word' id='word_1_200' title='bbox 1924 2857 2529 2942; x_wconf 82' lang='lat' dir='ltr'><strong>reprehendendum,</strong></span> <span class='ocrx_word' id='word_1_201' title='bbox 2569 2860 2720 2942; x_wconf 89' lang='lat' dir='ltr'><strong>quia</strong></span> <span class='ocrx_word' id='word_1_202' title='bbox 2767 2878 2840 2924; x_wconf 88' lang='lat' dir='ltr'><strong>eo</strong></span> 
     </span>
     <span class='ocr_line' id='line_1_24' title="bbox 546 2963 2842 3049; baseline 0.001 -21"><span class='ocrx_word' id='word_1_203' title='bbox 546 2964 711 3047; x_wconf 80' lang='lat' dir='ltr'><strong>ipsO‚</strong></span> <span class='ocrx_word' id='word_1_204' title='bbox 762 2984 888 3047; x_wconf 89' lang='lat' dir='ltr'><strong>quo</strong></span> <span class='ocrx_word' id='word_1_205' title='bbox 934 2964 1065 3028; x_wconf 89' lang='lat' dir='ltr'><strong>iam</strong></span> <span class='ocrx_word' id='word_1_206' title='bbox 1110 2983 1236 3029; x_wconf 92' lang='lat' dir='ltr'><strong>non</strong></span> <span class='ocrx_word' id='word_1_207' title='bbox 1285 2965 1680 3041; x_wconf 56' lang='lat' dir='ltr'><strong>obseruatur⁹</strong></span> <span class='ocrx_word' id='word_1_208' title='bbox 1737 2984 1862 3030; x_wconf 90' lang='lat' dir='ltr'><strong>non</strong></span> <span class='ocrx_word' id='word_1_209' title='bbox 1921 2963 2310 3042; x_wconf 85' lang='lat' dir='ltr'><strong>damnatum,</strong></span> <span class='ocrx_word' id='word_1_210' title='bbox 2367 2965 2482 3030; x_wconf 87' lang='lat' dir='ltr'><strong>sed</strong></span> <span class='ocrx_word' id='word_1_211' title='bbox 2524 2965 2842 3049; x_wconf 85' lang='lat' dir='ltr'><strong>inpletum</strong></span> 
     </span>
     <span class='ocr_line' id='line_1_25' title="bbox 546 3070 2220 3155; baseline 0.001 -20"><span class='ocrx_word' id='word_1_212' title='bbox 546 3071 869 3153; x_wconf 87' lang='lat' dir='ltr'><strong>probatur.</strong></span> <span class='ocrx_word' id='word_1_213' title='bbox 939 3070 1105 3135; x_wconf 88' lang='lat' dir='ltr'><strong>unde</strong></span> <span class='ocrx_word' id='word_1_214' title='bbox 1152 3071 1359 3135; x_wconf 88' lang='lat' dir='ltr'><strong>multa</strong></span> <span class='ocrx_word' id='word_1_215' title='bbox 1406 3073 1471 3136; x_wconf 90' lang='lat' dir='ltr'><strong>et</strong></span> <span class='ocrx_word' id='word_1_216' title='bbox 1518 3090 1708 3155; x_wconf 88' lang='lat' dir='ltr'><strong>saepe</strong></span> <span class='ocrx_word' id='word_1_217' title='bbox 1754 3074 1882 3136; x_wconf 90' lang='lat' dir='ltr'><strong>iam</strong></span> <span class='ocrx_word' id='word_1_218' title='bbox 1930 3072 2220 3137; x_wconf 80' lang='lat' dir='ltr'><strong>diximus.</strong></span> 
     </span>
    </p>

    <p class='ocr_par' dir='ltr' id='par_1_3' title="bbox 544 3177 2938 3371">
     <span class='ocr_line' id='line_1_26' title="bbox 642 3177 2938 3265; baseline 0.001 -23"><span class='ocrx_word' id='word_1_219' title='bbox 642 3179 745 3242; x_wconf 92' lang='grc'><strong>10.</strong></span> <span class='ocrx_word' id='word_1_220' title='bbox 812 3178 1010 3243; x_wconf 87' lang='lat' dir='ltr'><strong>Uelut</strong></span> <span class='ocrx_word' id='word_1_221' title='bbox 1054 3177 1177 3244; x_wconf 90' lang='lat' dir='ltr'><strong>hoc</strong></span> <span class='ocrx_word' id='word_1_222' title='bbox 1223 3177 1455 3261; x_wconf 85' lang='lat' dir='ltr'><strong>ipsum,</strong></span> <span class='ocrx_word' id='word_1_223' title='bbox 1514 3178 1686 3260; x_wconf 91' lang='lat' dir='ltr'><strong>quod</strong></span> <span class='ocrx_word' id='word_1_224' title='bbox 1731 3180 1921 3246; x_wconf 91' lang='lat' dir='ltr'><strong>modo</strong></span> <span class='ocrx_word' id='word_1_225' title='bbox 1967 3199 2092 3246; x_wconf 90' lang='lat' dir='ltr'><strong>non</strong></span> <span class='ocrx_word' id='word_1_226' title='bbox 2139 3181 2516 3265; x_wconf 85' lang='lat' dir='ltr'><strong>intellegens</strong></span> <span class='ocrx_word' id='word_1_227' title='bbox 2563 3181 2840 3248; x_wconf 83' lang='lat' dir='ltr'><strong>Faustus</strong></span> <span class='ocrx_word' id='word_1_228' title='bbox 2879 3201 2938 3244; x_wconf 50' lang='grc' dir='ltr'><strong>ἢ</strong></span> 
     </span>
     <span class='ocr_line' id='line_1_27' title="bbox 544 3284 2836 3371; baseline 0.002 -23"><span class='ocrx_word' id='word_1_229' title='bbox 544 3284 861 3349; x_wconf 83' lang='lat' dir='ltr'><strong>mandatis</strong></span> <span class='ocrx_word' id='word_1_230' title='bbox 908 3285 1146 3350; x_wconf 87' lang='lat' dir='ltr'><strong>ueteris</strong></span> <span class='ocrx_word' id='word_1_231' title='bbox 1194 3286 1564 3350; x_wconf 88' lang='lat' dir='ltr'><strong>testamenti</strong></span> <span class='ocrx_word' id='word_1_232' title='bbox 1612 3306 1722 3369; x_wconf 91' lang='lat' dir='ltr'><strong>pro</strong></span> <span class='ocrx_word' id='word_1_233' title='bbox 1773 3287 2032 3352; x_wconf 87' lang='lat' dir='ltr'><strong>crimine</strong></span> <span class='ocrx_word' id='word_1_234' title='bbox 2080 3287 2332 3367; x_wconf 83' lang='lat' dir='ltr'><strong>obiecit,</strong></span> <span class='ocrx_word' id='word_1_235' title='bbox 2373 3288 2544 3371; x_wconf 91' lang='lat' dir='ltr'><strong>quod</strong></span> <span class='ocrx_word' id='word_1_236' title='bbox 2579 3308 2836 3355; x_wconf 82' lang='lat' dir='ltr'><strong>uxorem</strong></span> 
     </span>
    </p>
   </div>
   <div class='ocr_carea' id='block_1_3' title="bbox 542 3492 2838 3653">
    <p class='ocr_par' dir='ltr' id='par_1_4' title="bbox 542 3492 2838 3653">
     <span class='ocr_line' id='line_1_28' title="bbox 726 3492 2838 3567; baseline 0.003 -21"><span class='ocrx_word' id='word_1_237' title='bbox 726 3494 756 3546; x_wconf 87' lang='lat'>7</span> <span class='ocrx_word' id='word_1_238' title='bbox 796 3492 915 3548; x_wconf 87' lang='lat' dir='ltr'><strong>Gal.</strong></span> <span class='ocrx_word' id='word_1_239' title='bbox 954 3493 1005 3557; x_wconf 87' lang='lat'><strong>3,</strong></span> <span class='ocrx_word' id='word_1_240' title='bbox 1044 3494 1112 3547; x_wconf 88' lang='grc'><strong>29</strong></span> <span class='ocrx_word' id='word_1_241' title='bbox 1280 3496 1346 3550; x_wconf 91' lang='grc'><strong>10</strong></span> <span class='ocrx_word' id='word_1_242' title='bbox 1385 3494 1501 3551; x_wconf 88' lang='lat' dir='ltr'><strong>Col.</strong></span> <span class='ocrx_word' id='word_1_243' title='bbox 1538 3496 1591 3562; x_wconf 89' lang='grc'>2,</span> <span class='ocrx_word' id='word_1_244' title='bbox 1633 3497 1698 3550; x_wconf 87' lang='grc'><strong>16</strong></span> <span class='ocrx_word' id='word_1_245' title='bbox 1735 3513 1815 3567; x_wconf 88' lang='lat' dir='ltr'><strong>sq.</strong></span> <span class='ocrx_word' id='word_1_246' title='bbox 1983 3497 2046 3550; x_wconf 80' lang='grc' dir='ltr'>Π</span> <span class='ocrx_word' id='word_1_247' title='bbox 2087 3499 2112 3551; x_wconf 90' lang='lat'>1</span> <span class='ocrx_word' id='word_1_248' title='bbox 2149 3495 2269 3553; x_wconf 87' lang='lat' dir='ltr'><strong>Cor.</strong></span> <span class='ocrx_word' id='word_1_249' title='bbox 2313 3497 2394 3562; x_wconf 91' lang='lat'><strong>10,</strong></span> <span class='ocrx_word' id='word_1_250' title='bbox 2435 3499 2501 3551; x_wconf 88' lang='lat'><strong>11</strong></span> <span class='ocrx_word' id='word_1_251' title='bbox 2660 3497 2732 3552; x_wconf 84' lang='grc'>25</span> <span class='ocrx_word' id='word_1_252' title='bbox 2769 3497 2838 3552; x_wconf 83' lang='lat' dir='ltr'><strong>cf.</strong></span> 
     </span>
     <span class='ocr_line' id='line_1_29' title="bbox 542 3582 1060 3653; baseline 0 -17"><span class='ocrx_word' id='word_1_253' title='bbox 542 3583 708 3636; x_wconf 85' lang='lat' dir='ltr'><strong>Dent.</strong></span> <span class='ocrx_word' id='word_1_254' title='bbox 746 3582 833 3648; x_wconf 82' lang='lat'><strong>25,</strong></span> <span class='ocrx_word' id='word_1_255' title='bbox 872 3583 904 3635; x_wconf 88' lang='lat'>5</span> <span class='ocrx_word' id='word_1_256' title='bbox 943 3599 1060 3653; x_wconf 88' lang='lat' dir='ltr'><strong>sqq.</strong></span> 
     </span>
    </p>
   </div>
   <div class='ocr_carea' id='block_1_4' title="bbox 542 3706 2842 3958">
    <p class='ocr_par' dir='ltr' id='par_1_5' title="bbox 542 3706 2842 3958">
     <span class='ocr_line' id='line_1_30' title="bbox 616 3706 2837 3782; baseline 0.001 -21"><span class='ocrx_word' id='word_1_257' title='bbox 616 3708 647 3761; x_wconf 88' lang='lat'>1</span> <span class='ocrx_word' id='word_1_258' title='bbox 706 3723 889 3762; x_wconf 85' lang='lat' dir='ltr'><strong>earum</strong></span> <span class='ocrx_word' id='word_1_259' title='bbox 943 3706 1020 3761; x_wconf 78' lang='lat' dir='ltr'><strong>Ll</strong></span> <span class='ocrx_word' id='word_1_260' title='bbox 1239 3709 1427 3772; x_wconf 79' lang='lat' dir='ltr'><strong>cicer&amp;</strong></span> <span class='ocrx_word' id='word_1_261' title='bbox 1462 3708 1632 3762; x_wconf 81' lang='lat' dir='ltr'><strong>L¹M1</strong></span> <span class='ocrx_word' id='word_1_262' title='bbox 1805 3710 1840 3765; x_wconf 88' lang='grc'>8</span> <span class='ocrx_word' id='word_1_263' title='bbox 1881 3713 1959 3776; x_wconf 88' lang='lat' dir='ltr'><strong>(et</strong></span> <span class='ocrx_word' id='word_1_264' title='bbox 2004 3710 2094 3778; x_wconf 85' lang='lat'><strong>13)</strong></span> <span class='ocrx_word' id='word_1_265' title='bbox 2136 3728 2276 3782; x_wconf 88' lang='lat' dir='ltr'><strong>quur</strong></span> <span class='ocrx_word' id='word_1_266' title='bbox 2312 3711 2360 3764; x_wconf 88' lang='lat' dir='ltr'><em>L</em></span> <span class='ocrx_word' id='word_1_267' title='bbox 2537 3712 2600 3766; x_wconf 89' lang='lat'><strong>11</strong></span> <span class='ocrx_word' id='word_1_268' title='bbox 2657 3711 2747 3764; x_wconf 85' lang='lat' dir='ltr'><strong>die</strong></span> <span class='ocrx_word' id='word_1_269' title='bbox 2783 3710 2837 3763; x_wconf 89' lang='lat' dir='ltr'><strong><em>L</em></strong></span> 
     </span>
     <span class='ocr_line' id='line_1_31' title="bbox 542 3796 2838 3884; baseline 0.001 -35"><span class='ocrx_word' id='word_1_270' title='bbox 542 3796 891 3850; x_wconf 69' lang='lat' dir='ltr'><strong>neomeniae</strong></span> <span class='ocrx_word' id='word_1_271' title='bbox 967 3797 1059 3867; x_wconf 83' lang='lat' dir='ltr'><strong>(er.</strong></span> <span class='ocrx_word' id='word_1_272' title='bbox 1128 3801 1179 3866; x_wconf 86' lang='lat' dir='ltr'><strong>a)</strong></span> <span class='ocrx_word' id='word_1_273' title='bbox 1246 3797 1321 3872; x_wconf 25' lang='lat' dir='ltr'><strong>S,</strong></span> <span class='ocrx_word' id='word_1_274' title='bbox 1364 3798 1680 3853; x_wconf 80' lang='lat' dir='ltr'><strong>neomeniae</strong></span> <span class='ocrx_word' id='word_1_275' title='bbox 1756 3801 1808 3858; x_wconf 85' lang='lat' dir='ltr'><strong>(e</strong></span> <span class='ocrx_word' id='word_1_276' title='bbox 1873 3816 1964 3869; x_wconf 78' lang='lat' dir='ltr'><strong>pr.</strong></span> <span class='ocrx_word' id='word_1_277' title='bbox 2037 3815 2082 3855; x_wconf 82' lang='lat' dir='ltr'><strong>s.</strong></span> <span class='ocrx_word' id='word_1_278' title='bbox 2159 3801 2195 3855; x_wconf 81' lang='lat' dir='ltr'><strong>l.</strong></span> <span class='ocrx_word' id='word_1_279' title='bbox 2261 3800 2392 3884; x_wconf 72' lang='lat' dir='ltr'><strong>add.</strong></span> <span class='ocrx_word' id='word_1_280' title='bbox 2457 3805 2508 3854; x_wconf 71' lang='lat' dir='ltr'><strong>et</strong></span> <span class='ocrx_word' id='word_1_281' title='bbox 2571 3815 2602 3852; x_wconf 93' lang='lat' dir='ltr'><strong>o</strong></span> <span class='ocrx_word' id='word_1_282' title='bbox 2663 3815 2729 3854; x_wconf 74' lang='lat' dir='ltr'><strong>ea:</strong></span> <span class='ocrx_word' id='word_1_283' title='bbox 2799 3815 2838 3852; x_wconf 84' lang='lat' dir='ltr'><strong>u</strong></span> 
     </span>
     <span class='ocr_line' id='line_1_32' title="bbox 542 3884 2842 3958; baseline 0.003 -20"><span class='ocrx_word' id='word_1_284' title='bbox 542 3900 680 3939; x_wconf 79' lang='lat' dir='ltr'><strong>corr.</strong></span> <span class='ocrx_word' id='word_1_285' title='bbox 746 3901 816 3940; x_wconf 82' lang='lat' dir='ltr'><strong>m.</strong></span> <span class='ocrx_word' id='word_1_286' title='bbox 882 3885 941 3954; x_wconf 80' lang='lat'><strong>2)</strong></span> <span class='ocrx_word' id='word_1_287' title='bbox 1001 3884 1125 3939; x_wconf 83' lang='lat' dir='ltr'><strong>LM</strong></span> <span class='ocrx_word' id='word_1_288' title='bbox 1324 3888 1389 3942; x_wconf 87' lang='lat'><strong>13</strong></span> <span class='ocrx_word' id='word_1_289' title='bbox 1458 3887 1656 3958; x_wconf 68' lang='lat' dir='ltr'><strong>accipi·</strong></span> <span class='ocrx_word' id='word_1_290' title='bbox 1708 3888 1760 3956; x_wconf 92' lang='lat' dir='ltr'><strong>(o</strong></span> <span class='ocrx_word' id='word_1_291' title='bbox 1809 3887 1902 3958; x_wconf 76' lang='lat' dir='ltr'><strong>er.)</strong></span> <span class='ocrx_word' id='word_1_292' title='bbox 1953 3889 2000 3944; x_wconf 81' lang='lat'><em>0</em></span> <span class='ocrx_word' id='word_1_293' title='bbox 2211 3893 2298 3945; x_wconf 71' lang='lat' dir='ltr'><strong>est</strong></span> <span class='ocrx_word' id='word_1_294' title='bbox 2349 3893 2426 3956; x_wconf 88' lang='lat' dir='ltr'><strong>(st</strong></span> <span class='ocrx_word' id='word_1_295' title='bbox 2477 3905 2521 3944; x_wconf 80' lang='lat' dir='ltr'><strong>s.</strong></span> <span class='ocrx_word' id='word_1_296' title='bbox 2579 3888 2614 3944; x_wconf 85' lang='lat'><strong>1.</strong></span> <span class='ocrx_word' id='word_1_297' title='bbox 2669 3906 2740 3944; x_wconf 83' lang='lat' dir='ltr'><strong>m.</strong></span> <span class='ocrx_word' id='word_1_298' title='bbox 2799 3891 2842 3944; x_wconf 75' lang='lat'><em>2</em></span> 
     </span>
    </p>
   </div>
   <div class='ocr_carea' id='block_1_5' title="bbox 542 3972 2846 4402">
    <p class='ocr_par' dir='ltr' id='par_1_6' title="bbox 542 3972 2846 4402">
     <span class='ocr_line' id='line_1_33' title="bbox 546 3972 2838 4047; baseline 0.003 -22"><span class='ocrx_word' id='word_1_299' title='bbox 546 3972 699 4042; x_wconf 82' lang='lat' dir='ltr'><strong>add.)</strong></span> <span class='ocrx_word' id='word_1_300' title='bbox 738 3972 790 4026; x_wconf 91' lang='lat' dir='ltr'><em>L</em></span> <span class='ocrx_word' id='word_1_301' title='bbox 953 3975 1021 4028; x_wconf 86' lang='grc'><strong>16</strong></span> <span class='ocrx_word' id='word_1_302' title='bbox 1061 3974 1193 4044; x_wconf 87' lang='lat' dir='ltr'><strong>quid</strong></span> <span class='ocrx_word' id='word_1_303' title='bbox 1230 3976 1350 4030; x_wconf 87' lang='lat' dir='ltr'><strong>dam</strong></span> <span class='ocrx_word' id='word_1_304' title='bbox 1396 3976 1443 4031; x_wconf 82' lang='lat'><em>0</em></span> <span class='ocrx_word' id='word_1_305' title='bbox 1586 3976 1656 4032; x_wconf 89' lang='grc'><strong>18</strong></span> <span class='ocrx_word' id='word_1_306' title='bbox 1693 3980 1876 4032; x_wconf 85' lang='lat' dir='ltr'><strong>autem</strong></span> <span class='ocrx_word' id='word_1_307' title='bbox 1913 3994 2014 4032; x_wconf 80' lang='lat' dir='ltr'><strong>om.</strong></span> <span class='ocrx_word' id='word_1_308' title='bbox 2053 3977 2154 4033; x_wconf 73' lang='lat' dir='ltr'><strong>SG</strong></span> <span class='ocrx_word' id='word_1_309' title='bbox 2311 3979 2377 4033; x_wconf 89' lang='lat'><strong>19</strong></span> <span class='ocrx_word' id='word_1_310' title='bbox 2413 3978 2536 4032; x_wconf 83' lang='lat' dir='ltr'><strong>finis</strong></span> <span class='ocrx_word' id='word_1_311' title='bbox 2573 3981 2654 4047; x_wconf 84' lang='lat' dir='ltr'><strong>(es</strong></span> <span class='ocrx_word' id='word_1_312' title='bbox 2689 3977 2756 4032; x_wconf 78' lang='lat' dir='ltr'><strong>in</strong></span> <span class='ocrx_word' id='word_1_313' title='bbox 2789 3978 2838 4032; x_wconf 79' lang='lat' dir='ltr'><strong>is</strong></span> 
     </span>
     <span class='ocr_line' id='line_1_34' title="bbox 542 4059 2841 4137; baseline 0.002 -22"><span class='ocrx_word' id='word_1_314' title='bbox 542 4063 703 4126; x_wconf 78' lang='lat' dir='ltr'><strong>corr.)</strong></span> <span class='ocrx_word' id='word_1_315' title='bbox 741 4059 787 4115; x_wconf 77' lang='lat' dir='ltr'><strong><em>S</em></strong></span> <span class='ocrx_word' id='word_1_316' title='bbox 930 4063 999 4116; x_wconf 91' lang='grc'>20</span> <span class='ocrx_word' id='word_1_317' title='bbox 1036 4062 1093 4117; x_wconf 89' lang='lat' dir='ltr'><strong>in</strong></span> <span class='ocrx_word' id='word_1_318' title='bbox 1131 4067 1196 4131; x_wconf 84' lang='lat' dir='ltr'><strong>(s.</strong></span> <span class='ocrx_word' id='word_1_319' title='bbox 1236 4066 1271 4122; x_wconf 83' lang='grc' dir='ltr'><strong>Ζ.</strong></span> <span class='ocrx_word' id='word_1_320' title='bbox 1310 4081 1349 4119; x_wconf 85' lang='lat' dir='ltr'><strong>a</strong></span> <span class='ocrx_word' id='word_1_321' title='bbox 1382 4081 1453 4122; x_wconf 80' lang='lat' dir='ltr'><strong>m.</strong></span> <span class='ocrx_word' id='word_1_322' title='bbox 1493 4068 1554 4133; x_wconf 72' lang='lat'><strong>2)</strong></span> <span class='ocrx_word' id='word_1_323' title='bbox 1595 4064 1720 4120; x_wconf 84' lang='lat' dir='ltr'><strong>LM</strong></span> <span class='ocrx_word' id='word_1_324' title='bbox 1862 4067 1933 4121; x_wconf 82' lang='grc'><strong>22</strong></span> <span class='ocrx_word' id='word_1_325' title='bbox 1969 4065 2409 4137; x_wconf 74' lang='lat' dir='ltr'><strong>rephendendum</strong></span> <span class='ocrx_word' id='word_1_326' title='bbox 2448 4071 2525 4134; x_wconf 88' lang='lat' dir='ltr'><strong>(re</strong></span> <span class='ocrx_word' id='word_1_327' title='bbox 2563 4071 2614 4120; x_wconf 71' lang='lat' dir='ltr'><strong>et</strong></span> <span class='ocrx_word' id='word_1_328' title='bbox 2649 4065 2758 4122; x_wconf 88' lang='lat' dir='ltr'><strong>den</strong></span> <span class='ocrx_word' id='word_1_329' title='bbox 2793 4083 2841 4122; x_wconf 78' lang='lat' dir='ltr'><strong>s.</strong></span> 
     </span>
     <span class='ocr_line' id='line_1_35' title="bbox 543 4149 2846 4224; baseline 0.003 -21"><span class='ocrx_word' id='word_1_330' title='bbox 543 4151 603 4217; x_wconf 80' lang='grc' dir='ltr'><strong>Ζ.)</strong></span> <span class='ocrx_word' id='word_1_331' title='bbox 644 4149 690 4204; x_wconf 82' lang='lat' dir='ltr'><strong><em>S</em></strong></span> <span class='ocrx_word' id='word_1_332' title='bbox 721 4151 1159 4220; x_wconf 78' lang='lat' dir='ltr'><strong>rephendendum</strong></span> <span class='ocrx_word' id='word_1_333' title='bbox 1194 4152 1325 4220; x_wconf 83' lang='lat' dir='ltr'><strong>(den</strong></span> <span class='ocrx_word' id='word_1_334' title='bbox 1360 4169 1403 4210; x_wconf 81' lang='lat' dir='ltr'><strong>s.</strong></span> <span class='ocrx_word' id='word_1_335' title='bbox 1444 4153 1483 4208; x_wconf 84' lang='lat'><strong>1.</strong></span> <span class='ocrx_word' id='word_1_336' title='bbox 1522 4172 1560 4210; x_wconf 83' lang='lat' dir='ltr'><strong>a</strong></span> <span class='ocrx_word' id='word_1_337' title='bbox 1596 4171 1665 4212; x_wconf 86' lang='lat' dir='ltr'><strong>m.</strong></span> <span class='ocrx_word' id='word_1_338' title='bbox 1703 4156 1759 4224; x_wconf 92' lang='grc'><strong>2)</strong></span> <span class='ocrx_word' id='word_1_339' title='bbox 1803 4155 1858 4210; x_wconf 87' lang='lat' dir='ltr'><strong>G·</strong></span> <span class='ocrx_word' id='word_1_340' title='bbox 1965 4155 2036 4209; x_wconf 82' lang='lat'><strong>23</strong></span> <span class='ocrx_word' id='word_1_341' title='bbox 2073 4153 2416 4212; x_wconf 60' lang='lat' dir='ltr'><strong>dam-natum</strong></span> <span class='ocrx_word' id='word_1_342' title='bbox 2458 4153 2509 4209; x_wconf 82' lang='lat' dir='ltr'><strong><em>G</em></strong></span> <span class='ocrx_word' id='word_1_343' title='bbox 2551 4153 2846 4211; x_wconf 77' lang='lat' dir='ltr'><strong>damnatur</strong></span> 
     </span>
     <span class='ocr_line' id='line_1_36' title="bbox 546 4241 2844 4316; baseline 0.004 -25"><span class='ocrx_word' id='word_1_344' title='bbox 546 4241 730 4307; x_wconf 85' lang='lat' dir='ltr'><strong>(natur</strong></span> <span class='ocrx_word' id='word_1_345' title='bbox 764 4255 1028 4307; x_wconf 65' lang='grc' dir='ltr'><strong>ευριπ-εον.</strong></span> <span class='ocrx_word' id='word_1_346' title='bbox 1067 4257 1137 4294; x_wconf 86' lang='lat' dir='ltr'><strong>m.</strong></span> <span class='ocrx_word' id='word_1_347' title='bbox 1174 4242 1231 4310; x_wconf 87' lang='grc'><strong>2)</strong></span> <span class='ocrx_word' id='word_1_348' title='bbox 1272 4242 1373 4296; x_wconf 69' lang='grc' dir='ltr'><strong>ΒΘ</strong></span> <span class='ocrx_word' id='word_1_349' title='bbox 1500 4243 1572 4297; x_wconf 84' lang='grc'>24</span> <span class='ocrx_word' id='word_1_350' title='bbox 1611 4243 1764 4298; x_wconf 86' lang='lat' dir='ltr'><strong>Unde</strong></span> <span class='ocrx_word' id='word_1_351' title='bbox 1800 4245 1908 4298; x_wconf 73' lang='lat' dir='ltr'><strong>inc.</strong></span> <span class='ocrx_word' id='word_1_352' title='bbox 1949 4260 2068 4313; x_wconf 80' lang='lat' dir='ltr'><strong>cap.</strong></span> <span class='ocrx_word' id='word_1_353' title='bbox 2113 4244 2180 4298; x_wconf 89' lang='lat'><strong>10</strong></span> <span class='ocrx_word' id='word_1_354' title='bbox 2213 4245 2278 4298; x_wconf 77' lang='lat' dir='ltr'><strong>in</strong></span> <span class='ocrx_word' id='word_1_355' title='bbox 2314 4245 2345 4298; x_wconf 81' lang='lat' dir='ltr'><strong><em>b</em></strong></span> <span class='ocrx_word' id='word_1_356' title='bbox 2471 4245 2542 4306; x_wconf 78' lang='grc'>25</span> <span class='ocrx_word' id='word_1_357' title='bbox 2579 4243 2746 4316; x_wconf 74' lang='lat' dir='ltr'><strong>ipsud</strong></span> <span class='ocrx_word' id='word_1_358' title='bbox 2783 4245 2844 4312; x_wconf 81' lang='lat' dir='ltr'><strong>(d</strong></span> 
     </span>
     <span class='ocr_line' id='line_1_37' title="bbox 546 4329 2307 4402; baseline 0.005 -23"><span class='ocrx_word' id='word_1_359' title='bbox 546 4343 665 4394; x_wconf 71' lang='lat' dir='ltr'><strong>exp.</strong></span> <span class='ocrx_word' id='word_1_360' title='bbox 704 4330 761 4380; x_wconf 89' lang='lat' dir='ltr'><strong>et</strong></span> <span class='ocrx_word' id='word_1_361' title='bbox 800 4351 867 4372; x_wconf 58' lang='lat' dir='ltr'><strong>av</strong></span> <span class='ocrx_word' id='word_1_362' title='bbox 907 4329 1039 4382; x_wconf 81' lang='lat' dir='ltr'><strong>add.</strong></span> <span class='ocrx_word' id='word_1_363' title='bbox 1076 4346 1145 4382; x_wconf 88' lang='lat' dir='ltr'><strong>m.</strong></span> <span class='ocrx_word' id='word_1_364' title='bbox 1183 4330 1240 4398; x_wconf 88' lang='grc'><strong>2)</strong></span> <span class='ocrx_word' id='word_1_365' title='bbox 1279 4329 1333 4384; x_wconf 86' lang='lat' dir='ltr'><strong><em>L</em></strong></span> <span class='ocrx_word' id='word_1_366' title='bbox 1368 4330 1531 4402; x_wconf 87' lang='lat' dir='ltr'><strong>ipsud</strong></span> <span class='ocrx_word' id='word_1_367' title='bbox 1566 4331 1644 4385; x_wconf 78' lang='lat' dir='ltr'><strong><em>M</em></strong></span> <span class='ocrx_word' id='word_1_368' title='bbox 1746 4333 1814 4387; x_wconf 88' lang='grc'>26</span> <span class='ocrx_word' id='word_1_369' title='bbox 1852 4333 1910 4386; x_wconf 86' lang='lat' dir='ltr'><strong>in</strong></span> <span class='ocrx_word' id='word_1_370' title='bbox 1945 4331 2217 4388; x_wconf 83' lang='lat' dir='ltr'><strong>mandatis</strong></span> <span class='ocrx_word' id='word_1_371' title='bbox 2259 4333 2307 4388; x_wconf 80' lang='lat'><em>0</em></span> 
     </span>
    </p>
   </div>
  </div>
 </body>
</html>
