3159 4984
447 472 572 537 198
1133 468 1186 522 S.
1243 466 1526 521 Aureli
1582 466 2016 536 Augustini

441 664 574 729 illis
625 664 888 729 credens
935 662 1060 728 nisi
1105 663 1224 727 tibi
1270 681 1394 727 non
1445 660 1717 726 credere.
1785 662 1841 725 si
1896 659 2162 725 dixeris:
2218 661 2351 724 noli
2408 658 2737 723 catholicis

451 770 730 847 credere,
813 788 935 836 non
1009 772 1180 834 recte
1257 768 1452 833 facies
1529 788 1643 852 per
1714 768 2118 851 euangelium
2193 786 2293 831 me
2369 784 2594 850 cogere
2660 764 2737 827 ad

446 876 804 943 Manichaei
849 875 1060 950 fidem,
1110 876 1258 957 quia
1302 875 1428 958 ipsi
1475 874 1807 959 euangelio
1856 873 2187 939 catholicis
2232 872 2737 957 praedicantibus

445 982 701 1049 credidi.
742 982 799 1048 si
837 984 1053 1047 autem
1093 981 1349 1047 dixeris:
1389 985 1560 1046 recte
1601 981 1923 1047 credidisti
1960 980 2293 1046 catholicis
2329 978 2736 1043 laudantibus

444 1089 871 1173 euangelium,
921 1088 1034 1153 sed
1081 1108 1205 1154 non
1243 1090 1414 1153 recte
1455 1088 1587 1153 illis
1628 1087 1953 1153 credidisti
1988 1086 2500 1169 uituperantibus
2536 1084 2737 1150 Mani·
2794 1106 2821 1145 ο

444 1196 730 1271 chaeum,
761 1214 963 1277 usque
1002 1195 1157 1261 adeo
1195 1214 1298 1259 me
1337 1197 1611 1261 stultum
1647 1199 1857 1279 putas,
1878 1198 1954 1259 ut
1980 1196 2155 1259 nulla
2192 1194 2439 1258 reddita
2472 1193 2733 1268 ratione,

443 1301 612 1385 quod
675 1302 778 1367 uis
846 1301 1119 1377 credam,
1179 1302 1348 1383 quod
1403 1322 1528 1367 non
1583 1302 1710 1370 uis.
1766 1321 1889 1367 non
1940 1301 2239 1366 credam?
2304 1301 2510 1365 multo
2569 1298 2733 1364 enim

442 1408 676 1474 iustius
727 1411 918 1491 atque
965 1410 1215 1473 cautius
1261 1409 1446 1485 facio,
1506 1409 1561 1473 si
1621 1408 1953 1474 catholicis
2010 1408 2305 1492 quoniam
2363 1408 2564 1473 semel
2610 1424 2735 1473 cre-

443 1516 595 1593 didi,
662 1516 741 1580 ad
805 1519 870 1580 te
935 1534 1058 1580 non
1123 1519 1400 1593 transeo,
1456 1516 1581 1581 nisi
1636 1536 1737 1580 me
1794 1534 1917 1581 non
1976 1515 2226 1579 credere
2280 1513 2567 1587 iusseris,
2625 1511 2738 1577 sed

446 1622 846 1706 apertissime
894 1640 967 1687 ac
1013 1622 1534 1688 manifestissime
1583 1624 1741 1689 scire
1781 1622 2021 1704 aliquid
2057 1621 2301 1687 feceris
2352 1622 2645 1704 quocirca
2682 1620 2736 1684 si
2774 1636 2827 1675 ιο

443 1728 604 1794 mihi
648 1729 959 1793 rationem
1007 1728 1372 1793 redditurus
1421 1748 1508 1795 eS.
1549 1728 1799 1793 dimitte
1848 1728 2271 1813 euangelium.
2320 1729 2375 1793 si
2424 1727 2503 1792 ad
2550 1746 2737 1792 euan-

447 1836 690 1920 gelium
735 1838 799 1900 te
847 1838 1048 1912 teme,
1107 1854 1224 1919 ego
1280 1854 1381 1899 me
1439 1836 1516 1899 ad
1574 1855 1685 1901 eos
1740 1839 2011 1910 teneam,
2070 1834 2301 1917 quibus
2356 1833 2737 1917 praecipien-

444 1942 619 2006 tibus
688 1941 1018 2025 euangelio
1086 1941 1340 2019 credidi,
1401 1944 1466 2006 et
1521 1942 1621 2007 his
1678 1941 2045 2007 iubentibus
2110 1942 2227 2005 tibi
2294 1942 2547 2005 omnino
2614 1959 2735 2004 non

439 2047 708 2115 credam.
777 2048 1006 2131 quodsi
1060 2049 1220 2113 forte
1289 2048 1354 2113 in
1428 2050 1759 2133 euangelio
1826 2049 2065 2132 aliquid
2132 2047 2603 2131 apertissimum
2658 2047 2735 2111 de

447 2154 804 2219 Manichaei
852 2155 1215 2238 apostolatu
1261 2155 1544 2220 inuenire
1581 2156 1885 2237 potueris,
1922 2155 2269 2220 infirmabis
2314 2156 2473 2219 mihi
2520 2153 2733 2221 catho-
2776 2167 2826 2206 1⁶

442 2260 710 2326 licorum
779 2262 1246 2337 auctoritatem,
1315 2262 1423 2344 qui
1475 2262 1718 2331 iubent.
1774 2266 1849 2327 ut
1902 2263 2021 2328 tibi
2077 2283 2201 2328 non
2258 2262 2547 2328 credam:
2614 2280 2739 2343 qua

444 2366 764 2431 infirmata
809 2368 934 2432 iam
982 2386 1098 2433 nec
1150 2368 1484 2452 euangelio
1533 2370 1783 2434 credere
1828 2373 2071 2453 potero.
2129 2370 2277 2451 quia
2329 2390 2442 2452 per
2488 2387 2595 2433 eos
2641 2366 2738 2433 illi

448 2473 853 2539 credideram.
895 2474 986 2537 ita
1023 2474 1184 2539 nihil
1222 2474 1388 2559 apud
1425 2496 1528 2540 me
1566 2475 1828 2553 ualebit,
1868 2476 2169 2559 quicquid
2204 2476 2348 2540 inde
2377 2474 2733 2560 protuleris,

447 2582 828 2662 quapropter
883 2580 938 2645 si
993 2580 1152 2645 nihil
1218 2582 1626 2647 manifestum
1693 2582 1769 2647 de
1822 2582 2179 2648 Manichaei
2246 2582 2609 2666 apostolatu
2672 2582 2736 2645 in

439 2687 774 2771 euangelio
835 2688 1162 2771 reperitur,
1223 2689 1554 2754 catholicis
1618 2690 1837 2772 potius
1903 2690 2155 2754 credam
2221 2708 2409 2772 quam
2474 2690 2611 2754 tibi.
2680 2688 2733 2753 si
2774 2700 2827 2740 ¹⁰

445 2796 660 2858 autem
727 2794 967 2876 aliquid
1028 2794 1172 2861 inde
1237 2796 1647 2861 manifestum
1709 2814 1821 2879 pro
1877 2796 2247 2861 Manichaeo
2302 2796 2554 2881 legeris,
2618 2814 2733 2860 nec

441 2898 572 2963 illis
613 2919 728 2965 nec
767 2900 922 2966 tibi:
971 2901 1124 2977 illis,
1174 2902 1318 2985 quia
1369 2903 1444 2967 de
1493 2906 1556 2967 te
1606 2902 1762 2967 mihi
1808 2903 2059 2967 mentiti
2106 2906 2293 2979 sunt;
2342 2903 2461 2968 tibi
2498 2907 2729 2967 autem.

441 3006 590 3088 quia
647 3026 783 3072 eam
843 3009 1220 3092 scripturam
1273 3010 1432 3074 mihi
1482 3013 1746 3093 profers,
1804 3010 1907 3075 cui
1960 3030 2073 3094 per
2126 3010 2271 3075 illos
2329 3009 2729 3085 credideram,

441 3112 552 3193 qui
585 3113 746 3177 mihi
783 3116 1036 3179 mentiti
1075 3119 1243 3181 sunt.
1287 3117 1398 3181 sed
1436 3115 1623 3183 absit.
1662 3120 1737 3181 ut
1775 3117 2101 3201 euangelio
2142 3136 2259 3201 ego
2298 3136 2421 3183 non
2458 3114 2730 3182 credam.

439 3218 539 3283 illi
605 3220 771 3284 enim
839 3221 1099 3288 credens
1165 3241 1288 3287 non
1351 3222 1627 3295 inuenio.
1693 3222 2008 3307 quomodo
2067 3224 2309 3308 possim
2366 3224 2557 3288 etiam
2612 3222 2729 3287 tibi
2768 3234 2821 3274 ²⁵

448 3325 737 3405 credere3
804 3329 1234 3413 apostolorum
1303 3330 1469 3394 enim
1535 3331 1807 3407 nomina,
1866 3350 2025 3413 quae
2079 3330 2171 3395 ibi
2224 3331 2543 3415 leguntur.
2609 3348 2731 3395 non

443 3431 611 3496 inter
655 3451 723 3497 se
764 3434 1088 3500 continent
1123 3456 1349 3501 nomen
1387 3436 1764 3503 Manichaei.
1810 3437 1875 3501 in
1913 3437 2125 3504 locum
2164 3441 2379 3501 autem
2414 3436 2732 3501 traditoris

442 3537 680 3604 Christi
729 3540 871 3622 quis
921 3542 1318 3621 successerit,
1367 3544 1428 3607 in
1479 3542 1910 3625 apostolorum
1969 3543 2217 3608 actibus
2265 3543 2578 3627 legimus:
2630 3542 2731 3607 cui

442 3816 511 3871 28
616 3728 686 3781 26
741 3729 806 3782 cf.
864 3730 1061 3784 Matth.
1118 3730 1202 3790 10,
1263 3731 1298 3784 2
1354 3748 1470 3800 sqq.
1535 3731 1701 3785 Marc.
1759 3732 1810 3790 3.
1889 3732 1957 3786 16
2012 3749 2132 3801 sqq.
2198 3733 2327 3787 Luc.
2382 3733 2432 3791 6.
2490 3732 2559 3786 13
2612 3748 2728 3803 sqq.

550 3817 671 3872 Aet.
713 3819 761 3881 1,
799 3818 868 3871 26

511 3941 535 3993 1
577 3940 705 4011 nisi]
741 3958 848 3995 non
896 3939 950 3994 V
1089 3943 1121 3996 ¹7
1159 3942 1352 4013 multo]
1391 3943 1474 3997 Eu
1511 3944 1681 3999 stulto
1724 3946 1775 3999 Τ
1908 3944 1942 3998 8
1981 3946 2168 4014 atque]
2207 3948 2261 3998 et
2300 3944 2331 3997 b
2454 3945 2519 3998 10
2558 3945 2730 3998 mani—

435 4028 725 4084 festissime
781 4047 842 4084 ac
897 4032 1233 4102 apertissime
1271 4032 1336 4085 H
1339 4032 1515 4086 CSTb
1660 4031 1867 4103 aliquid
1922 4033 2057 4087 scire
2102 4033 2153 4087 T
2278 4032 2345 4087 12
2383 4050 2485 4102 ego
2532 4049 2634 4087 om.
2682 4032 2735 4085 V

435 4134 520 4173 me
574 4136 676 4173 om.
743 4119 841 4173 VL
1019 4120 1089 4173 ad
1145 4137 1236 4174 eos
1291 4138 1376 4175 me
1420 4121 1502 4176 Tb
1682 4122 1751 4176 13
1806 4122 1909 4177 tibi
1964 4138 2008 4177 e.
2056 4123 2093 4177 1.
2147 4122 2197 4175 T
2376 4122 2441 4176 18
2500 4124 2633 4192 aput
2678 4121 2733 4175 P

439 4206 648 4261 ualebis
687 4207 718 4261 b
850 4209 916 4262 19
953 4208 1122 4263 nichil
1160 4210 1266 4277 (sic
1300 4216 1527 4278 semper)
1573 4210 1625 4264 T
1746 4212 1815 4265 20
1853 4212 2157 4281 repperitur
2190 4211 2309 4265 PH
2439 4212 2503 4265 21
2547 4215 2727 4265 autem

439 4313 543 4352 om.
590 4298 638 4350 T
758 4296 882 4351 inde
921 4296 1128 4368 aliquid
1168 4298 1200 4352 b
1309 4298 1379 4353 23
1417 4298 1735 4354 scribturam
1773 4300 1829 4354 P
1934 4302 2005 4354 24
2032 4306 2171 4367 ‚aute
2206 4298 2301 4354 sed
2338 4301 2385 4353 K
2422 4300 2485 4353 H
2628 4316 2727 4369 ego

441 4386 724 4456 euangelio
763 4386 794 4439 b
905 4386 972 4440 25
1009 4403 1115 4440 non
1153 4386 1374 4441 credens
1418 4386 1469 4441 T
1572 4388 1642 4442 28
1682 4387 1821 4458 quis]
1862 4389 1955 4459 qui
1992 4388 2057 4442 H
2064 4388 2113 4441 T
2123 4388 2203 4441 Vb
