3159 4984
902 499 991 553 v1.
1050 500 1346 553 Contra
1399 500 1769 552 Faustum
1830 497 1959 550 lib.
1998 495 2171 550 XXII.
2546 497 2675 558 605

383 698 458 761 de
517 715 668 761 uero
727 695 1036 760 sacrificio
1091 695 1288 759 latius
1343 694 1617 759 fortasse
1672 693 1991 757 disserens
2059 692 2557 756 demonstrarem
2613 689 2679 752 id

383 824 506 868 non
565 803 778 868 deberi
837 803 960 867 nisi
1014 802 1127 866 uni
1184 821 1337 869 uero
1393 801 1532 878 de0,
1592 800 1760 882 quod
1818 800 1875 864 ei
1930 819 2095 864 unus
2144 817 2338 863 uerus
2386 797 2680 862 sacerdos

385 911 640 985 obtulit,
687 909 998 974 mediator
1046 908 1146 972 dei
1185 910 1250 972 et
1285 907 1655 972 hominum:
1705 906 1889 970 cuius
1928 905 2221 971 sacrificii
2259 904 2679 988 promissiuas

383 1019 623 1101 figuras
669 1016 734 1080 in
774 1014 1060 1081 uictimis
1101 1014 1469 1079 animalium
1509 1013 1811 1078 celebrari
1851 1012 2182 1096 oportebat
2218 1013 2476 1095 propter
2511 1028 2681 1075 com-

345 1122 852 1187 ⁵mendationem
916 1122 1169 1186 futurae
1238 1122 1441 1186 carnis
1509 1124 1573 1186 et
1638 1121 1993 1204 sanguinis,
2062 1139 2174 1203 per
2236 1137 2423 1202 quam
2488 1136 2679 1181 unam

381 1229 710 1294 uictimam
775 1229 956 1293 fieret
1017 1228 1312 1294 remissio
1378 1230 1785 1312 peccatorum
1851 1227 1928 1291 de
1993 1244 2175 1290 carne
2244 1230 2308 1290 et
2372 1223 2678 1308 sanguine

383 1338 888 1412 contractorum,
939 1353 1099 1416 quae
1147 1353 1415 1418 regnum
1463 1334 1564 1398 dei
1610 1352 1732 1398 non
1780 1333 2221 1415 possidebunt,
2262 1331 2411 1414 quia
2457 1331 2677 1396 eadem

385 1442 746 1507 substantia
822 1441 1102 1524 corporis
1167 1441 1232 1504 in
1299 1441 1640 1506 caelestem
1716 1440 2191 1504 conmutabitur
2263 1439 2675 1521 qualitatem:

384 1549 552 1632 quod
607 1549 776 1632 ignis
832 1548 897 1612 in
957 1547 1265 1613 sacrificio
1323 1547 1727 1631 significabat
1780 1548 1962 1612 uelut
2018 1546 2360 1610 absorbens
2407 1549 2673 1610 mortem

299 1657 445 1719 min
493 1655 848 1719 uictoriam.
918 1655 982 1718 in
1041 1673 1114 1720 eo
1173 1658 1386 1718 autem
1442 1653 1678 1736 populo
1735 1654 1892 1718 haec
1950 1653 2071 1716 rite
2138 1653 2453 1717 celebrata
2507 1658 2677 1730 suna

385 1763 567 1827 cuius
617 1764 683 1826 et
727 1781 994 1845 regnum
1045 1765 1109 1826 et
1155 1761 1579 1826 sacerdotium
1626 1761 1956 1844 prophetia
2012 1764 2147 1824 erat
2198 1759 2455 1823 uenturi
2508 1759 2677 1842 regis

383 1872 448 1932 et
494 1868 843 1934 sacerdotis
893 1868 969 1932 ad
1015 1866 1328 1951 regendos
1377 1869 1441 1930 et
1487 1865 1945 1931 consecrandos
2000 1866 2221 1931 fideles
2268 1867 2332 1930 in
2382 1867 2677 1931 omnibus

384 1976 685 2059 gentibus
735 1979 801 2039 et
844 1974 1338 2040 introducendos
1393 1973 1457 2036 in
1512 1992 1781 2057 regnum
1838 1974 2153 2038 caelorum
2214 1978 2280 2037 et
2334 1973 2675 2037 sacrarium

383 2083 750 2166 angelorum
817 2082 896 2145 ad
960 2081 1162 2144 uitam
1230 2083 1572 2147 aeternam.
1647 2081 1839 2145 huius
1903 2080 2120 2162 itaque
2185 2080 2323 2144 ueri
2387 2079 2680 2145 sacrificii

292 2213 343 2251 1⁵
385 2189 554 2252 sicut
598 2188 900 2272 religiosa
944 2187 1454 2270 praedicamenta
1497 2187 1775 2251 Hebraei
1822 2187 2321 2262 celebrauerunt,
2360 2187 2453 2250 ita
2489 2186 2676 2251 sacri-

387 2296 533 2378 lega
575 2295 979 2358 imitamenta
1031 2294 1281 2378 pagani,
1341 2293 1637 2374 quoniam
1696 2311 1881 2376 quae
1935 2293 2330 2358 immolant
2386 2298 2673 2376 genteS‚

384 2400 476 2465 ait
521 2401 873 2484 apostoluS‚
925 2399 1345 2464 daemoniis
1393 2399 1806 2477 immolant,
1868 2402 1940 2464 et
1994 2420 2135 2466 non
2194 2400 2348 2464 deo.
2417 2401 2677 2483 antiqua

384 2508 550 2572 enim
597 2527 698 2572 res
747 2511 848 2573 est
891 2507 1401 2591 praenuntiatiua
1443 2507 1798 2572 immolatio
1849 2507 2176 2590 sanguinis
2214 2508 2495 2572 suturam
2534 2526 2673 2591 pas-

384 2613 624 2678 sionem
672 2613 1044 2678 mediatoris
1093 2615 1170 2676 ab
1217 2615 1398 2678 initio
1449 2615 1696 2697 generis
1741 2613 2003 2678 humani
2058 2615 2445 2688 testificans;
2514 2615 2675 2680 hanc

289 2745 342 2783 ευ
387 2720 554 2784 enim
609 2721 852 2804 primus
899 2719 1061 2784 Abel
1118 2721 1429 2786 obtulisse
1483 2720 1546 2785 in
1606 2720 1800 2784 sacris
1855 2721 2087 2785 litteris
2142 2722 2483 2787 inuenitur.
2551 2743 2673 2787 non

382 2827 580 2910 igitur
652 2827 880 2892 mirum
961 2831 1097 2904 est,
1167 2829 1223 2892 si
1285 2829 1825 2911 praeuaricatores
1902 2828 2148 2913 angeli,
2216 2848 2485 2911 quorum
2552 2830 2677 2894 duo

379 2933 655 2997 maxima
710 2933 871 2998 uitia
925 2937 1077 2998 sunt-
1133 2934 1430 3018 superbia
1483 2938 1674 3016 atque
1729 2934 2001 3009 fallacia,
2066 2955 2180 3018 per
2241 2936 2411 3000 hunc
2466 2955 2677 3000 aerem

383 3039 749 3116 uolitantes‚
818 3041 985 3122 quod
1050 3041 1160 3104 uni
1223 3061 1378 3105 uero
1445 3041 1562 3106 deo
1631 3041 1844 3105 deberi
1898 3047 2225 3121 nouerant,
2284 3043 2407 3107 hoc
2465 3043 2588 3107 sibi
2644 3061 2681 3106 a

383 3146 518 3211 suis
567 3147 921 3213 cultoribus
973 3153 1332 3232 exegerunt,
1383 3169 1418 3212 a
1465 3149 1698 3232 quibus
1738 3149 1823 3212 dii
1860 3151 2071 3232 putari
2110 3150 2456 3214 uoluerunt
2492 3150 2679 3214 dante

293 3276 342 3314 κῆ
384 3253 508 3318 sibi
553 3254 766 3319 locum
816 3255 1097 3319 uanitate
1146 3256 1353 3321 cordis
1401 3255 1683 3334 humani,
1741 3256 2009 3320 maxime
2058 3275 2202 3320 cum
2251 3277 2322 3321 ex
2372 3257 2680 3321 desiderio

383 3365 780 3426 mortuorum
827 3363 1366 3427 constituerentur
1409 3363 1740 3447 imagines,
1780 3364 1946 3428 unde
1995 3364 2475 3429 simulacrorum
2523 3383 2681 3429 usus

386 3471 638 3534 exortus
698 3472 816 3546 est,
876 3473 941 3533 et
993 3470 1232 3534 maiore
1290 3470 1652 3536 adulatione
1710 3471 1911 3534 diuini
1964 3471 2235 3536 honores
2294 3471 2686 3536 deferrentur

383 3577 706 3656 tamquam
755 3575 819 3638 in
869 3576 1115 3640 caelum
1163 3577 1457 3660 receptiS‚
1495 3596 1609 3660 pro
1650 3577 1881 3660 quibus
1922 3597 1990 3641 se
2026 3578 2089 3641 in
2129 3578 2315 3642 terris
2356 3577 2685 3643 daemonia

561 3819 592 3871 3
633 3818 660 3870 Ι
697 3819 832 3872 Tim.
871 3821 920 3882 2,
960 3820 994 3872 5
1178 3821 1246 3874 10
1285 3821 1350 3874 cf.
1389 3821 1416 3874 I
1455 3820 1574 3875 Cor.
1618 3822 1699 3884 15,
1740 3821 1810 3873 50
1851 3837 1968 3890 sqq.
2158 3822 2223 3873 16
2262 3821 2287 3872 Ῑ
2326 3819 2445 3875 Cor.
2491 3821 2572 3882 10,
2614 3821 2681 3872 22

383 3907 452 3958 20
491 3906 555 3960 cf.
597 3905 731 3961 Gen.
771 3909 820 3970 4,
860 3907 894 3958 4
1007 3907 1074 3960 26
1115 3908 1180 3962 cf.
1224 3909 1346 3978 Sap.
1393 3910 1475 3972 14,
1520 3910 1586 3962 15

458 4065 480 4116 l
522 4065 674 4132 uero]
709 4065 894 4116 uetere
940 4063 988 4117 (J
1107 4063 1139 4116 2
1179 4063 1361 4118 deberi
1404 4065 1443 4132 (i
1479 4081 1521 4120 3.
1563 4083 1591 4119 e
1633 4083 1671 4119 a
1706 4083 1774 4119 m.
1814 4071 1863 4133 1)
1904 4066 1956 4119 L
2082 4067 2115 4119 3
2153 4066 2557 4136 prommissibas
2596 4068 2684 4120 Μ’

383 4153 416 4204 4
455 4153 689 4206 uictimis
729 4153 794 4222 (is
835 4168 898 4205 az:
936 4153 1015 4218 as)
1058 4153 1102 4204 0
1259 4153 1327 4206 10
1362 4153 1593 4208 uictoria
1632 4154 1679 4208 S
1710 4155 1991 4225 uictoriam
2037 4155 2114 4211 64²
2294 4155 2597 4209 caelebrata
2634 4155 2689 4207 L

387 4243 450 4294 14
489 4241 604 4311 ueri
647 4241 694 4294 Ο
788 4242 854 4294 15
892 4240 1296 4311 predicamenta
1333 4241 1382 4296 S
1520 4243 1963 4298 caelebrauerunt
1990 4244 2043 4297 L
2136 4245 2203 4299 18
2236 4249 2319 4298 est
2349 4246 2439 4310 (in
2466 4249 2605 4312 raa)
2637 4245 2690 4298 L

383 4330 793 4400 prenunciatiua
836 4329 883 4383 Ο
1004 4331 1073 4383 20
1109 4331 1406 4398 lllllitteris
1445 4334 1595 4398 (init.
1636 4334 1762 4399 lin.)
1802 4331 1855 4385 L
1964 4333 2033 4386 24
2072 4335 2266 4404 quibus
2307 4336 2345 4405 (i
2383 4351 2425 4388 s.
2469 4334 2501 4388 Ζ.
2545 4351 2581 4387 a
2621 4351 2687 4386 m.

385 4418 431 4484 1)
470 4418 522 4471 L
631 4419 700 4471 27
739 4418 1063 4472 diferrentur
1099 4419 1150 4470 L
