3159 4984
550 416 702 508 104⁴
1236 444 1288 495 S.
1347 443 1623 497 Aureli
1678 442 2121 512 Augustini

544 637 653 701 ille
701 638 794 703 sic
839 638 1048 701 factus
1106 639 1223 711 est,
1281 640 1356 699 ut
1411 636 1570 700 nihil
1629 637 1884 703 omnino
1941 638 2263 704 uoluntati
2312 638 2449 704 eius
2495 640 2837 705 resisteret.

466 728 476 741 ⁸
548 744 604 807 si
648 744 849 807 uellet
905 744 1004 808 dei
1061 747 1394 827 praecepta
1451 763 1723 809 seruare.
1788 746 2129 828 postquam
2186 749 2400 811 autem
2454 746 2657 811 libera
2709 748 2835 830 ipse

545 852 878 916 uoluntate
942 850 1254 932 peccauit,
1320 869 1436 915 nos
1502 851 1566 915 in
1632 852 2085 916 necessitatem
2148 853 2545 936 praecipitati
2604 874 2836 921 sumus,

551 956 659 1039 qui
724 956 801 1019 ab
869 956 1006 1020 eius
1073 955 1268 1038 stirpe
1336 954 1802 1021 descendimus,
1868 960 2086 1039 potest
2140 960 2355 1023 autem
2410 960 2837 1042 unusquisque

553 1064 841 1127 nostrum
905 1060 1210 1126 mediocri
1277 1061 1777 1128 consideratione
1841 1064 2125 1127 inuenire
2178 1084 2402 1129 uerum
2460 1085 2623 1134 esse.
2680 1066 2839 1148 quod
2890 1088 2910 1127 ⁵

555 1169 718 1234 dico.
803 1168 994 1233 hodie
1081 1186 1353 1249 namque
1418 1168 1484 1232 in
1551 1168 1909 1235 actionibus
1976 1171 2211 1235 nostris
2288 1176 2625 1254 antequam
2712 1192 2841 1237 con-

552 1276 886 1341 suetudine
981 1275 1192 1357 aliqua
1279 1274 1679 1357 inplicemur,
1756 1276 2030 1341 liberum
2122 1277 2429 1343 habemus
2518 1279 2835 1343 arbitrium

551 1382 823 1447 faciendi
879 1382 1120 1465 aliquid
1178 1382 1283 1445 uel
1341 1401 1462 1447 non
1517 1381 1811 1447 faciendi.
1882 1402 2022 1448 cum
2091 1388 2303 1449 autem
2367 1386 2497 1451 ista
2557 1386 2835 1451 libertate

549 1489 884 1555 fecerimus
952 1487 1193 1571 aliquid
1250 1490 1317 1552 et
1369 1488 1522 1551 sacti
1576 1488 1781 1570 ipsius
1837 1490 2115 1554 tenuerit
2169 1491 2443 1557 animam
2499 1492 2835 1575 perniciosa

554 1594 823 1661 dulcedo
871 1598 938 1661 et
984 1596 1307 1678 uoluptas,
1369 1594 1591 1659 eadem
1648 1595 1786 1678 ipsa
1842 1597 2299 1661 consuetudine
2358 1617 2475 1662 sua
2530 1599 2624 1664 sic
2667 1599 2835 1682 inpli·
2872 1624 2913 1663 ιο

555 1706 754 1779 catur,
804 1704 878 1765 ut
921 1706 1148 1785 postea
1193 1701 1446 1765 uincere
1493 1721 1616 1766 non
1665 1702 1891 1784 possit,
1941 1703 2111 1785 quod
2159 1704 2281 1769 sibi
2336 1704 2477 1788 ipsa
2530 1705 2831 1788 peccando

553 1808 858 1873 fabricata
905 1811 1024 1875 est.
1071 1808 1368 1872 uidemus
1415 1808 1656 1873 multos
1705 1809 1909 1874 iurare
1956 1811 2147 1876 nolle.
2196 1810 2307 1875 sed
2356 1811 2505 1893 quia
2540 1812 2665 1875 iam
2704 1830 2833 1876 con-

552 1914 952 1979 suetudinem
998 1913 1218 1998 lingua
1253 1914 1480 1991 tenuit,
1529 1933 1653 1978 non
1699 1933 1889 1997 posse
1933 1918 2266 1995 refrenare,
2317 1937 2462 1982 cum
2512 1938 2587 1983 ea
2632 1922 2835 1983 exeant

553 2021 628 2085 de
679 2040 782 2087 ore
828 2021 1135 2104 ipsorum,
1184 2040 1344 2103 quae
1391 2040 1516 2085 non
1570 2040 1917 2104 possumus
1975 2023 2180 2088 dicere
2236 2024 2317 2089 ad
2370 2026 2524 2089 mali
2584 2026 2831 2108 stirpem

554 2146 676 2193 non
706 2127 1036 2210 pertinere.
1077 2128 1153 2190 ut
1191 2127 1356 2190 enim
1396 2126 1733 2192 uobiscum
1770 2126 1872 2194 his
1910 2129 2123 2195 uerbis
2162 2149 2367 2214 agam,
2407 2149 2570 2212 quae
2606 2132 2835 2195 utinam
2868 2155 2906 2195 ιε

558 2233 748 2299 sicuti
797 2233 872 2298 de
923 2252 1026 2299 ore
1073 2235 1287 2297 uestro
1335 2252 1459 2297 non
1507 2232 1833 2309 recedunt,
1881 2234 1973 2297 ita
2018 2237 2083 2298 et
2130 2236 2313 2301 corde
2358 2237 2837 2323 intellegantur:

558 2359 670 2423 per
731 2339 1122 2422 paracletum
1187 2338 1430 2403 iuratis.
1501 2338 1556 2403 si
1614 2358 1761 2423 ergo
1818 2340 2021 2404 uultis
2080 2342 2338 2422 experiri
2394 2362 2619 2409 uerum
2686 2364 2837 2409 esse.

561 2445 730 2529 quod
779 2444 939 2522 dico,
987 2444 1304 2509 instituite
1342 2463 1464 2509 non
1503 2446 1731 2521 iurare,
1768 2446 2073 2511 uidebitis
2108 2446 2284 2510 illam
2325 2450 2839 2514 consuetudinem

557 2552 703 2617 ferri
768 2569 890 2633 quo
941 2550 1123 2617 solet.
1175 2552 1240 2615 et
1294 2550 1415 2615 hoc
1473 2554 1593 2629 est,
1650 2552 1819 2633 quod
1875 2553 2183 2617 aduersus
2248 2554 2521 2618 animam
2586 2560 2839 2640 pugnat.

557 2656 949 2723 consuetudo
981 2656 1150 2721 facta
1181 2675 1326 2721 cum
1358 2676 1560 2722 carne.
1602 2657 1744 2741 ipsa
1783 2663 1883 2723 est
1918 2661 2217 2724 nimirum
2256 2661 2459 2725 carnis
2496 2662 2838 2745 prudentia.
2867 2686 2907 2723 ω

560 2783 719 2848 quae
767 2762 1069 2847 quamdiu
1126 2763 1217 2827 ita
1272 2766 1390 2839 est,
1445 2764 1576 2847 legi
1637 2764 1739 2828 dei
1794 2765 2000 2831 subici
2062 2786 2185 2831 non
2248 2771 2482 2850 potest.
2549 2768 2838 2850 quamdiu

553 2872 887 2956 prudentia
935 2862 1138 2935 carnis
1198 2874 1334 2945 est;
1385 2870 1496 2935 sed
1553 2870 1934 2936 inluminata
1992 2873 2201 2937 anima
2259 2874 2491 2939 desinit
2542 2876 2658 2939 illa
2710 2894 2838 2941 esse

560 2979 763 3043 carnis
809 2976 1161 3062 prudentia.
1232 2977 1324 3042 sic
1381 2977 1546 3041 enim
1596 2976 1837 3041 dictum
1887 2982 1987 3043 est
2028 2979 2428 3062 prudentiam
2479 2964 2687 3047 carnis
2728 3002 2840 3047 non

559 3104 748 3169 posse
811 3084 942 3167 legi
1008 3083 1110 3147 dei
1178 3102 1318 3149 esse
1385 3082 1761 3162 subiectam,
1828 3084 2363 3167 quemadmodum
2430 3088 2485 3153 si
2540 3088 2843 3153 diceretur

560 3192 894 3276 glacialem
941 3190 1156 3256 niuem
1214 3190 1486 3255 calidam
1543 3211 1684 3257 esse
1739 3212 1862 3257 non
1917 3211 2125 3275 posse.
2192 3194 2368 3258 nullo
2432 3199 2619 3278 pacto
2686 3196 2905 3260 enims

560 3298 865 3382 quamdiu
913 3299 1016 3363 nix
1063 3304 1182 3375 est,
1232 3299 1437 3363 calida
1492 3319 1635 3365 esse
1690 3304 1922 3383 potest.
1990 3302 2103 3367 sed
2159 3301 2691 3381 quemadmodum
2738 3303 2839 3366 illa

561 3408 663 3470 nix
711 3406 916 3472 calore
962 3406 1307 3471 resoluitur
1353 3409 1417 3470 et
1465 3405 1698 3471 desinit
1752 3407 1853 3472 nix
1911 3427 2070 3486 esse,
2127 3412 2203 3473 ut
2256 3409 2463 3493 possit
2516 3410 2837 3485 calescere,

631 3566 658 3618 1
695 3524 758 3629 :gt
792 3565 847 3618 Β
947 3565 980 3617 2
1015 3564 1135 3633 ipsa
1171 3565 1225 3617 P
1324 3564 1356 3617 6
1393 3566 1593 3618 nostris
1632 3564 1935 3618 actionibus
1975 3566 2006 3618 b
2108 3565 2141 3618 8
2179 3565 2293 3635 uel]
2332 3570 2387 3619 et
2423 3567 2476 3619 A
2650 3566 2837 3635 facien-

558 3654 634 3723 di]
673 3652 880 3723 aliquid
916 3652 1152 3707 faciendi
1183 3654 1224 3705 S
1367 3653 1477 3707 ista
1505 3640 1760 3707 libertate
1789 3654 1843 3707 A
1922 3653 1988 3707 10
2016 3670 2115 3708 sua
2144 3653 2533 3708 consuetudine
2564 3655 2595 3707 b
2671 3655 2735 3709 13
2762 3670 2836 3707 re·

559 3741 754 3797 frenari
800 3740 926 3795 Psb
1039 3742 1104 3795 14
1152 3741 1261 3811 ore]
1311 3757 1413 3795 om.
1461 3742 1516 3793 A
1670 3740 1835 3811 stirpe
1882 3742 1936 3795 A
1983 3741 2124 3811 stipe
2171 3741 2226 3793 P
2339 3742 2405 3795 15
2444 3758 2553 3795 non
2596 3745 2659 3809 (a.
2696 3742 2752 3809 1.)
2788 3742 2838 3795 B

559 3849 661 3887 om.
717 3829 875 3883 APS
1016 3830 1082 3884 16
1139 3831 1324 3901 sicuti]
1378 3831 1539 3884 sicuti
1600 3831 1667 3890 (si
1725 3847 1859 3885 corr.
1916 3847 1982 3884 ex
2036 3835 2115 3898 se)
2174 3832 2227 3884 A
2284 3830 2459 3885 secuti
2512 3831 2569 3883 Β
2623 3832 2757 3885 sicut
2807 3830 2835 3883 b

559 3946 625 4001 de
665 3944 820 3998 corde
859 3944 907 3998 S
1045 3902 1262 4013 coi-deme
1299 3963 1370 4001 m.
1408 3950 1448 4000 2
1486 3945 1640 4011 add.)
1681 3945 1735 4027 Β
1845 3944 1911 3999 17
1941 3946 2087 4000 iurat
2111 3945 2217 4000 AS
2238 3946 2421 3999 iurant
2448 3946 2503 3998 P
2611 3947 2679 4000 20
2708 3946 2835 4013 cum]

563 4060 618 4115 in
649 4060 682 4113 b
825 4059 1094 4130 nimirum]
1153 4061 1396 4114 animaru
1441 4062 1494 4113 A
1534 4028 1776 4124 animam
1804 4060 1859 4113 Β
1932 4062 1997 4115 21
2029 4062 2111 4117 ita
2138 4062 2366 4165 ³⁸¹²,thss
2382 4060 2437 4160 1:
2503 4061 2573 4115 24
2602 4062 2765 4116 subici
2790 4061 2837 4114 A

565 4174 834 4230 diceretur
887 4173 1065 4279 uerbi⁸⁸
1097 4176 1277 4245 gratia
1319 4177 1373 4230 A
1471 4176 1544 4231 25
1571 4174 1857 4246 glacialem
1886 4193 1988 4232 om.
2017 4178 2071 4231 A
2174 4173 2602 4245 g&rianibemB
2710 4176 2835 4231 enim

561 4294 721 4361 pacto
778 4289 811 4342 b
988 4294 1214 4360 peccato
1269 4290 1326 4344 Β
1468 4292 1536 4345 26
1594 4308 1711 4346 esse
1767 4291 1943 4345 calida
1999 4292 2053 4345 A
2196 4299 2227 4347 ᾔ
2268 4298 2461 4362 potest
2501 4296 2555 4359 (fi
2592 4308 2659 4346 m.
2698 4295 2754 4354 2)
2788 4290 2838 4343 R

564 4380 631 4433 27
671 4379 844 4449 possit
880 4377 1166 4448 calescere]
1201 4379 1451 4449 possiss'e
1491 4379 1538 4434 S
