3159 4984
888 428 985 481 VI.
1033 428 1331 483 Contra
1382 428 1752 482 Faustum
1807 426 1938 479 lib.
1995 424 2220 479 XVIIII.
2557 425 2680 489 531

390 626 616 707 gutta
661 622 852 687 roris
902 622 1361 687 antelucani.
1403 638 1590 703 quae
1639 618 2040 684 descendit
2083 620 2158 683 in
2205 622 2510 697 terram;
2559 620 2688 685 sed

390 729 784 795 misereris
824 728 1171 806 omnium,
1203 728 1555 810 quoniam
1589 725 1836 791 omnia
1871 727 2090 808 potes
2129 728 2204 789 et
2241 724 2687 793 dissimulas

391 838 708 920 peccata
754 836 1145 901 hominum
1192 839 1507 919 propter
1550 832 2130 916 paenitentiam.
2181 832 2448 919 diligis
2497 836 2688 899 enim

396 943 658 1021 omnia,
708 961 896 1026 quae
947 947 1145 1020 sunt,
1196 945 1269 1008 et
1314 940 1508 1006 nihil
1558 938 1800 1004 odisti
1847 940 2130 1017 horum,
2170 959 2356 1022 quae
2395 941 2688 1019 fecisti3

326 1075 355 1111 .·‚
396 1068 531 1114 nec
581 1050 774 1115 enim
824 1049 997 1114 odio
1038 1049 1321 1113 habens
1362 1047 1659 1130 aliquid
1698 1046 2268 1113 constituisses.
2319 1049 2688 1131 quomodo

397 1175 571 1239 ergo
618 1158 890 1239 posset
937 1154 1233 1236 aliquid
1277 1172 1737 1237 permanere,
1787 1153 1936 1218 nisi
1981 1156 2063 1217 tu
2109 1154 2522 1233 uoluisse8‚
2563 1162 2692 1221 aut

396 1262 595 1345 quod
643 1282 681 1327 a
724 1264 799 1326 te
846 1265 1203 1327 uocatum
1260 1280 1402 1325 non
1460 1263 1687 1339 esset,
1747 1263 2376 1325 conseruaretur‘?
2439 1264 2689 1345 parcis

397 1372 647 1433 autem
704 1368 1075 1447 omnibuS‚
1134 1368 1486 1451 quoniam
1542 1372 1674 1433 tua
1729 1372 1926 1446 sunt,
1985 1366 2303 1445 domine,
2361 1370 2487 1451 qui
2545 1374 2689 1436 ani-

394 1494 549 1541 mas
598 1494 825 1543 amas,
874 1476 1119 1542 bonus
1169 1476 1363 1541 enim
1412 1475 1736 1558 spiritus
1786 1477 1971 1539 tuus
2030 1477 2148 1539 est
2191 1474 2263 1538 in
2315 1476 2688 1557 omnibus;

306 1599 361 1637 ιο
399 1585 711 1665 propter
766 1582 961 1665 quod
1021 1601 1169 1661 333,
1227 1583 1352 1666 qui
1412 1583 1757 1647 exerrant
1809 1581 2179 1665 partibu8‚
2236 1582 2571 1665 conripis
2621 1592 2694 1651 et

401 1689 485 1753 de
544 1690 824 1772 quibus
880 1692 1202 1773 peccant
1266 1689 1674 1753 admonens
1740 1686 2208 1770 adloqueri8‚
2274 1690 2359 1752 ut
2421 1690 2695 1757 relicta

397 1796 698 1861 malitia
745 1796 1058 1862 credant
1102 1797 1175 1861 in
1222 1800 1317 1874 te,
1372 1795 1690 1861 domine.
1742 1795 1821 1858 ad
1866 1794 2028 1858 hanc
2071 1793 2409 1879 benignam
2455 1798 2693 1879 patien-

398 1904 555 1968 tiam
603 1904 726 1982 dei,
777 1904 887 1986 qui
944 1904 1102 1969 facit
1159 1904 1360 1969 solem
1419 1921 1610 1967 suum
1667 1901 1814 1967 oriri
1870 1920 2063 1984 super
2115 1901 2316 1967 bonos
2373 1906 2438 1967 et
2488 1905 2692 1970 malos

402 2012 467 2073 et
510 2009 678 2093 pluit
724 2028 915 2093 super
959 2010 1164 2075 iustos
1213 2011 1279 2072 et
1322 2008 1622 2085 iniustos,
1659 2025 1776 2071 nos
1812 2006 2185 2071 imitandam
2225 2006 2515 2073 Christus
2554 2008 2693 2075 hor-

316 2132 369 2175 t5
399 2118 592 2193 tatur,
628 2117 702 2179 ut
732 2115 1053 2181 uindicare
1084 2118 1335 2182 nostras
1365 2114 1628 2179 iniurias
1667 2113 2087 2199 neglegamus
2125 2116 2190 2178 et
2224 2113 2694 2182 benefaciamus

398 2221 525 2299 his,
588 2221 701 2305 qui
765 2241 880 2286 nos
947 2221 1235 2300 oderunt,
1301 2225 1377 2286 ut
1435 2221 1638 2285 simus
1692 2219 1979 2303 perfecti,
2037 2220 2207 2284 sicut
2259 2224 2439 2305 pater
2482 2226 2697 2288 noster

402 2328 697 2394 caelestis
742 2328 1064 2410 perfectus
1114 2332 1231 2394 est.
1300 2328 1509 2392 ualere
1570 2330 1785 2391 autem
1842 2325 2024 2391 nobis
2083 2330 2147 2391 et
2193 2325 2272 2391 ad
2316 2327 2696 2393 remittenda

404 2434 620 2499 debita
662 2438 1072 2519 peccatorum
1119 2438 1502 2511 nostrorum,
1542 2433 1714 2517 quod
1763 2433 1903 2498 aliis
1948 2432 2078 2499 ista
2120 2433 2439 2500 ultionum
2486 2434 2701 2501 debita

403 2541 779 2619 relaxamus,
830 2545 895 2606 et
941 2540 1294 2606 cauendum
1346 2558 1507 2619 3333,
1564 2559 1643 2604 ne
1701 2540 1755 2605 si
1809 2540 1932 2605 hoc
1987 2558 2109 2605 non
2165 2539 2524 2619 fecerimus,
2582 2562 2699 2607 nec

308 2666 369 2705 so
404 2646 589 2713 nobis
644 2646 1131 2730 deprecantibus
1186 2648 1435 2731 peccati
1493 2645 1797 2731 obligatio
1853 2646 2234 2724 remittatur,
2303 2648 2394 2713 sic
2448 2648 2514 2712 in
2568 2649 2698 2713 illis

404 2752 583 2819 libris
622 2753 953 2819 ueteribus
994 2753 1302 2837 scriptum
1344 2758 1479 2819 est:
1529 2754 1660 2836 qui
1704 2754 2086 2819 uindicari
2125 2754 2317 2831 uult,
2357 2754 2700 2819 inueniet

405 2859 830 2925 uindictam
878 2882 915 2923 a
962 2860 1099 2925 deo
1149 2866 1223 2926 et
1268 2863 1586 2944 peccata
1640 2860 1858 2925 illius
1916 2860 2374 2926 confirmans
2433 2860 2699 2926 confir·

403 2966 660 3031 mabit.
718 2967 1071 3049 relinque
1128 2967 1463 3050 proximo
1520 2971 1652 3032 tuo
1708 2966 2015 3033 nocenti
2069 2969 2165 3045 te,
2224 2970 2298 3031 et
2351 2970 2532 3033 tunc
2589 2966 2701 3033 de·

403 3074 749 3158 precanti
784 3074 931 3139 tibi
968 3078 1290 3158 peccata
1329 3074 1749 3140 soluentur.
1790 3073 2006 3139 homo
2045 3074 2328 3139 homini
2357 3078 2702 3140 reseruat

312 3202 378 3243 25
406 3180 591 3246 iram
642 3183 715 3245 et
762 3200 797 3245 a
854 3181 1152 3247 domino
1211 3181 1514 3263 quaerit
1568 3180 1933 3245 medelam
1993 3180 2282 3246 carnis?
2347 3180 2419 3245 in
2477 3181 2701 3246 homi-

408 3306 569 3351 nem
644 3286 973 3352 similem
1051 3287 1201 3351 sibi
1266 3306 1407 3352 non
1474 3286 1703 3351 habet
1763 3286 2371 3351 misericordiam
2437 3290 2509 3351 et
2571 3307 2701 3371 pro

407 3394 746 3476 peccatis
796 3394 959 3459 suis
1009 3395 1465 3478 deprecatur
1512 3394 1934 3459 dominum?
1984 3397 2057 3459 et
2101 3394 2268 3478 ipse
2317 3393 2486 3459 dum
2533 3413 2702 3459 caro

591 3664 655 3717 17
696 3662 761 3717 cf.
799 3662 997 3716 Matth.
1037 3662 1086 3727 5,
1124 3664 1195 3717 44
1232 3679 1349 3733 sqq.
1460 3664 1525 3716 21
1570 3662 1714 3717 Eccl.
1753 3663 1838 3727 28,
1880 3663 1910 3716 1
1949 3678 2066 3733 sqq.

483 3904 515 3956 2
562 3906 719 3972 potes
770 3906 817 3971 (τ
865 3908 960 3969 er.)
1000 3902 1055 3956 L
1210 3904 1241 3957 7
1282 3856 1332 3957 ἕ
1368 3906 1425 3957 te
1475 3856 1622 3971 qffod
1666 3900 1713 3956 0
1852 3903 1886 3956 8
1926 3902 2053 3971 quia
2090 3901 2188 3955 SG
2300 3901 2368 3955 12
2405 3899 2622 3953 malicia
2665 3898 2711 3952 C

412 3992 479 4043 14
516 3990 839 4045 imitandum
872 3990 957 4045 Gb
1037 3992 1103 4045 15
1138 3990 1443 4044 uindicaret
1470 3990 1503 4043 b
1573 3990 1645 4045 20
1681 3987 2110 4060 depraecantibus
2138 3988 2193 4042 L
2230 3985 2587 4057 depcantibus
2621 3985 2712 4040 OS

412 4079 474 4131 21
526 4081 729 4133 ueteris
781 4078 899 4135 (³8¹
1012 4080 1078 4133 22
1118 4078 1362 4133 uindicta
1401 4082 1491 4147 (ev
1531 4078 1663 4134 add.
1701 4095 1770 4133 m.
1810 4078 1865 4145 2)
1905 4077 1960 4131 L
2104 4094 2137 4131 a
2175 4077 2275 4131 deo
2327 4076 2621 4130 uindictam
2665 4074 2714 4129 C'

410 4166 655 4222 uindicta
701 4185 733 4221 a
779 4168 880 4223 deo
940 4166 1239 4223 uindictam
1286 4166 1412 4222 S¹G
1458 4167 1708 4233 uindicta
1753 4184 1786 4221 a
1832 4167 1900 4221 do
1959 4166 2258 4221 uindictam
2295 4166 2365 4219 M
2519 4162 2708 4217 confir-

406 4257 585 4311 mauit
602 4256 897 4311 L¹S¹M¹G
971 4258 1043 4311 23
1060 4274 1201 4312 nunc
1222 4256 1331 4312 Lo
1425 4257 1680 4327 depeanti
1707 4256 1755 4311 0
1778 4255 2103 4327 depraecanti
2130 4254 2182 4309 L
2256 4255 2324 4307 25
2344 4252 2630 4307 medellam
2657 4252 2708 4306 G

408 4344 705 4399 mede-lam
756 4347 795 4412 (l
846 4348 941 4414 er.)
980 4346 1053 4399 M
1238 4348 1306 4400 27
1355 4346 1706 4417 depraecatur
1745 4346 1851 4399 LO

2503 4447 2601 4502 34.
