<?xml version="1.0" encoding="UTF-8"?>
<!DOCTYPE html PUBLIC "-//W3C//DTD XHTML 1.0 Transitional//EN"
    "http://www.w3.org/TR/xhtml1/DTD/xhtml1-transitional.dtd">
<html xmlns="http://www.w3.org/1999/xhtml" xml:lang="en" lang="en">
 <head>
  <title>
</title>
<meta http-equiv="Content-Type" content="text/html;charset=utf-8" />
  <meta name='ocr-system' content='tesseract 3.04.00' />
  <meta name='ocr-capabilities' content='ocr_page ocr_carea ocr_par ocr_line ocrx_word'/>
</head>
<body>
  <div class='ocr_page' id='page_1' title='image "./corpusscriptoru27wissgoog_0426.png"; bbox 0 0 3159 4984; ppageno 0'>
   <div class='ocr_carea' id='block_1_1' title="bbox 463 404 2044 481">
    <p class='ocr_par' dir='ltr' id='par_1_1' title="bbox 463 404 2044 481">
     <span class='ocr_line' id='line_1_1' title="bbox 463 404 2044 481; baseline -0.009 -3"><span class='ocrx_word' id='word_1_1' title='bbox 463 416 592 478; x_wconf 80' lang='lat'>416</span> <span class='ocrx_word' id='word_1_2' title='bbox 1176 416 1227 466; x_wconf 77' lang='lat' dir='ltr'>S.</span> <span class='ocrx_word' id='word_1_3' title='bbox 1284 412 1556 466; x_wconf 85' lang='lat' dir='ltr'>Aureli</span> <span class='ocrx_word' id='word_1_4' title='bbox 1611 404 2044 481; x_wconf 81' lang='lat' dir='ltr'>Augustini</span> 
     </span>
    </p>
   </div>
   <div class='ocr_carea' id='block_1_2' title="bbox 459 608 2768 907">
    <p class='ocr_par' dir='ltr' id='par_1_2' title="bbox 459 608 2768 907">
     <span class='ocr_line' id='line_1_2' title="bbox 463 608 2768 691; baseline -0 -19"><span class='ocrx_word' id='word_1_5' title='bbox 463 609 577 673; x_wconf 92' lang='lat' dir='ltr'>sed</span> <span class='ocrx_word' id='word_1_6' title='bbox 642 610 803 671; x_wconf 89' lang='lat' dir='ltr'>semi</span> <span class='ocrx_word' id='word_1_7' title='bbox 874 610 1270 691; x_wconf 89' lang='lat' dir='ltr'>alterumque</span> <span class='ocrx_word' id='word_1_8' title='bbox 1337 627 1407 672; x_wconf 86' lang='lat' dir='ltr'>ex</span> <span class='ocrx_word' id='word_1_9' title='bbox 1474 610 1674 671; x_wconf 89' lang='lat' dir='ltr'>altero</span> <span class='ocrx_word' id='word_1_10' title='bbox 1732 609 1796 671; x_wconf 89' lang='lat' dir='ltr'>in</span> <span class='ocrx_word' id='word_1_11' title='bbox 1855 608 2042 672; x_wconf 89' lang='lat' dir='ltr'>uobis</span> <span class='ocrx_word' id='word_1_12' title='bbox 2105 627 2230 673; x_wconf 90' lang='lat' dir='ltr'>non</span> <span class='ocrx_word' id='word_1_13' title='bbox 2295 613 2428 672; x_wconf 92' lang='lat' dir='ltr'>tam</span> <span class='ocrx_word' id='word_1_14' title='bbox 2482 608 2768 691; x_wconf 89' lang='lat' dir='ltr'>repletur</span> 
     </span>
     <span class='ocr_line' id='line_1_3' title="bbox 462 715 2766 799; baseline -0.001 -19"><span class='ocrx_word' id='word_1_15' title='bbox 462 735 651 798; x_wconf 91' lang='lat' dir='ltr'>quam</span> <span class='ocrx_word' id='word_1_16' title='bbox 702 717 1149 799; x_wconf 77' lang='lat' dir='ltr'>corrumpitur,</span> <span class='ocrx_word' id='word_1_17' title='bbox 1208 716 1356 798; x_wconf 92' lang='lat' dir='ltr'>quia</span> <span class='ocrx_word' id='word_1_18' title='bbox 1404 719 1470 780; x_wconf 86' lang='lat' dir='ltr'>et</span> <span class='ocrx_word' id='word_1_19' title='bbox 1514 736 1692 780; x_wconf 90' lang='lat' dir='ltr'>sema</span> <span class='ocrx_word' id='word_1_20' title='bbox 1739 735 1898 781; x_wconf 91' lang='lat' dir='ltr'>uasa</span> <span class='ocrx_word' id='word_1_21' title='bbox 1942 735 2288 797; x_wconf 85' lang='lat' dir='ltr'>numquam</span> <span class='ocrx_word' id='word_1_22' title='bbox 2339 716 2416 779; x_wconf 93' lang='lat' dir='ltr'>de</span> <span class='ocrx_word' id='word_1_23' title='bbox 2463 715 2766 781; x_wconf 84' lang='lat' dir='ltr'>dissimili</span> 
     </span>
     <span class='ocr_line' id='line_1_4' title="bbox 459 822 2763 907; baseline 0 -21"><span class='ocrx_word' id='word_1_24' title='bbox 459 824 785 907; x_wconf 75' lang='lat' dir='ltr'>inplentur</span> <span class='ocrx_word' id='word_1_25' title='bbox 830 823 1121 899; x_wconf 80' lang='lat' dir='ltr'>materia,</span> <span class='ocrx_word' id='word_1_26' title='bbox 1172 823 1283 888; x_wconf 91' lang='lat' dir='ltr'>sed</span> <span class='ocrx_word' id='word_1_27' title='bbox 1332 824 1408 887; x_wconf 92' lang='lat' dir='ltr'>de</span> <span class='ocrx_word' id='word_1_28' title='bbox 1458 823 1678 887; x_wconf 91' lang='lat' dir='ltr'>eadem</span> <span class='ocrx_word' id='word_1_29' title='bbox 1731 842 1804 886; x_wconf 94' lang='lat' dir='ltr'>ac</span> <span class='ocrx_word' id='word_1_30' title='bbox 1854 822 1978 887; x_wconf 92' lang='lat' dir='ltr'>sibi</span> <span class='ocrx_word' id='word_1_31' title='bbox 2026 823 2244 900; x_wconf 83' lang='lat' dir='ltr'>simili,</span> <span class='ocrx_word' id='word_1_32' title='bbox 2300 824 2376 885; x_wconf 89' lang='lat' dir='ltr'>ut</span> <span class='ocrx_word' id='word_1_33' title='bbox 2428 823 2563 885; x_wconf 87' lang='lat' dir='ltr'>uini</span> <span class='ocrx_word' id='word_1_34' title='bbox 2610 824 2763 887; x_wconf 88' lang='lat' dir='ltr'>uino</span> 
     </span>
    </p>
   </div>
   <div class='ocr_carea' id='block_1_3' title="bbox 463 930 2799 1011">
    <p class='ocr_par' dir='ltr' id='par_1_3' title="bbox 463 930 2799 1011">
     <span class='ocr_line' id='line_1_5' title="bbox 463 930 2799 1011; baseline -0.002 -14"><span class='ocrx_word' id='word_1_35' title='bbox 463 938 527 997; x_wconf 90' lang='lat' dir='ltr'>et</span> <span class='ocrx_word' id='word_1_36' title='bbox 572 932 785 996; x_wconf 91' lang='lat' dir='ltr'>mellis</span> <span class='ocrx_word' id='word_1_37' title='bbox 833 931 1025 995; x_wconf 91' lang='lat' dir='ltr'>melle</span> <span class='ocrx_word' id='word_1_38' title='bbox 1075 935 1140 995; x_wconf 90' lang='lat' dir='ltr'>et</span> <span class='ocrx_word' id='word_1_39' title='bbox 1187 931 1351 995; x_wconf 90' lang='lat' dir='ltr'>aceti</span> <span class='ocrx_word' id='word_1_40' title='bbox 1397 934 1617 995; x_wconf 84' lang='lat' dir='ltr'>aceto:</span> <span class='ocrx_word' id='word_1_41' title='bbox 1683 930 1914 1011; x_wconf 87' lang='lat' dir='ltr'>quibus</span> <span class='ocrx_word' id='word_1_42' title='bbox 1975 930 2312 995; x_wconf 83' lang='lat' dir='ltr'>dissimilia</span> <span class='ocrx_word' id='word_1_43' title='bbox 2373 933 2438 994; x_wconf 90' lang='lat' dir='ltr'>et</span> <span class='ocrx_word' id='word_1_44' title='bbox 2492 950 2614 995; x_wconf 90' lang='lat' dir='ltr'>non</span> <span class='ocrx_word' id='word_1_45' title='bbox 2665 930 2799 993; x_wconf 88' lang='lat' dir='ltr'>sui.</span> 
     </span>
    </p>
   </div>
   <div class='ocr_carea' id='block_1_4' title="bbox 462 1038 2770 2085">
    <p class='ocr_par' dir='ltr' id='par_1_4' title="bbox 462 1038 2770 2085">
     <span class='ocr_line' id='line_1_6' title="bbox 462 1038 2764 1123; baseline -0.001 -20"><span class='ocrx_word' id='word_1_46' title='bbox 462 1039 712 1123; x_wconf 89' lang='lat' dir='ltr'>generis</span> <span class='ocrx_word' id='word_1_47' title='bbox 781 1038 1223 1119; x_wconf 76' lang='lat' dir='ltr'>superfundas,</span> <span class='ocrx_word' id='word_1_48' title='bbox 1290 1039 1365 1100; x_wconf 92' lang='lat' dir='ltr'>ut</span> <span class='ocrx_word' id='word_1_49' title='bbox 1426 1038 1607 1101; x_wconf 91' lang='lat' dir='ltr'>melli</span> <span class='ocrx_word' id='word_1_50' title='bbox 1673 1038 1758 1101; x_wconf 85' lang='lat' dir='ltr'>fel</span> <span class='ocrx_word' id='word_1_51' title='bbox 1823 1041 1889 1102; x_wconf 84' lang='lat' dir='ltr'>et</span> <span class='ocrx_word' id='word_1_52' title='bbox 1953 1057 2182 1119; x_wconf 89' lang='lat' dir='ltr'>aquam</span> <span class='ocrx_word' id='word_1_53' title='bbox 2245 1038 2396 1102; x_wconf 90' lang='grc'><strong>111110</strong></span> <span class='ocrx_word' id='word_1_54' title='bbox 2462 1040 2529 1101; x_wconf 92' lang='lat' dir='ltr'>et</span> <span class='ocrx_word' id='word_1_55' title='bbox 2585 1042 2764 1100; x_wconf 89' lang='lat' dir='ltr'>aceto</span> 
     </span>
     <span class='ocr_line' id='line_1_7' title="bbox 463 1144 2767 1231; baseline -0.001 -21"><span class='ocrx_word' id='word_1_56' title='bbox 463 1166 673 1231; x_wconf 86' lang='lat' dir='ltr'>garos,</span> <span class='ocrx_word' id='word_1_57' title='bbox 722 1165 847 1210; x_wconf 90' lang='grc'><strong>11011</strong></span> <span class='ocrx_word' id='word_1_58' title='bbox 894 1144 1164 1228; x_wconf 76' lang='lat' dir='ltr'>repletio</span> <span class='ocrx_word' id='word_1_59' title='bbox 1212 1144 1549 1209; x_wconf 86' lang='lat' dir='ltr'>uocabitur</span> <span class='ocrx_word' id='word_1_60' title='bbox 1596 1146 1771 1217; x_wconf 82' lang='lat' dir='ltr'>haee,</span> <span class='ocrx_word' id='word_1_61' title='bbox 1821 1145 1936 1209; x_wconf 90' lang='lat' dir='ltr'>sed</span> <span class='ocrx_word' id='word_1_62' title='bbox 1981 1145 2386 1208; x_wconf 85' lang='lat' dir='ltr'>adulterium.</span> <span class='ocrx_word' id='word_1_63' title='bbox 2444 1144 2566 1208; x_wconf 91' lang='lat' dir='ltr'>hoc</span> <span class='ocrx_word' id='word_1_64' title='bbox 2613 1162 2767 1226; x_wconf 87' lang='lat' dir='ltr'>ergo</span> 
     </span>
     <span class='ocr_line' id='line_1_8' title="bbox 464 1252 2769 1336; baseline -0.002 -19"><span class='ocrx_word' id='word_1_65' title='bbox 464 1272 661 1318; x_wconf 91' lang='lat' dir='ltr'>causa</span> <span class='ocrx_word' id='word_1_66' title='bbox 707 1256 825 1323; x_wconf 84' lang='lat' dir='ltr'>est.</span> <span class='ocrx_word' id='word_1_67' title='bbox 876 1252 1043 1316; x_wconf 90' lang='lat' dir='ltr'>unde</span> <span class='ocrx_word' id='word_1_68' title='bbox 1092 1272 1207 1317; x_wconf 92' lang='lat' dir='ltr'>nos</span> <span class='ocrx_word' id='word_1_69' title='bbox 1253 1272 1477 1335; x_wconf 88' lang='lat' dir='ltr'>parum</span> <span class='ocrx_word' id='word_1_70' title='bbox 1526 1252 1876 1336; x_wconf 85' lang='lat' dir='ltr'>accipimus</span> <span class='ocrx_word' id='word_1_71' title='bbox 1923 1254 2381 1317; x_wconf 87' lang='lat' dir='ltr'>testamentum</span> <span class='ocrx_word' id='word_1_72' title='bbox 2428 1254 2639 1315; x_wconf 86' lang='lat' dir='ltr'>uetus.</span> <span class='ocrx_word' id='word_1_73' title='bbox 2701 1254 2769 1313; x_wconf 89' lang='lat' dir='ltr'>et</span> 
     </span>
     <span class='ocr_line' id='line_1_9' title="bbox 464 1357 2768 1443; baseline -0 -19"><span class='ocrx_word' id='word_1_74' title='bbox 464 1360 612 1443; x_wconf 91' lang='lat' dir='ltr'>quia</span> <span class='ocrx_word' id='word_1_75' title='bbox 651 1360 924 1425; x_wconf 89' lang='lat' dir='ltr'>ecclesia</span> <span class='ocrx_word' id='word_1_76' title='bbox 961 1362 1198 1435; x_wconf 84' lang='lat' dir='ltr'>nostra,</span> <span class='ocrx_word' id='word_1_77' title='bbox 1230 1378 1462 1441; x_wconf 90' lang='lat' dir='ltr'>sponsa</span> <span class='ocrx_word' id='word_1_78' title='bbox 1493 1358 1752 1433; x_wconf 84' lang='lat' dir='ltr'>Christi,</span> <span class='ocrx_word' id='word_1_79' title='bbox 1784 1358 2123 1441; x_wconf 85' lang='lat' dir='ltr'>pauperior</span> <span class='ocrx_word' id='word_1_80' title='bbox 2151 1357 2407 1439; x_wconf 90' lang='lat' dir='ltr'>quidem</span> <span class='ocrx_word' id='word_1_81' title='bbox 2446 1358 2502 1421; x_wconf 90' lang='lat' dir='ltr'>ei</span> <span class='ocrx_word' id='word_1_82' title='bbox 2540 1361 2768 1440; x_wconf 84' lang='lat' dir='ltr'>nupta.</span> 
     </span>
     <span class='ocr_line' id='line_1_10' title="bbox 465 1464 2768 1543; baseline -0.003 -9"><span class='ocrx_word' id='word_1_83' title='bbox 465 1470 578 1534; x_wconf 90' lang='lat' dir='ltr'>sed</span> <span class='ocrx_word' id='word_1_84' title='bbox 626 1467 839 1543; x_wconf 85' lang='lat' dir='ltr'>diuiti,</span> <span class='ocrx_word' id='word_1_85' title='bbox 890 1468 1187 1530; x_wconf 86' lang='lat' dir='ltr'>contenta</span> <span class='ocrx_word' id='word_1_86' title='bbox 1234 1465 1321 1529; x_wconf 91' lang='lat' dir='ltr'>sit</span> <span class='ocrx_word' id='word_1_87' title='bbox 1363 1464 1547 1529; x_wconf 91' lang='lat' dir='ltr'>bonis</span> <span class='ocrx_word' id='word_1_88' title='bbox 1595 1464 1811 1529; x_wconf 87' lang='lat' dir='ltr'>mariti</span> <span class='ocrx_word' id='word_1_89' title='bbox 1859 1465 1980 1542; x_wconf 92' lang='lat' dir='ltr'>sui,</span> <span class='ocrx_word' id='word_1_90' title='bbox 2019 1464 2362 1528; x_wconf 90' lang='lat' dir='ltr'>humilium</span> <span class='ocrx_word' id='word_1_91' title='bbox 2409 1467 2768 1529; x_wconf 84' lang='lat' dir='ltr'>amatorum</span> 
     </span>
     <span class='ocr_line' id='line_1_11' title="bbox 464 1571 2764 1658; baseline -0.002 -20"><span class='ocrx_word' id='word_1_92' title='bbox 464 1575 847 1658; x_wconf 83' lang='lat' dir='ltr'>dedignatur</span> <span class='ocrx_word' id='word_1_93' title='bbox 898 1592 1070 1655; x_wconf 75' lang='lat' dir='ltr'>opeS‚</span> <span class='ocrx_word' id='word_1_94' title='bbox 1120 1571 1380 1635; x_wconf 89' lang='lat' dir='ltr'>sordent</span> <span class='ocrx_word' id='word_1_95' title='bbox 1417 1571 1475 1635; x_wconf 89' lang='lat' dir='ltr'>ei</span> <span class='ocrx_word' id='word_1_96' title='bbox 1513 1571 1888 1636; x_wconf 87' lang='lat' dir='ltr'>testamenti</span> <span class='ocrx_word' id='word_1_97' title='bbox 1926 1572 2164 1635; x_wconf 89' lang='lat' dir='ltr'>ueteris</span> <span class='ocrx_word' id='word_1_98' title='bbox 2205 1574 2270 1634; x_wconf 91' lang='lat' dir='ltr'>et</span> <span class='ocrx_word' id='word_1_99' title='bbox 2308 1571 2445 1635; x_wconf 83' lang='lat' dir='ltr'>eius</span> <span class='ocrx_word' id='word_1_100' title='bbox 2485 1571 2764 1636; x_wconf 76' lang='lat' dir='ltr'>auctoris</span> 
     </span>
     <span class='ocr_line' id='line_1_12' title="bbox 462 1676 2764 1761; baseline -0.003 -15"><span class='ocrx_word' id='word_1_101' title='bbox 462 1700 726 1745; x_wconf 90' lang='lat' dir='ltr'>munera</span> <span class='ocrx_word' id='word_1_102' title='bbox 778 1681 1110 1759; x_wconf 86' lang='lat' dir='ltr'>famaeque</span> <span class='ocrx_word' id='word_1_103' title='bbox 1168 1697 1320 1743; x_wconf 89' lang='lat' dir='ltr'>suae</span> <span class='ocrx_word' id='word_1_104' title='bbox 1378 1679 1597 1743; x_wconf 90' lang='lat' dir='ltr'>custos</span> <span class='ocrx_word' id='word_1_105' title='bbox 1658 1678 2152 1761; x_wconf 88' lang='lat' dir='ltr'>diligentissima</span> <span class='ocrx_word' id='word_1_106' title='bbox 2211 1677 2332 1742; x_wconf 91' lang='lat' dir='ltr'>nisi</span> <span class='ocrx_word' id='word_1_107' title='bbox 2388 1676 2605 1760; x_wconf 87' lang='lat' dir='ltr'>sponsi</span> <span class='ocrx_word' id='word_1_108' title='bbox 2662 1677 2764 1741; x_wconf 92' lang='lat' dir='ltr'>sui</span> 
     </span>
     <span class='ocr_line' id='line_1_13' title="bbox 467 1786 2758 1877; baseline -0.003 -25"><span class='ocrx_word' id='word_1_109' title='bbox 467 1809 589 1854; x_wconf 90' lang='lat' dir='ltr'>non</span> <span class='ocrx_word' id='word_1_110' title='bbox 640 1788 872 1871; x_wconf 83' lang='lat' dir='ltr'>accipit</span> <span class='ocrx_word' id='word_1_111' title='bbox 918 1787 1189 1853; x_wconf 81' lang='lat' dir='ltr'>litteras,</span> <span class='ocrx_word' id='word_1_112' title='bbox 1238 1788 1453 1850; x_wconf 87' lang='lat' dir='ltr'>uestra</span> <span class='ocrx_word' id='word_1_113' title='bbox 1501 1804 1652 1850; x_wconf 89' lang='lat' dir='ltr'>sane</span> <span class='ocrx_word' id='word_1_114' title='bbox 1691 1786 1962 1877; x_wconf 89' lang='lat' dir='ltr'>ecclesia</span> <span class='ocrx_word' id='word_1_115' title='bbox 1997 1788 2266 1867; x_wconf 86' lang='lat' dir='ltr'>usurpet</span> <span class='ocrx_word' id='word_1_116' title='bbox 2299 1787 2758 1849; x_wconf 86' lang='lat' dir='ltr'>testamentum</span> 
     </span>
     <span class='ocr_line' id='line_1_14' title="bbox 464 1892 2768 1978; baseline -0.002 -19"><span class='ocrx_word' id='word_1_117' title='bbox 464 1899 676 1964; x_wconf 81' lang='lat' dir='ltr'>uetus,</span> <span class='ocrx_word' id='word_1_118' title='bbox 738 1914 896 1978; x_wconf 89' lang='lat' dir='ltr'>quae</span> <span class='ocrx_word' id='word_1_119' title='bbox 955 1899 1031 1958; x_wconf 92' lang='lat' dir='ltr'>ut</span> <span class='ocrx_word' id='word_1_120' title='bbox 1085 1894 1333 1959; x_wconf 87' lang='lat' dir='ltr'>lasciua</span> <span class='ocrx_word' id='word_1_121' title='bbox 1385 1893 1569 1976; x_wconf 89' lang='lat' dir='ltr'>uirgo</span> <span class='ocrx_word' id='word_1_122' title='bbox 1627 1892 1939 1958; x_wconf 89' lang='lat' dir='ltr'>inmemor</span> <span class='ocrx_word' id='word_1_123' title='bbox 1983 1892 2245 1974; x_wconf 89' lang='lat' dir='ltr'>pudoris</span> <span class='ocrx_word' id='word_1_124' title='bbox 2293 1892 2482 1955; x_wconf 87' lang='lat' dir='ltr'>alieni</span> <span class='ocrx_word' id='word_1_125' title='bbox 2526 1892 2650 1955; x_wconf 87' lang='lat' dir='ltr'>uiri</span> <span class='ocrx_word' id='word_1_126' title='bbox 2698 1896 2768 1955; x_wconf 86' lang='lat' dir='ltr'>et</span> 
     </span>
     <span class='ocr_line' id='line_1_15' title="bbox 467 2000 2770 2085; baseline -0.002 -20"><span class='ocrx_word' id='word_1_127' title='bbox 467 2002 837 2067; x_wconf 87' lang='lat' dir='ltr'>muneribus</span> <span class='ocrx_word' id='word_1_128' title='bbox 908 2002 1147 2085; x_wconf 89' lang='lat' dir='ltr'>gaudet</span> <span class='ocrx_word' id='word_1_129' title='bbox 1212 2004 1277 2063; x_wconf 91' lang='lat' dir='ltr'>et</span> <span class='ocrx_word' id='word_1_130' title='bbox 1338 2000 1592 2065; x_wconf 87' lang='lat' dir='ltr'>litteris.</span> <span class='ocrx_word' id='word_1_131' title='bbox 1661 2002 1905 2063; x_wconf 85' lang='lat' dir='ltr'>amator</span> <span class='ocrx_word' id='word_1_132' title='bbox 1951 2000 2220 2081; x_wconf 89' lang='lat' dir='ltr'>denique</span> <span class='ocrx_word' id='word_1_133' title='bbox 2266 2000 2376 2063; x_wconf 91' lang='lat' dir='ltr'>ille</span> <span class='ocrx_word' id='word_1_134' title='bbox 2430 2002 2646 2063; x_wconf 89' lang='lat' dir='ltr'>uester</span> <span class='ocrx_word' id='word_1_135' title='bbox 2703 2002 2770 2061; x_wconf 88' lang='lat' dir='ltr'>et</span> 
     </span>
    </p>
   </div>
   <div class='ocr_carea' id='block_1_5' title="bbox 469 2106 2864 2191">
    <p class='ocr_par' dir='ltr' id='par_1_5' title="bbox 469 2106 2864 2191">
     <span class='ocr_line' id='line_1_16' title="bbox 469 2106 2864 2191; baseline -0.001 -19"><span class='ocrx_word' id='word_1_136' title='bbox 469 2108 729 2191; x_wconf 86' lang='lat' dir='ltr'>pudoris</span> <span class='ocrx_word' id='word_1_137' title='bbox 806 2111 1135 2190; x_wconf 89' lang='lat' dir='ltr'>corruptor</span> <span class='ocrx_word' id='word_1_138' title='bbox 1196 2106 1631 2171; x_wconf 87' lang='lat' dir='ltr'>Hebraeorum</span> <span class='ocrx_word' id='word_1_139' title='bbox 1709 2106 1866 2169; x_wconf 93' lang='lat' dir='ltr'>deus</span> <span class='ocrx_word' id='word_1_140' title='bbox 1944 2106 2267 2189; x_wconf 79' lang='lat' dir='ltr'>diptychio</span> <span class='ocrx_word' id='word_1_141' title='bbox 2331 2106 2579 2189; x_wconf 89' lang='lat' dir='ltr'>lapideo</span> <span class='ocrx_word' id='word_1_142' title='bbox 2647 2124 2765 2169; x_wconf 92' lang='lat' dir='ltr'>suo</span> <span class='ocrx_word' id='word_1_143' title='bbox 2836 2124 2864 2161; x_wconf 79' lang='lat'>5</span> 
     </span>
    </p>
   </div>
   <div class='ocr_carea' id='block_1_6' title="bbox 471 2212 2771 3365">
    <p class='ocr_par' dir='ltr' id='par_1_6' title="bbox 471 2212 2771 3365">
     <span class='ocr_line' id='line_1_17' title="bbox 472 2212 2766 2297; baseline -0.002 -19"><span class='ocrx_word' id='word_1_144' title='bbox 472 2234 691 2278; x_wconf 83' lang='lat' dir='ltr'>aurum</span> <span class='ocrx_word' id='word_1_145' title='bbox 759 2215 949 2279; x_wconf 92' lang='lat' dir='ltr'>uobis</span> <span class='ocrx_word' id='word_1_146' title='bbox 1015 2214 1335 2297; x_wconf 86' lang='lat' dir='ltr'>promittit</span> <span class='ocrx_word' id='word_1_147' title='bbox 1398 2216 1463 2276; x_wconf 92' lang='lat' dir='ltr'>et</span> <span class='ocrx_word' id='word_1_148' title='bbox 1526 2216 1884 2296; x_wconf 81' lang='lat' dir='ltr'>argentum,</span> <span class='ocrx_word' id='word_1_149' title='bbox 1941 2214 2185 2277; x_wconf 88' lang='lat' dir='ltr'>uentris</span> <span class='ocrx_word' id='word_1_150' title='bbox 2241 2212 2639 2277; x_wconf 85' lang='lat' dir='ltr'>saturitatem</span> <span class='ocrx_word' id='word_1_151' title='bbox 2697 2214 2766 2275; x_wconf 93' lang='lat' dir='ltr'>et</span> 
     </span>
     <span class='ocr_line' id='line_1_18' title="bbox 471 2318 2764 2400; baseline -0.001 -16"><span class='ocrx_word' id='word_1_152' title='bbox 471 2325 701 2384; x_wconf 90' lang='lat' dir='ltr'>terram</span> <span class='ocrx_word' id='word_1_153' title='bbox 742 2320 1280 2385; x_wconf 89' lang='lat' dir='ltr'>Chananaeorum.</span> <span class='ocrx_word' id='word_1_154' title='bbox 1328 2320 1395 2383; x_wconf 89' lang='lat' dir='ltr'>hi</span> <span class='ocrx_word' id='word_1_155' title='bbox 1443 2339 1562 2384; x_wconf 93' lang='lat' dir='ltr'>uos</span> <span class='ocrx_word' id='word_1_156' title='bbox 1615 2319 2096 2383; x_wconf 84' lang='lat' dir='ltr'>delectauerunt</span> <span class='ocrx_word' id='word_1_157' title='bbox 2130 2324 2262 2382; x_wconf 88' lang='lat' dir='ltr'>tam</span> <span class='ocrx_word' id='word_1_158' title='bbox 2301 2318 2539 2383; x_wconf 89' lang='lat' dir='ltr'>sordidi</span> <span class='ocrx_word' id='word_1_159' title='bbox 2577 2337 2764 2400; x_wconf 89' lang='lat' dir='ltr'>quae-</span> 
     </span>
     <span class='ocr_line' id='line_1_19' title="bbox 475 2425 2766 2509; baseline -0.002 -17"><span class='ocrx_word' id='word_1_160' title='bbox 475 2432 636 2504; x_wconf 86' lang='lat' dir='ltr'>stus,</span> <span class='ocrx_word' id='word_1_161' title='bbox 704 2431 780 2490; x_wconf 92' lang='lat' dir='ltr'>ut</span> <span class='ocrx_word' id='word_1_162' title='bbox 843 2427 1044 2491; x_wconf 88' lang='lat' dir='ltr'>libeat</span> <span class='ocrx_word' id='word_1_163' title='bbox 1106 2445 1367 2509; x_wconf 88' lang='lat' dir='ltr'>peccare</span> <span class='ocrx_word' id='word_1_164' title='bbox 1428 2428 1578 2509; x_wconf 86' lang='lat' dir='ltr'>post</span> <span class='ocrx_word' id='word_1_165' title='bbox 1625 2426 1974 2495; x_wconf 80' lang='lat' dir='ltr'>Christum,</span> <span class='ocrx_word' id='word_1_166' title='bbox 2032 2428 2107 2489; x_wconf 89' lang='lat' dir='ltr'>ut</span> <span class='ocrx_word' id='word_1_167' title='bbox 2161 2426 2302 2490; x_wconf 89' lang='lat' dir='ltr'>sitis</span> <span class='ocrx_word' id='word_1_168' title='bbox 2355 2425 2587 2509; x_wconf 87' lang='lat' dir='ltr'>ingrati</span> <span class='ocrx_word' id='word_1_169' title='bbox 2635 2428 2766 2487; x_wconf 86' lang='lat' dir='ltr'>tam</span> 
     </span>
     <span class='ocr_line' id='line_1_20' title="bbox 471 2532 2768 2607; baseline -0.002 -8"><span class='ocrx_word' id='word_1_170' title='bbox 471 2535 777 2599; x_wconf 87' lang='lat' dir='ltr'>inmensis</span> <span class='ocrx_word' id='word_1_171' title='bbox 828 2534 1085 2598; x_wconf 89' lang='lat' dir='ltr'>dotibus</span> <span class='ocrx_word' id='word_1_172' title='bbox 1146 2534 1303 2597; x_wconf 92' lang='lat' dir='ltr'>eius.</span> <span class='ocrx_word' id='word_1_173' title='bbox 1370 2533 1525 2597; x_wconf 90' lang='lat' dir='ltr'>haec</span> <span class='ocrx_word' id='word_1_174' title='bbox 1572 2551 1693 2597; x_wconf 90' lang='lat' dir='ltr'>uos</span> <span class='ocrx_word' id='word_1_175' title='bbox 1742 2532 2057 2607; x_wconf 77' lang='lat' dir='ltr'>inliciunt,</span> <span class='ocrx_word' id='word_1_176' title='bbox 2107 2536 2180 2595; x_wconf 91' lang='lat' dir='ltr'>ut</span> <span class='ocrx_word' id='word_1_177' title='bbox 2223 2533 2288 2595; x_wconf 88' lang='lat' dir='ltr'>in</span> <span class='ocrx_word' id='word_1_178' title='bbox 2333 2532 2768 2596; x_wconf 85' lang='lat' dir='ltr'>Hebraeorum</span> 
     </span>
     <span class='ocr_line' id='line_1_21' title="bbox 475 2639 2771 2725; baseline -0.001 -20"><span class='ocrx_word' id='word_1_179' title='bbox 475 2641 831 2725; x_wconf 87' lang='lat' dir='ltr'>depereatis</span> <span class='ocrx_word' id='word_1_180' title='bbox 891 2641 1007 2705; x_wconf 89' lang='lat' dir='ltr'>deo</span> <span class='ocrx_word' id='word_1_181' title='bbox 1064 2642 1214 2723; x_wconf 88' lang='lat' dir='ltr'>post</span> <span class='ocrx_word' id='word_1_182' title='bbox 1266 2640 1520 2723; x_wconf 88' lang='lat' dir='ltr'>nuptias</span> <span class='ocrx_word' id='word_1_183' title='bbox 1583 2640 1840 2705; x_wconf 85' lang='lat' dir='ltr'>Christi.</span> <span class='ocrx_word' id='word_1_184' title='bbox 1910 2639 2134 2703; x_wconf 80' lang='lat' dir='ltr'>discite</span> <span class='ocrx_word' id='word_1_185' title='bbox 2201 2659 2348 2722; x_wconf 90' lang='lat' dir='ltr'>ergo</span> <span class='ocrx_word' id='word_1_186' title='bbox 2411 2639 2538 2702; x_wconf 87' lang='lat' dir='ltr'>iam</span> <span class='ocrx_word' id='word_1_187' title='bbox 2601 2658 2771 2703; x_wconf 89' lang='grc'><strong>1111116</strong></span> 
     </span>
     <span class='ocr_line' id='line_1_22' title="bbox 479 2746 2771 2829; baseline -0.003 -15"><span class='ocrx_word' id='word_1_188' title='bbox 479 2750 668 2815; x_wconf 91' lang='lat' dir='ltr'>etiam</span> <span class='ocrx_word' id='word_1_189' title='bbox 737 2748 874 2811; x_wconf 88' lang='lat' dir='ltr'>falli</span> <span class='ocrx_word' id='word_1_190' title='bbox 938 2766 1057 2811; x_wconf 90' lang='lat' dir='ltr'>uos</span> <span class='ocrx_word' id='word_1_191' title='bbox 1118 2751 1182 2810; x_wconf 92' lang='lat' dir='ltr'>et</span> <span class='ocrx_word' id='word_1_192' title='bbox 1238 2747 1443 2829; x_wconf 92' lang='lat' dir='ltr'>decipi</span> <span class='ocrx_word' id='word_1_193' title='bbox 1497 2746 1678 2811; x_wconf 87' lang='lat' dir='ltr'>falsis</span> <span class='ocrx_word' id='word_1_194' title='bbox 1735 2746 2262 2829; x_wconf 87' lang='lat' dir='ltr'>promissionibus</span> <span class='ocrx_word' id='word_1_195' title='bbox 2311 2746 2467 2810; x_wconf 89' lang='grc'><strong>61113.</strong></span> <span class='ocrx_word' id='word_1_196' title='bbox 2533 2766 2771 2828; x_wconf 85' lang='lat' dir='ltr'>pauper</span> 
     </span>
     <span class='ocr_line' id='line_1_23' title="bbox 475 2853 2766 2939; baseline 0 -18"><span class='ocrx_word' id='word_1_197' title='bbox 475 2860 595 2931; x_wconf 85' lang='lat' dir='ltr'>est,</span> <span class='ocrx_word' id='word_1_198' title='bbox 638 2874 875 2939; x_wconf 87' lang='lat' dir='ltr'>egenus</span> <span class='ocrx_word' id='word_1_199' title='bbox 916 2856 1036 2930; x_wconf 87' lang='lat' dir='ltr'>est,</span> <span class='ocrx_word' id='word_1_200' title='bbox 1075 2874 1153 2918; x_wconf 92' lang='lat' dir='ltr'>ne</span> <span class='ocrx_word' id='word_1_201' title='bbox 1193 2873 1267 2917; x_wconf 90' lang='lat' dir='ltr'>ea</span> <span class='ocrx_word' id='word_1_202' title='bbox 1299 2854 1555 2936; x_wconf 89' lang='lat' dir='ltr'>quidem</span> <span class='ocrx_word' id='word_1_203' title='bbox 1592 2858 1914 2936; x_wconf 88' lang='lat' dir='ltr'>praestare</span> <span class='ocrx_word' id='word_1_204' title='bbox 1943 2855 2176 2936; x_wconf 82' lang='lat' dir='ltr'>potest,</span> <span class='ocrx_word' id='word_1_205' title='bbox 2217 2872 2376 2935; x_wconf 92' lang='lat' dir='ltr'>quae</span> <span class='ocrx_word' id='word_1_206' title='bbox 2411 2853 2766 2935; x_wconf 85' lang='lat' dir='ltr'>promittit:</span> 
     </span>
     <span class='ocr_line' id='line_1_24' title="bbox 472 2959 2770 3044; baseline -0.003 -17"><span class='ocrx_word' id='word_1_207' title='bbox 472 2983 615 3027; x_wconf 91' lang='lat' dir='ltr'>nam</span> <span class='ocrx_word' id='word_1_208' title='bbox 666 2964 721 3028; x_wconf 90' lang='lat' dir='ltr'>si</span> <span class='ocrx_word' id='word_1_209' title='bbox 770 2981 923 3027; x_wconf 90' lang='lat' dir='ltr'>suae</span> <span class='ocrx_word' id='word_1_210' title='bbox 988 2962 1276 3044; x_wconf 86' lang='lat' dir='ltr'>propriae</span> <span class='ocrx_word' id='word_1_211' title='bbox 1343 2960 1618 3044; x_wconf 87' lang='lat' dir='ltr'>coniugi,</span> <span class='ocrx_word' id='word_1_212' title='bbox 1688 2960 1828 3024; x_wconf 88' lang='lat' dir='ltr'>dico</span> <span class='ocrx_word' id='word_1_213' title='bbox 1898 2962 2112 3023; x_wconf 90' lang='lat' dir='ltr'>autem</span> <span class='ocrx_word' id='word_1_214' title='bbox 2169 2978 2549 3043; x_wconf 81' lang='lat' dir='ltr'>synagogae,</span> <span class='ocrx_word' id='word_1_215' title='bbox 2606 2959 2770 3023; x_wconf 86' lang='lat' dir='ltr'>nihil</span> 
     </span>
     <span class='ocr_line' id='line_1_25' title="bbox 473 3065 2770 3152; baseline -0.001 -18"><span class='ocrx_word' id='word_1_216' title='bbox 473 3072 697 3134; x_wconf 91' lang='lat' dir='ltr'>horum</span> <span class='ocrx_word' id='word_1_217' title='bbox 766 3070 1069 3152; x_wconf 83' lang='lat' dir='ltr'>praestat.</span> <span class='ocrx_word' id='word_1_218' title='bbox 1140 3086 1298 3148; x_wconf 91' lang='lat' dir='ltr'>quae</span> <span class='ocrx_word' id='word_1_219' title='bbox 1364 3068 1726 3149; x_wconf 83' lang='lat' dir='ltr'>pollicetur.</span> <span class='ocrx_word' id='word_1_220' title='bbox 1789 3070 1854 3129; x_wconf 90' lang='lat' dir='ltr'>et</span> <span class='ocrx_word' id='word_1_221' title='bbox 1908 3065 2164 3148; x_wconf 91' lang='lat' dir='ltr'>quidem</span> <span class='ocrx_word' id='word_1_222' title='bbox 2219 3085 2460 3131; x_wconf 87' lang='lat' dir='ltr'>morem</span> <span class='ocrx_word' id='word_1_223' title='bbox 2525 3066 2770 3149; x_wconf 87' lang='lat' dir='ltr'>gerenti</span> 
     </span>
     <span class='ocr_line' id='line_1_26' title="bbox 478 3172 2769 3259; baseline -0.003 -19"><span class='ocrx_word' id='word_1_224' title='bbox 478 3176 601 3241; x_wconf 89' lang='lat' dir='ltr'>sibi</span> <span class='ocrx_word' id='word_1_225' title='bbox 646 3195 759 3259; x_wconf 91' lang='lat' dir='ltr'>per</span> <span class='ocrx_word' id='word_1_226' title='bbox 806 3176 1017 3239; x_wconf 90' lang='lat' dir='ltr'>omnia</span> <span class='ocrx_word' id='word_1_227' title='bbox 1073 3178 1138 3238; x_wconf 90' lang='lat' dir='ltr'>et</span> <span class='ocrx_word' id='word_1_228' title='bbox 1191 3174 1495 3238; x_wconf 89' lang='lat' dir='ltr'>seruienti</span> <span class='ocrx_word' id='word_1_229' title='bbox 1554 3172 1964 3237; x_wconf 88' lang='lat' dir='ltr'>summissius</span> <span class='ocrx_word' id='word_1_230' title='bbox 2021 3191 2211 3255; x_wconf 92' lang='lat' dir='ltr'>quam</span> <span class='ocrx_word' id='word_1_231' title='bbox 2265 3173 2514 3249; x_wconf 75' lang='lat' dir='ltr'>ancilla,</span> <span class='ocrx_word' id='word_1_232' title='bbox 2584 3172 2769 3237; x_wconf 90' lang='lat' dir='ltr'>uobis</span> 
     </span>
     <span class='ocr_line' id='line_1_27' title="bbox 474 3280 2768 3365; baseline -0.002 -20"><span class='ocrx_word' id='word_1_233' title='bbox 474 3286 793 3365; x_wconf 82' lang='lat' dir='ltr'>praestare</span> <span class='ocrx_word' id='word_1_234' title='bbox 862 3282 1015 3363; x_wconf 89' lang='lat' dir='ltr'>quid</span> <span class='ocrx_word' id='word_1_235' title='bbox 1080 3282 1315 3363; x_wconf 80' lang='lat' dir='ltr'>poterit</span> <span class='ocrx_word' id='word_1_236' title='bbox 1370 3281 1592 3343; x_wconf 87' lang='lat' dir='ltr'>alienis</span> <span class='ocrx_word' id='word_1_237' title='bbox 1650 3280 1727 3343; x_wconf 82' lang='lat' dir='ltr'>ab</span> <span class='ocrx_word' id='word_1_238' title='bbox 1787 3300 1854 3344; x_wconf 89' lang='lat' dir='ltr'>se</span> <span class='ocrx_word' id='word_1_239' title='bbox 1904 3283 1970 3343; x_wconf 89' lang='lat' dir='ltr'>et</span> <span class='ocrx_word' id='word_1_240' title='bbox 2014 3280 2452 3344; x_wconf 87' lang='lat' dir='ltr'>mandatorum</span> <span class='ocrx_word' id='word_1_241' title='bbox 2505 3298 2768 3344; x_wconf 90' lang='lat' dir='ltr'>suorum</span> 
     </span>
    </p>
   </div>
   <div class='ocr_carea' id='block_1_7' title="bbox 657 3496 1998 3566">
    <p class='ocr_par' dir='ltr' id='par_1_7' title="bbox 657 3496 1998 3566">
     <span class='ocr_line' id='line_1_28' title="bbox 657 3496 1998 3566; baseline 0 -17"><span class='ocrx_word' id='word_1_242' title='bbox 657 3498 721 3549; x_wconf 88' lang='lat'>16</span> <span class='ocrx_word' id='word_1_243' title='bbox 761 3496 827 3550; x_wconf 85' lang='lat' dir='ltr'>cf.</span> <span class='ocrx_word' id='word_1_244' title='bbox 864 3496 1029 3549; x_wconf 90' lang='lat' dir='ltr'>Deut.</span> <span class='ocrx_word' id='word_1_245' title='bbox 1069 3497 1118 3560; x_wconf 78' lang='lat'>8,</span> <span class='ocrx_word' id='word_1_246' title='bbox 1160 3498 1188 3549; x_wconf 84' lang='lat'><strong>7</strong></span> <span class='ocrx_word' id='word_1_247' title='bbox 1230 3514 1346 3566; x_wconf 87' lang='lat' dir='ltr'>sqq.</span> <span class='ocrx_word' id='word_1_248' title='bbox 1460 3496 1525 3550; x_wconf 85' lang='lat'>17</span> <span class='ocrx_word' id='word_1_249' title='bbox 1565 3496 1631 3549; x_wconf 85' lang='lat' dir='ltr'>cf.</span> <span class='ocrx_word' id='word_1_250' title='bbox 1673 3496 1764 3549; x_wconf 82' lang='lat' dir='ltr'>Ex.</span> <span class='ocrx_word' id='word_1_251' title='bbox 1805 3498 1889 3559; x_wconf 79' lang='lat'>23,</span> <span class='ocrx_word' id='word_1_252' title='bbox 1929 3496 1998 3549; x_wconf 65' lang='lat'>⁶23</span> 
     </span>
    </p>
   </div>
   <div class='ocr_carea' id='block_1_8' title="bbox 474 3618 2770 4400">
    <p class='ocr_par' dir='ltr' id='par_1_8' title="bbox 474 3618 2770 4400">
     <span class='ocr_line' id='line_1_29' title="bbox 546 3618 2766 3690; baseline -0.002 -15"><span class='ocrx_word' id='word_1_253' title='bbox 546 3624 578 3675; x_wconf 85' lang='lat'><strong>2</strong></span> <span class='ocrx_word' id='word_1_254' title='bbox 608 3622 968 3690; x_wconf 84' lang='lat' dir='ltr'>corrumpitur</span> <span class='ocrx_word' id='word_1_255' title='bbox 1001 3623 1153 3687; x_wconf 85' lang='lat' dir='ltr'>(corr,</span> <span class='ocrx_word' id='word_1_256' title='bbox 1186 3638 1250 3675; x_wconf 69' lang='lat' dir='ltr'>w:</span> <span class='ocrx_word' id='word_1_257' title='bbox 1279 3638 1377 3675; x_wconf 88' lang='lat' dir='ltr'>con</span> <span class='ocrx_word' id='word_1_258' title='bbox 1407 3640 1473 3676; x_wconf 84' lang='lat' dir='ltr'>m.</span> <span class='ocrx_word' id='word_1_259' title='bbox 1512 3623 1569 3689; x_wconf 84' lang='lat'>2)</span> <span class='ocrx_word' id='word_1_260' title='bbox 1610 3621 1656 3675; x_wconf 82' lang='lat' dir='ltr'><strong><em>S</em></strong></span> <span class='ocrx_word' id='word_1_261' title='bbox 1761 3622 1796 3675; x_wconf 88' lang='lat'>4</span> <span class='ocrx_word' id='word_1_262' title='bbox 1827 3622 1988 3689; x_wconf 67' lang='lat' dir='ltr'>zm&#39;m.</span> <span class='ocrx_word' id='word_1_263' title='bbox 2020 3624 2077 3674; x_wconf 86' lang='lat' dir='ltr'>et</span> <span class='ocrx_word' id='word_1_264' title='bbox 2103 3638 2203 3678; x_wconf 89' lang='lat' dir='ltr'>om.</span> <span class='ocrx_word' id='word_1_265' title='bbox 2243 3618 2344 3675; x_wconf 80' lang='lat' dir='ltr'>SG</span> <span class='ocrx_word' id='word_1_266' title='bbox 2452 3620 2766 3687; x_wconf 79' lang='lat' dir='ltr'>dissimilia]</span> 
     </span>
     <span class='ocr_line' id='line_1_30' title="bbox 476 3708 2766 3777; baseline -0.001 -14"><span class='ocrx_word' id='word_1_267' title='bbox 476 3712 521 3763; x_wconf 91' lang='lat' dir='ltr'>si</span> <span class='ocrx_word' id='word_1_268' title='bbox 559 3709 847 3764; x_wconf 87' lang='lat' dir='ltr'>dissimilia</span> <span class='ocrx_word' id='word_1_269' title='bbox 882 3710 1007 3769; x_wconf 76' lang='lat' dir='ltr'>CM,</span> <span class='ocrx_word' id='word_1_270' title='bbox 1051 3711 1118 3775; x_wconf 89' lang='lat' dir='ltr'>(si</span> <span class='ocrx_word' id='word_1_271' title='bbox 1154 3728 1196 3765; x_wconf 86' lang='lat'>8.</span> <span class='ocrx_word' id='word_1_272' title='bbox 1238 3711 1272 3764; x_wconf 84' lang='lat' dir='ltr'>l.</span> <span class='ocrx_word' id='word_1_273' title='bbox 1313 3729 1351 3764; x_wconf 86' lang='lat' dir='ltr'>a</span> <span class='ocrx_word' id='word_1_274' title='bbox 1385 3727 1454 3763; x_wconf 87' lang='lat' dir='ltr'>m.</span> <span class='ocrx_word' id='word_1_275' title='bbox 1500 3712 1548 3777; x_wconf 90' lang='lat'>1)</span> <span class='ocrx_word' id='word_1_276' title='bbox 1581 3710 1665 3773; x_wconf 79' lang='lat' dir='ltr'>M,</span> <span class='ocrx_word' id='word_1_277' title='bbox 1705 3711 1750 3763; x_wconf 90' lang='lat' dir='ltr'>si</span> <span class='ocrx_word' id='word_1_278' title='bbox 1791 3727 1892 3764; x_wconf 85' lang='lat' dir='ltr'>om.</span> <span class='ocrx_word' id='word_1_279' title='bbox 1921 3708 2178 3765; x_wconf 72' lang='lat' dir='ltr'><em>L¹P¹SG</em></span> <span class='ocrx_word' id='word_1_280' title='bbox 2286 3710 2319 3762; x_wconf 85' lang='lat'>6</span> <span class='ocrx_word' id='word_1_281' title='bbox 2357 3708 2660 3762; x_wconf 86' lang='lat' dir='ltr'>aduterium</span> <span class='ocrx_word' id='word_1_282' title='bbox 2689 3708 2766 3761; x_wconf 81' lang='lat' dir='ltr'>L·</span> 
     </span>
     <span class='ocr_line' id='line_1_31' title="bbox 474 3786 2770 3871; baseline -0.001 -18"><span class='ocrx_word' id='word_1_283' title='bbox 474 3800 595 3871; x_wconf 92' lang='lat' dir='ltr'>hoc]</span> <span class='ocrx_word' id='word_1_284' title='bbox 642 3798 776 3853; x_wconf 86' lang='lat' dir='ltr'>haec</span> <span class='ocrx_word' id='word_1_285' title='bbox 820 3798 894 3853; x_wconf 75' lang='lat' dir='ltr'>Gl</span> <span class='ocrx_word' id='word_1_286' title='bbox 942 3798 1039 3851; x_wconf 89' lang='lat' dir='ltr'>hec</span> <span class='ocrx_word' id='word_1_287' title='bbox 1089 3802 1140 3855; x_wconf 88' lang='lat' dir='ltr'>(e</span> <span class='ocrx_word' id='word_1_288' title='bbox 1188 3815 1323 3853; x_wconf 80' lang='lat' dir='ltr'>corr.</span> <span class='ocrx_word' id='word_1_289' title='bbox 1372 3815 1437 3851; x_wconf 72' lang='lat' dir='ltr'>ex</span> <span class='ocrx_word' id='word_1_290' title='bbox 1484 3805 1536 3865; x_wconf 90' lang='grc'>0)</span> <span class='ocrx_word' id='word_1_291' title='bbox 1590 3799 1691 3851; x_wconf 87' lang='lat' dir='ltr'>Mb</span> <span class='ocrx_word' id='word_1_292' title='bbox 1908 3802 1940 3851; x_wconf 75' lang='grc' dir='ltr'>ὅ</span> <span class='ocrx_word' id='word_1_293' title='bbox 1991 3798 2220 3869; x_wconf 73' lang='lat' dir='ltr'>ecclesia</span> <span class='ocrx_word' id='word_1_294' title='bbox 2276 3798 2322 3851; x_wconf 82' lang='lat' dir='ltr'><strong><em>G</em></strong></span> <span class='ocrx_word' id='word_1_295' title='bbox 2547 3786 2656 3868; x_wconf 63' lang='grc' dir='ltr'>ἦῆ]</span> <span class='ocrx_word' id='word_1_296' title='bbox 2694 3798 2770 3851; x_wconf 84' lang='lat' dir='ltr'>sit</span> 
     </span>
     <span class='ocr_line' id='line_1_32' title="bbox 474 3878 2766 3958; baseline -0.001 -16"><span class='ocrx_word' id='word_1_297' title='bbox 474 3878 563 3958; x_wconf 64' lang='lat' dir='ltr'>{pi</span> <span class='ocrx_word' id='word_1_298' title='bbox 599 3888 805 3943; x_wconf 81' lang='lat' dir='ltr'><strong><em>LOSG</em></strong></span> <span class='ocrx_word' id='word_1_299' title='bbox 914 3890 947 3943; x_wconf 89' lang='grc'>9</span> <span class='ocrx_word' id='word_1_300' title='bbox 978 3891 1259 3942; x_wconf 72' lang='lat' dir='ltr'>contemta</span> <span class='ocrx_word' id='word_1_301' title='bbox 1296 3890 1350 3957; x_wconf 91' lang='lat' dir='ltr'>(p</span> <span class='ocrx_word' id='word_1_302' title='bbox 1392 3892 1484 3955; x_wconf 85' lang='lat' dir='ltr'>er.)</span> <span class='ocrx_word' id='word_1_303' title='bbox 1523 3887 1570 3940; x_wconf 84' lang='lat'><em>0</em></span> <span class='ocrx_word' id='word_1_304' title='bbox 1754 3890 2077 3957; x_wconf 79' lang='lat' dir='ltr'>armatorum</span> <span class='ocrx_word' id='word_1_305' title='bbox 2122 3888 2168 3941; x_wconf 81' lang='lat' dir='ltr'><em>O</em></span> <span class='ocrx_word' id='word_1_306' title='bbox 2203 3888 2430 3940; x_wconf 83' lang='lat' dir='ltr'>amatori</span> <span class='ocrx_word' id='word_1_307' title='bbox 2467 3888 2498 3941; x_wconf 83' lang='lat' dir='ltr'>b</span> <span class='ocrx_word' id='word_1_308' title='bbox 2545 3887 2630 3950; x_wconf 70' lang='lat' dir='ltr'>(in</span> <span class='ocrx_word' id='word_1_309' title='bbox 2663 3903 2766 3956; x_wconf 68' lang='lat' dir='ltr'>my.</span> 
     </span>
     <span class='ocr_line' id='line_1_33' title="bbox 476 3974 2768 4045; baseline -0.001 -14"><span class='ocrx_word' id='word_1_310' title='bbox 476 3978 548 4031; x_wconf 77' lang='grc'>31.</span> <span class='ocrx_word' id='word_1_311' title='bbox 589 3982 854 4031; x_wconf 60' lang='lat' dir='ltr'>amatorii)</span> <span class='ocrx_word' id='word_1_312' title='bbox 972 3975 1037 4029; x_wconf 79' lang='lat'>10</span> <span class='ocrx_word' id='word_1_313' title='bbox 1076 3992 1204 4045; x_wconf 85' lang='lat' dir='ltr'>opes</span> <span class='ocrx_word' id='word_1_314' title='bbox 1245 3978 1307 4041; x_wconf 84' lang='lat'>(8.</span> <span class='ocrx_word' id='word_1_315' title='bbox 1348 3976 1383 4029; x_wconf 82' lang='grc' dir='ltr'>Ζ.</span> <span class='ocrx_word' id='word_1_316' title='bbox 1433 3992 1501 4028; x_wconf 86' lang='lat' dir='ltr'>m.</span> <span class='ocrx_word' id='word_1_317' title='bbox 1540 3976 1595 4040; x_wconf 86' lang='lat'>2)</span> <span class='ocrx_word' id='word_1_318' title='bbox 1644 3974 1690 4028; x_wconf 80' lang='lat'><em>0</em></span> <span class='ocrx_word' id='word_1_319' title='bbox 1798 3978 1860 4029; x_wconf 90' lang='lat'>11</span> <span class='ocrx_word' id='word_1_320' title='bbox 1910 3979 2090 4028; x_wconf 84' lang='lat' dir='ltr'>cvstos</span> <span class='ocrx_word' id='word_1_321' title='bbox 2129 3978 2185 4043; x_wconf 78' lang='lat' dir='ltr'>(v</span> <span class='ocrx_word' id='word_1_322' title='bbox 2223 3992 2264 4028; x_wconf 85' lang='lat' dir='ltr'>s.</span> <span class='ocrx_word' id='word_1_323' title='bbox 2305 3992 2334 4027; x_wconf 93' lang='lat' dir='ltr'>o</span> <span class='ocrx_word' id='word_1_324' title='bbox 2372 3992 2472 4028; x_wconf 81' lang='lat' dir='ltr'>scr.</span> <span class='ocrx_word' id='word_1_325' title='bbox 2511 3993 2579 4029; x_wconf 85' lang='lat' dir='ltr'>m.</span> <span class='ocrx_word' id='word_1_326' title='bbox 2623 3978 2674 4038; x_wconf 90' lang='lat'>1)</span> <span class='ocrx_word' id='word_1_327' title='bbox 2711 3975 2768 4028; x_wconf 89' lang='lat' dir='ltr'><strong><em>L</em></strong></span> 
     </span>
     <span class='ocr_line' id='line_1_34' title="bbox 480 4064 2768 4135; baseline 0 -16"><span class='ocrx_word' id='word_1_328' title='bbox 480 4068 545 4119; x_wconf 87' lang='grc'>12</span> <span class='ocrx_word' id='word_1_329' title='bbox 582 4071 765 4121; x_wconf 86' lang='lat' dir='ltr'>uestra</span> <span class='ocrx_word' id='word_1_330' title='bbox 802 4084 931 4121; x_wconf 84' lang='lat' dir='ltr'>sane</span> <span class='ocrx_word' id='word_1_331' title='bbox 970 4065 1118 4135; x_wconf 90' lang='lat' dir='ltr'>eccl.]</span> <span class='ocrx_word' id='word_1_332' title='bbox 1168 4068 1448 4119; x_wconf 81' lang='lat' dir='ltr'>uestrasan</span> <span class='ocrx_word' id='word_1_333' title='bbox 1497 4065 1624 4118; x_wconf 89' lang='lat' dir='ltr'>eccl.</span> <span class='ocrx_word' id='word_1_334' title='bbox 1663 4064 1842 4119; x_wconf 74' lang='lat' dir='ltr'><em>PS¹G</em></span> <span class='ocrx_word' id='word_1_335' title='bbox 1886 4072 2010 4119; x_wconf 70' lang='lat' dir='ltr'>uras</span> <span class='ocrx_word' id='word_1_336' title='bbox 2060 4064 2357 4119; x_wconf 86' lang='lat' dir='ltr'>anecclesia</span> <span class='ocrx_word' id='word_1_337' title='bbox 2392 4065 2466 4118; x_wconf 84' lang='lat' dir='ltr'>L¹</span> <span class='ocrx_word' id='word_1_338' title='bbox 2581 4067 2646 4119; x_wconf 82' lang='lat'>15</span> <span class='ocrx_word' id='word_1_339' title='bbox 2687 4068 2768 4129; x_wconf 88' lang='lat' dir='ltr'>(et</span> 
     </span>
     <span class='ocr_line' id='line_1_35' title="bbox 479 4150 2765 4225; baseline -0.001 -17"><span class='ocrx_word' id='word_1_340' title='bbox 479 4156 565 4223; x_wconf 87' lang='lat'>19)</span> <span class='ocrx_word' id='word_1_341' title='bbox 604 4154 923 4209; x_wconf 87' lang='lat' dir='ltr'>hebreorum</span> <span class='ocrx_word' id='word_1_342' title='bbox 959 4153 1006 4206; x_wconf 84' lang='lat'><em>0</em></span> <span class='ocrx_word' id='word_1_343' title='bbox 1143 4152 1421 4222; x_wconf 76' lang='lat' dir='ltr'>dyptichio</span> <span class='ocrx_word' id='word_1_344' title='bbox 1460 4152 1507 4207; x_wconf 79' lang='lat' dir='ltr'><em>S</em></span> <span class='ocrx_word' id='word_1_345' title='bbox 1548 4153 1797 4222; x_wconf 80' lang='lat' dir='ltr'>dypticeo</span> <span class='ocrx_word' id='word_1_346' title='bbox 1835 4152 2044 4207; x_wconf 79' lang='lat' dir='ltr'><em>LM²G</em></span> <span class='ocrx_word' id='word_1_347' title='bbox 2088 4150 2324 4221; x_wconf 81' lang='lat' dir='ltr'>dipticeo</span> <span class='ocrx_word' id='word_1_348' title='bbox 2379 4154 2428 4207; x_wconf 83' lang='lat'><em>0</em></span> <span class='ocrx_word' id='word_1_349' title='bbox 2468 4154 2693 4225; x_wconf 87' lang='lat' dir='ltr'>dipticio</span> <span class='ocrx_word' id='word_1_350' title='bbox 2731 4154 2765 4205; x_wconf 83' lang='lat' dir='ltr'>b</span> 
     </span>
     <span class='ocr_line' id='line_1_36' title="bbox 481 4239 2768 4312; baseline -0 -16"><span class='ocrx_word' id='word_1_351' title='bbox 481 4244 545 4296; x_wconf 89' lang='lat'>17</span> <span class='ocrx_word' id='word_1_352' title='bbox 608 4243 998 4296; x_wconf 81' lang='lat' dir='ltr'>chananeorum</span> <span class='ocrx_word' id='word_1_353' title='bbox 1060 4241 1235 4294; x_wconf 81' lang='lat' dir='ltr'>LCM</span> <span class='ocrx_word' id='word_1_354' title='bbox 1456 4246 1680 4311; x_wconf 88' lang='lat' dir='ltr'>questus</span> <span class='ocrx_word' id='word_1_355' title='bbox 1735 4242 1779 4295; x_wconf 86' lang='lat'><em>0</em></span> <span class='ocrx_word' id='word_1_356' title='bbox 1957 4244 2024 4296; x_wconf 88' lang='lat'>19</span> <span class='ocrx_word' id='word_1_357' title='bbox 2080 4239 2238 4312; x_wconf 77' lang='lat' dir='ltr'>uobis</span> <span class='ocrx_word' id='word_1_358' title='bbox 2299 4246 2431 4311; x_wconf 68' lang='lat' dir='ltr'>(erp.</span> <span class='ocrx_word' id='word_1_359' title='bbox 2491 4260 2560 4296; x_wconf 85' lang='lat' dir='ltr'>m.</span> <span class='ocrx_word' id='word_1_360' title='bbox 2609 4242 2664 4311; x_wconf 84' lang='lat'>2)</span> <span class='ocrx_word' id='word_1_361' title='bbox 2711 4242 2768 4295; x_wconf 88' lang='lat' dir='ltr'><strong><em>L</em></strong></span> 
     </span>
     <span class='ocr_line' id='line_1_37' title="bbox 476 4330 2600 4400; baseline -0 -15"><span class='ocrx_word' id='word_1_362' title='bbox 476 4331 632 4385; x_wconf 88' lang='lat' dir='ltr'>uobis</span> <span class='ocrx_word' id='word_1_363' title='bbox 671 4332 841 4385; x_wconf 77' lang='lat' dir='ltr'>SGM</span> <span class='ocrx_word' id='word_1_364' title='bbox 946 4332 1014 4384; x_wconf 79' lang='lat'>23</span> <span class='ocrx_word' id='word_1_365' title='bbox 1054 4331 1348 4400; x_wconf 83' lang='lat' dir='ltr'>sinagogae</span> <span class='ocrx_word' id='word_1_366' title='bbox 1387 4330 1495 4383; x_wconf 78' lang='lat' dir='ltr'>LO</span> <span class='ocrx_word' id='word_1_367' title='bbox 1598 4332 1666 4383; x_wconf 82' lang='lat'>25</span> <span class='ocrx_word' id='word_1_368' title='bbox 1707 4332 1987 4384; x_wconf 77' lang='lat' dir='ltr'>sumissius</span> <span class='ocrx_word' id='word_1_369' title='bbox 2033 4333 2129 4385; x_wconf 57' lang='grc' dir='ltr'>(ΙΙ,</span> <span class='ocrx_word' id='word_1_370' title='bbox 2165 4332 2474 4387; x_wconf 84' lang='grc'><strong>311111111131113</strong></span> <span class='ocrx_word' id='word_1_371' title='bbox 2511 4332 2600 4384; x_wconf 84' lang='lat' dir='ltr'>M¹</span> 
     </span>
    </p>
   </div>
   <div class='ocr_carea' id='block_1_9' title="bbox 2808 1586 2864 1625">
    <p class='ocr_par' dir='ltr' id='par_1_9' title="bbox 2808 1586 2864 1625">
     <span class='ocr_line' id='line_1_38' title="bbox 2808 1586 2864 1625; baseline 0.018 -1"><span class='ocrx_word' id='word_1_372' title='bbox 2808 1586 2864 1625; x_wconf 83' lang='lat'>10</span> 
     </span>
    </p>
   </div>
   <div class='ocr_carea' id='block_1_10' title="bbox 2807 2656 2864 2691">
    <p class='ocr_par' dir='ltr' id='par_1_10' title="bbox 2807 2656 2864 2691">
     <span class='ocr_line' id='line_1_39' title="bbox 2807 2656 2864 2691; baseline 0 0"><span class='ocrx_word' id='word_1_373' title='bbox 2807 2656 2864 2691; x_wconf 73' lang='lat'>20</span> 
     </span>
    </p>
   </div>
  </div>
 </body>
</html>
