<?xml version="1.0" encoding="UTF-8"?>
<!DOCTYPE html PUBLIC "-//W3C//DTD XHTML 1.0 Transitional//EN"
    "http://www.w3.org/TR/xhtml1/DTD/xhtml1-transitional.dtd">
<html xmlns="http://www.w3.org/1999/xhtml" xml:lang="en" lang="en">
 <head>
  <title>
</title>
<meta http-equiv="Content-Type" content="text/html;charset=utf-8" />
  <meta name='ocr-system' content='tesseract 3.04.00' />
  <meta name='ocr-capabilities' content='ocr_page ocr_carea ocr_par ocr_line ocrx_word'/>
</head>
<body>
  <div class='ocr_page' id='page_1' title='image "./corpusscriptoru27wissgoog_0530.png"; bbox 0 0 3159 4984; ppageno 0'>
   <div class='ocr_carea' id='block_1_1' title="bbox 412 466 1970 537">
    <p class='ocr_par' dir='ltr' id='par_1_1' title="bbox 412 466 1970 537">
     <span class='ocr_line' id='line_1_1' title="bbox 412 466 1970 537; baseline -0.008 -2"><span class='ocrx_word' id='word_1_1' title='bbox 412 470 542 535; x_wconf 85' lang='lat'>520</span> <span class='ocrx_word' id='word_1_2' title='bbox 1122 468 1177 523; x_wconf 89' lang='lat' dir='ltr'>S.</span> <span class='ocrx_word' id='word_1_3' title='bbox 1232 468 1509 523; x_wconf 82' lang='lat' dir='ltr'>Aureli</span> <span class='ocrx_word' id='word_1_4' title='bbox 1562 466 1970 537; x_wconf 83' lang='lat' dir='ltr'>Augustin</span> 
     </span>
    </p>
   </div>
   <div class='ocr_carea' id='block_1_2' title="bbox 400 661 2814 3313">
    <p class='ocr_par' dir='ltr' id='par_1_2' title="bbox 404 661 2812 2030">
     <span class='ocr_line' id='line_1_2' title="bbox 408 661 2718 745; baseline 0.002 -20"><span class='ocrx_word' id='word_1_5' title='bbox 408 662 615 745; x_wconf 83' lang='lat' dir='ltr'>ipsam</span> <span class='ocrx_word' id='word_1_6' title='bbox 682 661 1104 727; x_wconf 84' lang='lat' dir='ltr'>sententiam:</span> <span class='ocrx_word' id='word_1_7' title='bbox 1173 662 1503 729; x_wconf 85' lang='lat' dir='ltr'>audistis</span> <span class='ocrx_word' id='word_1_8' title='bbox 1572 662 1860 727; x_wconf 88' lang='lat' dir='ltr'>dictum</span> <span class='ocrx_word' id='word_1_9' title='bbox 1917 682 2113 729; x_wconf 90' lang='lat' dir='ltr'>esse:</span> <span class='ocrx_word' id='word_1_10' title='bbox 2173 683 2316 731; x_wconf 91' lang='lat' dir='ltr'>non</span> <span class='ocrx_word' id='word_1_11' title='bbox 2381 665 2718 729; x_wconf 87' lang='lat' dir='ltr'>moecha-</span> 
     </span>
     <span class='ocr_line' id='line_1_3' title="bbox 407 768 2714 854; baseline 0.001 -21"><span class='ocrx_word' id='word_1_12' title='bbox 407 770 643 845; x_wconf 87' lang='lat' dir='ltr'>beris;</span> <span class='ocrx_word' id='word_1_13' title='bbox 686 788 821 853; x_wconf 87' lang='lat' dir='ltr'>ego</span> <span class='ocrx_word' id='word_1_14' title='bbox 863 772 1113 833; x_wconf 88' lang='lat' dir='ltr'>autem</span> <span class='ocrx_word' id='word_1_15' title='bbox 1158 768 1326 835; x_wconf 88' lang='lat' dir='ltr'>dico</span> <span class='ocrx_word' id='word_1_16' title='bbox 1366 770 1611 849; x_wconf 91' lang='lat' dir='ltr'>uobis,</span> <span class='ocrx_word' id='word_1_17' title='bbox 1651 789 1739 835; x_wconf 93' lang='lat' dir='ltr'>ne</span> <span class='ocrx_word' id='word_1_18' title='bbox 1778 770 2350 854; x_wconf 76' lang='lat' dir='ltr'><strong>concupiscatis</strong></span> <span class='ocrx_word' id='word_1_19' title='bbox 2389 771 2714 854; x_wconf 87' lang='lat' dir='ltr'>quidem.</span> 
     </span>
     <span class='ocr_line' id='line_1_4' title="bbox 408 876 2716 964; baseline 0.001 -23"><span class='ocrx_word' id='word_1_20' title='bbox 408 876 837 960; x_wconf 88' lang='lat' dir='ltr'>adinpletio</span> <span class='ocrx_word' id='word_1_21' title='bbox 886 878 1023 954; x_wconf 88' lang='lat' dir='ltr'>est,</span> <span class='ocrx_word' id='word_1_22' title='bbox 1072 876 1309 960; x_wconf 84' lang='lat' dir='ltr'><strong>inquis.</strong></span> <span class='ocrx_word' id='word_1_23' title='bbox 1376 877 1622 961; x_wconf 85' lang='lat' dir='ltr'>explica</span> <span class='ocrx_word' id='word_1_24' title='bbox 1663 878 1850 961; x_wconf 87' lang='lat' dir='ltr'>plane</span> <span class='ocrx_word' id='word_1_25' title='bbox 1896 878 2037 960; x_wconf 88' lang='lat' dir='ltr'>ipsa</span> <span class='ocrx_word' id='word_1_26' title='bbox 2083 878 2279 943; x_wconf 84' lang='lat' dir='ltr'>uerba</span> <span class='ocrx_word' id='word_1_27' title='bbox 2325 880 2716 964; x_wconf 60' lang='lat' dir='ltr'>euangelica,</span> 
     </span>
     <span class='ocr_line' id='line_1_5' title="bbox 406 985 2717 1068; baseline 0.001 -19"><span class='ocrx_word' id='word_1_28' title='bbox 406 986 541 1050; x_wconf 91' lang='lat' dir='ltr'>noli</span> <span class='ocrx_word' id='word_1_29' title='bbox 598 985 729 1050; x_wconf 87' lang='lat' dir='ltr'>tuis</span> <span class='ocrx_word' id='word_1_30' title='bbox 788 988 1144 1063; x_wconf 79' lang='lat' dir='ltr'>extenuare,</span> <span class='ocrx_word' id='word_1_31' title='bbox 1204 986 1376 1068; x_wconf 90' lang='lat' dir='ltr'>quod</span> <span class='ocrx_word' id='word_1_32' title='bbox 1432 986 1676 1051; x_wconf 90' lang='lat' dir='ltr'>dictum</span> <span class='ocrx_word' id='word_1_33' title='bbox 1732 989 1852 1063; x_wconf 87' lang='lat' dir='ltr'>est,</span> <span class='ocrx_word' id='word_1_34' title='bbox 1910 990 1976 1050; x_wconf 92' lang='lat' dir='ltr'>et</span> <span class='ocrx_word' id='word_1_35' title='bbox 2029 986 2198 1059; x_wconf 86' lang='lat' dir='ltr'>uide,</span> <span class='ocrx_word' id='word_1_36' title='bbox 2258 986 2412 1068; x_wconf 88' lang='lat' dir='ltr'>quid</span> <span class='ocrx_word' id='word_1_37' title='bbox 2459 988 2536 1051; x_wconf 90' lang='lat' dir='ltr'>de</span> <span class='ocrx_word' id='word_1_38' title='bbox 2582 987 2717 1053; x_wconf 91' lang='lat' dir='ltr'>illis</span> 
     </span>
     <span class='ocr_line' id='line_1_6' title="bbox 410 1091 2812 1176; baseline 0 -19"><span class='ocrx_word' id='word_1_39' title='bbox 410 1091 877 1174; x_wconf 77' lang='lat' dir='ltr'>antiquissimis</span> <span class='ocrx_word' id='word_1_40' title='bbox 924 1093 1117 1157; x_wconf 87' lang='lat' dir='ltr'>iustis</span> <span class='ocrx_word' id='word_1_41' title='bbox 1166 1093 1461 1159; x_wconf 80' lang='lat' dir='ltr'>senseris.</span> <span class='ocrx_word' id='word_1_42' title='bbox 1521 1093 1875 1172; x_wconf 88' lang='lat' dir='ltr'>audistis,</span> <span class='ocrx_word' id='word_1_43' title='bbox 1923 1093 2156 1176; x_wconf 86' lang='lat' dir='ltr'>inquit,</span> <span class='ocrx_word' id='word_1_44' title='bbox 2206 1093 2382 1176; x_wconf 89' lang='lat' dir='ltr'>quia</span> <span class='ocrx_word' id='word_1_45' title='bbox 2427 1093 2718 1159; x_wconf 88' lang='lat' dir='ltr'>dictum</span> <span class='ocrx_word' id='word_1_46' title='bbox 2783 1112 2812 1151; x_wconf 81' lang='lat'><strong>⁵</strong></span> 
     </span>
     <span class='ocr_line' id='line_1_7' title="bbox 406 1192 2714 1283; baseline 0.001 -20"><span class='ocrx_word' id='word_1_47' title='bbox 406 1202 556 1264; x_wconf 87' lang='lat' dir='ltr'>est:</span> <span class='ocrx_word' id='word_1_48' title='bbox 614 1218 756 1264; x_wconf 92' lang='lat' dir='ltr'>non</span> <span class='ocrx_word' id='word_1_49' title='bbox 803 1199 1359 1276; x_wconf 79' lang='lat' dir='ltr'>moechaberis3</span> <span class='ocrx_word' id='word_1_50' title='bbox 1410 1218 1546 1283; x_wconf 91' lang='lat' dir='ltr'>ego</span> <span class='ocrx_word' id='word_1_51' title='bbox 1596 1192 2058 1265; x_wconf 82' lang='lat' dir='ltr'>autem&#39;dico</span> <span class='ocrx_word' id='word_1_52' title='bbox 2106 1200 2356 1266; x_wconf 86' lang='lat' dir='ltr'>uobis:</span> <span class='ocrx_word' id='word_1_53' title='bbox 2420 1200 2484 1265; x_wconf 92' lang='lat' dir='ltr'>si</span> <span class='ocrx_word' id='word_1_54' title='bbox 2541 1201 2714 1283; x_wconf 91' lang='lat' dir='ltr'>quis</span> 
     </span>
     <span class='ocr_line' id='line_1_8' title="bbox 405 1303 2716 1387; baseline 0 -18"><span class='ocrx_word' id='word_1_55' title='bbox 405 1305 707 1369; x_wconf 88' lang='lat' dir='ltr'>uiderit</span> <span class='ocrx_word' id='word_1_56' title='bbox 748 1303 1147 1369; x_wconf 89' lang='lat' dir='ltr'>mulierem</span> <span class='ocrx_word' id='word_1_57' title='bbox 1196 1304 1284 1369; x_wconf 85' lang='lat' dir='ltr'>ad</span> <span class='ocrx_word' id='word_1_58' title='bbox 1340 1304 2030 1387; x_wconf 88' lang='lat' dir='ltr'>concupiscendum</span> <span class='ocrx_word' id='word_1_59' title='bbox 2090 1323 2266 1382; x_wconf 88' lang='lat' dir='ltr'>eam,</span> <span class='ocrx_word' id='word_1_60' title='bbox 2323 1306 2468 1369; x_wconf 89' lang='lat' dir='ltr'>iam</span> <span class='ocrx_word' id='word_1_61' title='bbox 2525 1326 2716 1373; x_wconf 91' lang='lat' dir='ltr'>moe-</span> 
     </span>
     <span class='ocr_line' id='line_1_9' title="bbox 412 1410 2713 1487; baseline -0.001 -10"><span class='ocrx_word' id='word_1_62' title='bbox 412 1412 685 1477; x_wconf 89' lang='lat' dir='ltr'>chatus</span> <span class='ocrx_word' id='word_1_63' title='bbox 745 1414 864 1476; x_wconf 90' lang='lat' dir='ltr'>est</span> <span class='ocrx_word' id='word_1_64' title='bbox 919 1430 1077 1476; x_wconf 87' lang='lat' dir='ltr'>eam</span> <span class='ocrx_word' id='word_1_65' title='bbox 1133 1412 1208 1475; x_wconf 92' lang='lat' dir='ltr'>in</span> <span class='ocrx_word' id='word_1_66' title='bbox 1266 1411 1486 1476; x_wconf 91' lang='lat' dir='ltr'>corde</span> <span class='ocrx_word' id='word_1_67' title='bbox 1544 1431 1701 1477; x_wconf 91' lang='lat' dir='ltr'>suo.</span> <span class='ocrx_word' id='word_1_68' title='bbox 1766 1411 1938 1477; x_wconf 85' lang='lat' dir='ltr'>itane</span> <span class='ocrx_word' id='word_1_69' title='bbox 1985 1430 2137 1476; x_wconf 85' lang='lat' dir='ltr'>uero</span> <span class='ocrx_word' id='word_1_70' title='bbox 2184 1412 2282 1476; x_wconf 89' lang='lat' dir='ltr'>illi</span> <span class='ocrx_word' id='word_1_71' title='bbox 2327 1412 2506 1487; x_wconf 87' lang='lat' dir='ltr'>iusti,</span> <span class='ocrx_word' id='word_1_72' title='bbox 2557 1410 2713 1477; x_wconf 87' lang='lat' dir='ltr'>Seth</span> 
     </span>
     <span class='ocr_line' id='line_1_10' title="bbox 411 1517 2714 1601; baseline 0 -18"><span class='ocrx_word' id='word_1_73' title='bbox 411 1519 519 1584; x_wconf 90' lang='lat' dir='ltr'>uel</span> <span class='ocrx_word' id='word_1_74' title='bbox 564 1518 782 1583; x_wconf 85' lang='lat' dir='ltr'><strong>Enoch</strong></span> <span class='ocrx_word' id='word_1_75' title='bbox 838 1518 948 1583; x_wconf 93' lang='lat' dir='ltr'>uel</span> <span class='ocrx_word' id='word_1_76' title='bbox 1005 1518 1062 1583; x_wconf 91' lang='lat' dir='ltr'>si</span> <span class='ocrx_word' id='word_1_77' title='bbox 1118 1518 1226 1601; x_wconf 92' lang='lat' dir='ltr'>qui</span> <span class='ocrx_word' id='word_1_78' title='bbox 1302 1517 1393 1583; x_wconf 90' lang='lat' dir='ltr'>eis</span> <span class='ocrx_word' id='word_1_79' title='bbox 1468 1518 1714 1583; x_wconf 84' lang='lat' dir='ltr'>similes</span> <span class='ocrx_word' id='word_1_80' title='bbox 1770 1518 2047 1594; x_wconf 78' lang='lat' dir='ltr'>fuerunt,</span> <span class='ocrx_word' id='word_1_81' title='bbox 2105 1518 2607 1583; x_wconf 83' lang='lat' dir='ltr'>moechabantur</span> <span class='ocrx_word' id='word_1_82' title='bbox 2647 1520 2714 1583; x_wconf 88' lang='lat' dir='ltr'>in</span> 
     </span>
     <span class='ocr_line' id='line_1_11' title="bbox 408 1625 2810 1708; baseline -0.004 -17"><span class='ocrx_word' id='word_1_83' title='bbox 408 1626 710 1691; x_wconf 88' lang='lat' dir='ltr'>cordibus</span> <span class='ocrx_word' id='word_1_84' title='bbox 760 1625 897 1691; x_wconf 90' lang='lat' dir='ltr'>suis</span> <span class='ocrx_word' id='word_1_85' title='bbox 958 1630 1023 1690; x_wconf 92' lang='lat' dir='ltr'>et</span> <span class='ocrx_word' id='word_1_86' title='bbox 1082 1626 1195 1689; x_wconf 87' lang='lat' dir='ltr'>aut</span> <span class='ocrx_word' id='word_1_87' title='bbox 1238 1644 1363 1689; x_wconf 93' lang='lat' dir='ltr'>non</span> <span class='ocrx_word' id='word_1_88' title='bbox 1414 1628 1549 1689; x_wconf 85' lang='lat' dir='ltr'>erat</span> <span class='ocrx_word' id='word_1_89' title='bbox 1611 1643 1718 1689; x_wconf 90' lang='lat' dir='ltr'>cor</span> <span class='ocrx_word' id='word_1_90' title='bbox 1771 1643 1992 1691; x_wconf 90' lang='lat' dir='ltr'>eorum</span> <span class='ocrx_word' id='word_1_91' title='bbox 2047 1626 2364 1708; x_wconf 89' lang='lat' dir='ltr'>templum</span> <span class='ocrx_word' id='word_1_92' title='bbox 2421 1625 2545 1703; x_wconf 86' lang='lat' dir='ltr'>dei,</span> <span class='ocrx_word' id='word_1_93' title='bbox 2603 1630 2719 1690; x_wconf 89' lang='lat' dir='ltr'>aut</span> <span class='ocrx_word' id='word_1_94' title='bbox 2753 1646 2810 1683; x_wconf 83' lang='grc' dir='ltr'>ιο</span> 
     </span>
     <span class='ocr_line' id='line_1_12' title="bbox 412 1714 2716 1815; baseline 0 -19"><span class='ocrx_word' id='word_1_95' title='bbox 412 1733 913 1799; x_wconf 87' lang='lat' dir='ltr'>moechabantur</span> <span class='ocrx_word' id='word_1_96' title='bbox 957 1733 1023 1797; x_wconf 91' lang='lat' dir='ltr'>in</span> <span class='ocrx_word' id='word_1_97' title='bbox 1070 1732 1312 1815; x_wconf 89' lang='lat' dir='ltr'>templo</span> <span class='ocrx_word' id='word_1_98' title='bbox 1364 1731 1516 1795; x_wconf 81' lang='lat' dir='ltr'>dei?</span> <span class='ocrx_word' id='word_1_99' title='bbox 1564 1731 1737 1813; x_wconf 89' lang='lat' dir='ltr'>quod</span> <span class='ocrx_word' id='word_1_100' title='bbox 1785 1732 1840 1797; x_wconf 91' lang='lat' dir='ltr'>si</span> <span class='ocrx_word' id='word_1_101' title='bbox 1885 1714 2028 1796; x_wconf 56' lang='lat' dir='ltr'>non·</span> <span class='ocrx_word' id='word_1_102' title='bbox 2057 1731 2252 1797; x_wconf 87' lang='lat' dir='ltr'>audes</span> <span class='ocrx_word' id='word_1_103' title='bbox 2291 1731 2521 1811; x_wconf 78' lang='lat' dir='ltr'>dicere,</span> <span class='ocrx_word' id='word_1_104' title='bbox 2561 1714 2716 1815; x_wconf 91' lang='lat' dir='ltr'>quo-</span> 
     </span>
     <span class='ocr_line' id='line_1_13' title="bbox 404 1839 2716 1924; baseline 0 -20"><span class='ocrx_word' id='word_1_105' title='bbox 404 1840 599 1906; x_wconf 87' lang='lat' dir='ltr'>modo</span> <span class='ocrx_word' id='word_1_106' title='bbox 659 1840 854 1905; x_wconf 89' lang='lat' dir='ltr'>etiam</span> <span class='ocrx_word' id='word_1_107' title='bbox 912 1840 987 1905; x_wconf 89' lang='lat' dir='ltr'>de</span> <span class='ocrx_word' id='word_1_108' title='bbox 1045 1840 1165 1903; x_wconf 87' lang='lat' dir='ltr'>hac</span> <span class='ocrx_word' id='word_1_109' title='bbox 1220 1858 1287 1903; x_wconf 89' lang='lat' dir='ltr'>re</span> <span class='ocrx_word' id='word_1_110' title='bbox 1342 1840 1553 1924; x_wconf 89' lang='lat' dir='ltr'>legem</span> <span class='ocrx_word' id='word_1_111' title='bbox 1609 1840 1891 1911; x_wconf 82' lang='lat' dir='ltr'>illorum,</span> <span class='ocrx_word' id='word_1_112' title='bbox 1953 1858 2113 1922; x_wconf 85' lang='lat' dir='ltr'>quae</span> <span class='ocrx_word' id='word_1_113' title='bbox 2173 1839 2342 1923; x_wconf 88' lang='lat' dir='ltr'>apud</span> <span class='ocrx_word' id='word_1_114' title='bbox 2389 1839 2538 1913; x_wconf 85' lang='lat' dir='ltr'>illos</span> <span class='ocrx_word' id='word_1_115' title='bbox 2585 1840 2716 1904; x_wconf 90' lang='lat' dir='ltr'>iam</span> 
     </span>
     <span class='ocr_line' id='line_1_14' title="bbox 408 1945 2272 2030; baseline 0.001 -20"><span class='ocrx_word' id='word_1_116' title='bbox 408 1951 565 2011; x_wconf 89' lang='lat' dir='ltr'>tunc</span> <span class='ocrx_word' id='word_1_117' title='bbox 610 1948 799 2030; x_wconf 87' lang='lat' dir='ltr'>plena</span> <span class='ocrx_word' id='word_1_118' title='bbox 847 1950 1001 2025; x_wconf 85' lang='lat' dir='ltr'>erat,</span> <span class='ocrx_word' id='word_1_119' title='bbox 1052 1946 1241 2012; x_wconf 88' lang='lat' dir='ltr'>modo</span> <span class='ocrx_word' id='word_1_120' title='bbox 1290 1946 1556 2011; x_wconf 89' lang='lat' dir='ltr'>ueniens</span> <span class='ocrx_word' id='word_1_121' title='bbox 1609 1945 1902 2011; x_wconf 88' lang='lat' dir='ltr'>Christus</span> <span class='ocrx_word' id='word_1_122' title='bbox 1950 1946 2272 2030; x_wconf 76' lang='lat' dir='ltr'>inpleuit?</span> 
     </span>
    </p>

    <p class='ocr_par' dir='ltr' id='par_1_3' title="bbox 400 2054 2814 3313">
     <span class='ocr_line' id='line_1_15' title="bbox 502 2054 2716 2137; baseline -0 -20"><span class='ocrx_word' id='word_1_123' title='bbox 502 2056 606 2117; x_wconf 85' lang='lat'>22.</span> <span class='ocrx_word' id='word_1_124' title='bbox 674 2054 769 2118; x_wconf 88' lang='lat' dir='ltr'>De</span> <span class='ocrx_word' id='word_1_125' title='bbox 826 2073 950 2118; x_wconf 91' lang='lat' dir='ltr'>non</span> <span class='ocrx_word' id='word_1_126' title='bbox 1008 2054 1274 2119; x_wconf 86' lang='lat' dir='ltr'>iurando</span> <span class='ocrx_word' id='word_1_127' title='bbox 1335 2056 1572 2131; x_wconf 89' lang='lat' dir='ltr'>autem,</span> <span class='ocrx_word' id='word_1_128' title='bbox 1633 2054 1782 2136; x_wconf 89' lang='lat' dir='ltr'>quia</span> <span class='ocrx_word' id='word_1_129' title='bbox 1836 2060 1903 2119; x_wconf 86' lang='lat' dir='ltr'>et</span> <span class='ocrx_word' id='word_1_130' title='bbox 1955 2054 2060 2119; x_wconf 92' lang='lat' dir='ltr'>hic</span> <span class='ocrx_word' id='word_1_131' title='bbox 2114 2054 2370 2120; x_wconf 88' lang='lat' dir='ltr'>illorum</span> <span class='ocrx_word' id='word_1_132' title='bbox 2417 2054 2628 2137; x_wconf 89' lang='lat' dir='ltr'>legem</span> <span class='ocrx_word' id='word_1_133' title='bbox 2678 2072 2716 2117; x_wconf 86' lang='lat' dir='ltr'>a</span> 
     </span>
     <span class='ocr_line' id='line_1_16' title="bbox 408 2157 2812 2243; baseline 0 -21"><span class='ocrx_word' id='word_1_134' title='bbox 408 2157 666 2223; x_wconf 81' lang='lat' dir='ltr'>Christo</span> <span class='ocrx_word' id='word_1_135' title='bbox 716 2159 1104 2243; x_wconf 78' lang='lat' dir='ltr'>adinpletam</span> <span class='ocrx_word' id='word_1_136' title='bbox 1164 2178 1305 2225; x_wconf 91' lang='lat' dir='ltr'>esse</span> <span class='ocrx_word' id='word_1_137' title='bbox 1362 2158 1600 2235; x_wconf 78' lang='lat' dir='ltr'>dixisti,</span> <span class='ocrx_word' id='word_1_138' title='bbox 1657 2177 1782 2223; x_wconf 91' lang='lat' dir='ltr'>non</span> <span class='ocrx_word' id='word_1_139' title='bbox 1835 2178 2106 2243; x_wconf 90' lang='lat' dir='ltr'>possum</span> <span class='ocrx_word' id='word_1_140' title='bbox 2165 2159 2494 2224; x_wconf 88' lang='lat' dir='ltr'>adfirmare</span> <span class='ocrx_word' id='word_1_141' title='bbox 2551 2160 2716 2223; x_wconf 88' lang='lat' dir='ltr'>anti·</span> <span class='ocrx_word' id='word_1_142' title='bbox 2755 2186 2812 2223; x_wconf 67' lang='grc' dir='ltr'>ιι,</span> 
     </span>
     <span class='ocr_line' id='line_1_17' title="bbox 406 2266 2716 2348; baseline 0 -19"><span class='ocrx_word' id='word_1_143' title='bbox 406 2284 573 2347; x_wconf 90' lang='lat' dir='ltr'>quos</span> <span class='ocrx_word' id='word_1_144' title='bbox 618 2266 826 2331; x_wconf 90' lang='lat' dir='ltr'>iustos</span> <span class='ocrx_word' id='word_1_145' title='bbox 874 2285 997 2331; x_wconf 92' lang='lat' dir='ltr'>non</span> <span class='ocrx_word' id='word_1_146' title='bbox 1046 2266 1331 2339; x_wconf 88' lang='lat' dir='ltr'>iurasse;</span> <span class='ocrx_word' id='word_1_147' title='bbox 1399 2284 1545 2329; x_wconf 87' lang='lat' dir='ltr'>nam</span> <span class='ocrx_word' id='word_1_148' title='bbox 1604 2270 1669 2329; x_wconf 89' lang='lat' dir='ltr'>et</span> <span class='ocrx_word' id='word_1_149' title='bbox 1711 2266 1986 2331; x_wconf 78' lang='lat' dir='ltr'>Paulum</span> <span class='ocrx_word' id='word_1_150' title='bbox 2044 2266 2406 2348; x_wconf 89' lang='lat' dir='ltr'>apostolum</span> <span class='ocrx_word' id='word_1_151' title='bbox 2465 2266 2716 2330; x_wconf 90' lang='lat' dir='ltr'>iurasse</span> 
     </span>
     <span class='ocr_line' id='line_1_18' title="bbox 403 2372 2714 2449; baseline 0.001 -14"><span class='ocrx_word' id='word_1_152' title='bbox 403 2372 794 2439; x_wconf 79' lang='lat' dir='ltr'>inuenimuS.</span> <span class='ocrx_word' id='word_1_153' title='bbox 864 2372 941 2437; x_wconf 89' lang='lat' dir='ltr'>de</span> <span class='ocrx_word' id='word_1_154' title='bbox 988 2376 1204 2439; x_wconf 86' lang='lat' dir='ltr'>uestro</span> <span class='ocrx_word' id='word_1_155' title='bbox 1264 2375 1479 2437; x_wconf 88' lang='lat' dir='ltr'>autem</span> <span class='ocrx_word' id='word_1_156' title='bbox 1538 2392 1642 2438; x_wconf 87' lang='lat' dir='ltr'>ore</span> <span class='ocrx_word' id='word_1_157' title='bbox 1701 2392 1824 2440; x_wconf 92' lang='lat' dir='ltr'>non</span> <span class='ocrx_word' id='word_1_158' title='bbox 1879 2373 2131 2438; x_wconf 90' lang='lat' dir='ltr'>tollitur</span> <span class='ocrx_word' id='word_1_159' title='bbox 2185 2372 2403 2437; x_wconf 88' lang='lat' dir='ltr'>crebra</span> <span class='ocrx_word' id='word_1_160' title='bbox 2454 2372 2714 2449; x_wconf 77' lang='lat' dir='ltr'>iuratio,</span> 
     </span>
     <span class='ocr_line' id='line_1_19' title="bbox 408 2479 2714 2563; baseline 0 -20"><span class='ocrx_word' id='word_1_161' title='bbox 408 2498 559 2543; x_wconf 91' lang='lat' dir='ltr'>cum</span> <span class='ocrx_word' id='word_1_162' title='bbox 614 2479 838 2545; x_wconf 89' lang='lat' dir='ltr'>iuretis</span> <span class='ocrx_word' id='word_1_163' title='bbox 894 2499 1007 2563; x_wconf 88' lang='lat' dir='ltr'>per</span> <span class='ocrx_word' id='word_1_164' title='bbox 1057 2482 1299 2557; x_wconf 90' lang='lat' dir='ltr'>lumen,</span> <span class='ocrx_word' id='word_1_165' title='bbox 1358 2480 1532 2561; x_wconf 89' lang='lat' dir='ltr'>quod</span> <span class='ocrx_word' id='word_1_166' title='bbox 1582 2481 1814 2545; x_wconf 87' lang='lat' dir='ltr'>amatis</span> <span class='ocrx_word' id='word_1_167' title='bbox 1871 2498 2018 2544; x_wconf 90' lang='lat' dir='ltr'>cum</span> <span class='ocrx_word' id='word_1_168' title='bbox 2071 2480 2314 2545; x_wconf 91' lang='lat' dir='ltr'>muscis</span> <span class='ocrx_word' id='word_1_169' title='bbox 2369 2516 2458 2528; x_wconf 88' lang='lat'>—-</span> <span class='ocrx_word' id='word_1_170' title='bbox 2503 2498 2714 2563; x_wconf 86' lang='lat' dir='ltr'>neque</span> 
     </span>
     <span class='ocr_line' id='line_1_20' title="bbox 404 2586 2714 2670; baseline 0.001 -21"><span class='ocrx_word' id='word_1_171' title='bbox 404 2586 577 2650; x_wconf 89' lang='lat' dir='ltr'>enim</span> <span class='ocrx_word' id='word_1_172' title='bbox 634 2586 850 2651; x_wconf 91' lang='lat' dir='ltr'>lumen</span> <span class='ocrx_word' id='word_1_173' title='bbox 907 2587 1071 2652; x_wconf 90' lang='lat' dir='ltr'>illud</span> <span class='ocrx_word' id='word_1_174' title='bbox 1126 2587 1440 2652; x_wconf 90' lang='lat' dir='ltr'>mentium</span> <span class='ocrx_word' id='word_1_175' title='bbox 1496 2589 1573 2652; x_wconf 86' lang='lat' dir='ltr'>ab</span> <span class='ocrx_word' id='word_1_176' title='bbox 1631 2587 1778 2652; x_wconf 89' lang='lat' dir='ltr'>istis</span> <span class='ocrx_word' id='word_1_177' title='bbox 1837 2586 2040 2652; x_wconf 90' lang='lat' dir='ltr'>oculis</span> <span class='ocrx_word' id='word_1_178' title='bbox 2095 2588 2350 2670; x_wconf 89' lang='lat' dir='ltr'>penitus</span> <span class='ocrx_word' id='word_1_179' title='bbox 2405 2587 2714 2663; x_wconf 71' lang='lat' dir='ltr'>alienum,</span> 
     </span>
     <span class='ocr_line' id='line_1_21' title="bbox 404 2694 2814 2775; baseline -0 -17"><span class='ocrx_word' id='word_1_180' title='bbox 404 2694 578 2775; x_wconf 90' lang='lat' dir='ltr'>quod</span> <span class='ocrx_word' id='word_1_181' title='bbox 622 2694 966 2758; x_wconf 88' lang='lat' dir='ltr'>inluminat</span> <span class='ocrx_word' id='word_1_182' title='bbox 1011 2712 1265 2759; x_wconf 90' lang='lat' dir='ltr'>omnem</span> <span class='ocrx_word' id='word_1_183' title='bbox 1302 2694 1628 2759; x_wconf 90' lang='lat' dir='ltr'>hominem</span> <span class='ocrx_word' id='word_1_184' title='bbox 1665 2694 2029 2758; x_wconf 87' lang='lat' dir='ltr'>uenientem</span> <span class='ocrx_word' id='word_1_185' title='bbox 2066 2694 2130 2757; x_wconf 92' lang='lat' dir='ltr'>in</span> <span class='ocrx_word' id='word_1_186' title='bbox 2167 2694 2338 2759; x_wconf 92' lang='lat' dir='ltr'>hunc</span> <span class='ocrx_word' id='word_1_187' title='bbox 2373 2694 2714 2759; x_wconf 91' lang='lat' dir='ltr'>mundum.</span> <span class='ocrx_word' id='word_1_188' title='bbox 2753 2718 2814 2757; x_wconf 60' lang='grc' dir='ltr'>ιο</span> 
     </span>
     <span class='ocr_line' id='line_1_22' title="bbox 406 2800 2716 2886; baseline 0 -21"><span class='ocrx_word' id='word_1_189' title='bbox 406 2800 611 2865; x_wconf 91' lang='lat' dir='ltr'>nostis</span> <span class='ocrx_word' id='word_1_190' title='bbox 662 2801 876 2884; x_wconf 85' lang='lat' dir='ltr'>aliqua</span> <span class='ocrx_word' id='word_1_191' title='bbox 922 2820 993 2866; x_wconf 85' lang='lat' dir='ltr'>ex</span> <span class='ocrx_word' id='word_1_192' title='bbox 1049 2804 1228 2885; x_wconf 88' lang='lat' dir='ltr'>parte</span> <span class='ocrx_word' id='word_1_193' title='bbox 1286 2802 1563 2886; x_wconf 84' lang='lat' dir='ltr'>cogitare</span> <span class='ocrx_word' id='word_1_194' title='bbox 1612 2838 1698 2848; x_wconf 92' lang='lat'>-—-</span> <span class='ocrx_word' id='word_1_195' title='bbox 1747 2804 1813 2867; x_wconf 92' lang='lat' dir='ltr'>et</span> <span class='ocrx_word' id='word_1_196' title='bbox 1864 2820 1979 2884; x_wconf 90' lang='lat' dir='ltr'>per</span> <span class='ocrx_word' id='word_1_197' title='bbox 2034 2800 2362 2866; x_wconf 90' lang='lat' dir='ltr'>dominum</span> <span class='ocrx_word' id='word_1_198' title='bbox 2417 2804 2716 2865; x_wconf 87' lang='lat' dir='ltr'>uestrum</span> 
     </span>
     <span class='ocr_line' id='line_1_23' title="bbox 404 2907 2720 2993; baseline 0 -22"><span class='ocrx_word' id='word_1_199' title='bbox 404 2907 875 2986; x_wconf 78' lang='lat' dir='ltr'>Manichaeum‚</span> <span class='ocrx_word' id='word_1_200' title='bbox 926 2909 1037 2991; x_wconf 91' lang='lat' dir='ltr'>qui</span> <span class='ocrx_word' id='word_1_201' title='bbox 1083 2909 1292 2973; x_wconf 85' lang='lat' dir='ltr'>Manis</span> <span class='ocrx_word' id='word_1_202' title='bbox 1339 2907 1566 2993; x_wconf 84' lang='lat' dir='ltr'>lingua</span> <span class='ocrx_word' id='word_1_203' title='bbox 1611 2907 1818 2990; x_wconf 85' lang='lat' dir='ltr'>patria</span> <span class='ocrx_word' id='word_1_204' title='bbox 1861 2909 2234 2973; x_wconf 85' lang='lat' dir='ltr'>uocabatur.</span> <span class='ocrx_word' id='word_1_205' title='bbox 2285 2909 2398 2974; x_wconf 90' lang='lat' dir='ltr'>sed</span> <span class='ocrx_word' id='word_1_206' title='bbox 2444 2926 2587 2986; x_wconf 82' lang='lat' dir='ltr'>uoS‚</span> <span class='ocrx_word' id='word_1_207' title='bbox 2636 2912 2720 2973; x_wconf 89' lang='lat' dir='ltr'>ut</span> 
     </span>
     <span class='ocr_line' id='line_1_24' title="bbox 406 3013 2718 3096; baseline 0.001 -20"><span class='ocrx_word' id='word_1_208' title='bbox 406 3014 579 3096; x_wconf 80' lang='lat' dir='ltr'>apud</span> <span class='ocrx_word' id='word_1_209' title='bbox 648 3014 927 3080; x_wconf 86' lang='lat' dir='ltr'>Graecos</span> <span class='ocrx_word' id='word_1_210' title='bbox 998 3034 1227 3080; x_wconf 91' lang='lat' dir='ltr'>nomen</span> <span class='ocrx_word' id='word_1_211' title='bbox 1292 3014 1574 3079; x_wconf 88' lang='lat' dir='ltr'>insaniae</span> <span class='ocrx_word' id='word_1_212' title='bbox 1639 3013 1956 3092; x_wconf 84' lang='lat' dir='ltr'>uitaretis,</span> <span class='ocrx_word' id='word_1_213' title='bbox 2021 3016 2207 3079; x_wconf 91' lang='lat' dir='ltr'>uelut</span> <span class='ocrx_word' id='word_1_214' title='bbox 2269 3014 2586 3081; x_wconf 88' lang='lat' dir='ltr'>declinato</span> <span class='ocrx_word' id='word_1_215' title='bbox 2645 3020 2718 3078; x_wconf 87' lang='lat' dir='ltr'>et</span> 
     </span>
     <span class='ocr_line' id='line_1_25' title="bbox 409 3121 2716 3206; baseline 0.002 -22"><span class='ocrx_word' id='word_1_216' title='bbox 409 3122 787 3205; x_wconf 89' lang='lat' dir='ltr'>prolongato</span> <span class='ocrx_word' id='word_1_217' title='bbox 853 3123 1109 3189; x_wconf 89' lang='lat' dir='ltr'>nomine</span> <span class='ocrx_word' id='word_1_218' title='bbox 1177 3124 1359 3205; x_wconf 85' lang='lat' dir='ltr'>quasi</span> <span class='ocrx_word' id='word_1_219' title='bbox 1422 3122 1743 3188; x_wconf 85' lang='lat' dir='ltr'>fusionem</span> <span class='ocrx_word' id='word_1_220' title='bbox 1807 3121 2145 3187; x_wconf 86' lang='lat' dir='ltr'>addidistis</span> <span class='ocrx_word' id='word_1_221' title='bbox 2167 3174 2182 3201; x_wconf 92' lang='lat'>,</span> <span class='ocrx_word' id='word_1_222' title='bbox 2255 3121 2368 3187; x_wconf 91' lang='lat' dir='ltr'>ubi</span> <span class='ocrx_word' id='word_1_223' title='bbox 2432 3122 2716 3206; x_wconf 83' lang='lat' dir='ltr'>amplius</span> 
     </span>
     <span class='ocr_line' id='line_1_26' title="bbox 400 3226 2814 3313; baseline 0 -24"><span class='ocrx_word' id='word_1_224' title='bbox 400 3226 790 3292; x_wconf 80' lang='lat' dir='ltr'>laberemini.</span> <span class='ocrx_word' id='word_1_225' title='bbox 834 3228 927 3294; x_wconf 89' lang='lat' dir='ltr'>sic</span> <span class='ocrx_word' id='word_1_226' title='bbox 966 3229 1135 3294; x_wconf 89' lang='lat' dir='ltr'>enim</span> <span class='ocrx_word' id='word_1_227' title='bbox 1172 3229 1333 3293; x_wconf 88' lang='lat' dir='ltr'>mihi</span> <span class='ocrx_word' id='word_1_228' title='bbox 1371 3227 1629 3312; x_wconf 88' lang='lat' dir='ltr'>quidam</span> <span class='ocrx_word' id='word_1_229' title='bbox 1667 3231 1958 3295; x_wconf 87' lang='lat' dir='ltr'>uestrum</span> <span class='ocrx_word' id='word_1_230' title='bbox 1998 3228 2310 3311; x_wconf 82' lang='lat' dir='ltr'>exposuit,</span> <span class='ocrx_word' id='word_1_231' title='bbox 2345 3248 2459 3294; x_wconf 89' lang='lat' dir='ltr'>cur</span> <span class='ocrx_word' id='word_1_232' title='bbox 2495 3230 2713 3313; x_wconf 84' lang='lat' dir='ltr'>appel·</span> <span class='ocrx_word' id='word_1_233' title='bbox 2756 3251 2814 3289; x_wconf 67' lang='grc' dir='ltr'>ιε,</span> 
     </span>
    </p>
   </div>
   <div class='ocr_carea' id='block_1_3' title="bbox 406 3434 2710 3591">
    <p class='ocr_par' dir='ltr' id='par_1_4' title="bbox 406 3434 2710 3591">
     <span class='ocr_line' id='line_1_27' title="bbox 582 3434 2710 3507; baseline 0.002 -18"><span class='ocrx_word' id='word_1_234' title='bbox 582 3436 615 3489; x_wconf 84' lang='grc'>5</span> <span class='ocrx_word' id='word_1_235' title='bbox 642 3434 737 3489; x_wconf 85' lang='lat' dir='ltr'>Ex.</span> <span class='ocrx_word' id='word_1_236' title='bbox 768 3438 854 3502; x_wconf 87' lang='grc'>20,</span> <span class='ocrx_word' id='word_1_237' title='bbox 886 3437 989 3501; x_wconf 87' lang='grc'>14;</span> <span class='ocrx_word' id='word_1_238' title='bbox 1026 3436 1226 3491; x_wconf 80' lang='lat' dir='ltr'>Matth.</span> <span class='ocrx_word' id='word_1_239' title='bbox 1257 3438 1304 3500; x_wconf 89' lang='lat'>5,</span> <span class='ocrx_word' id='word_1_240' title='bbox 1336 3438 1404 3493; x_wconf 98' lang='grc'>27</span> <span class='ocrx_word' id='word_1_241' title='bbox 1433 3453 1513 3507; x_wconf 90' lang='lat' dir='ltr'>sq.</span> <span class='ocrx_word' id='word_1_242' title='bbox 1627 3438 1693 3491; x_wconf 86' lang='lat'>14</span> <span class='ocrx_word' id='word_1_243' title='bbox 1723 3436 1790 3491; x_wconf 80' lang='lat' dir='ltr'>cf.</span> <span class='ocrx_word' id='word_1_244' title='bbox 1819 3438 1914 3491; x_wconf 84' lang='lat' dir='ltr'>Ex.</span> <span class='ocrx_word' id='word_1_245' title='bbox 1953 3437 2039 3502; x_wconf 85' lang='lat'>20,</span> <span class='ocrx_word' id='word_1_246' title='bbox 2073 3438 2140 3501; x_wconf 84' lang='lat'>7;</span> <span class='ocrx_word' id='word_1_247' title='bbox 2178 3436 2376 3493; x_wconf 77' lang='lat' dir='ltr'>Matth.</span> <span class='ocrx_word' id='word_1_248' title='bbox 2409 3455 2459 3493; x_wconf 77' lang='lat' dir='ltr'>v.</span> <span class='ocrx_word' id='word_1_249' title='bbox 2489 3438 2710 3493; x_wconf 64' lang='lat'><strong>33—3‘1’</strong></span> 
     </span>
     <span class='ocr_line' id='line_1_28' title="bbox 406 3524 2400 3591; baseline 0.003 -14"><span class='ocrx_word' id='word_1_250' title='bbox 406 3524 469 3576; x_wconf 88' lang='lat'>17</span> <span class='ocrx_word' id='word_1_251' title='bbox 510 3524 575 3579; x_wconf 84' lang='lat' dir='ltr'>cf.</span> <span class='ocrx_word' id='word_1_252' title='bbox 612 3524 769 3579; x_wconf 87' lang='lat' dir='ltr'>Rom.</span> <span class='ocrx_word' id='word_1_253' title='bbox 810 3528 857 3587; x_wconf 84' lang='lat'>1.</span> <span class='ocrx_word' id='word_1_254' title='bbox 899 3526 967 3589; x_wconf 89' lang='lat'>9;</span> <span class='ocrx_word' id='word_1_255' title='bbox 1006 3525 1150 3579; x_wconf 87' lang='lat' dir='ltr'>Phil.</span> <span class='ocrx_word' id='word_1_256' title='bbox 1192 3528 1239 3590; x_wconf 92' lang='lat'>1,</span> <span class='ocrx_word' id='word_1_257' title='bbox 1278 3526 1345 3590; x_wconf 83' lang='lat'>83</span> <span class='ocrx_word' id='word_1_258' title='bbox 1384 3526 1437 3579; x_wconf 87' lang='grc' dir='ltr'><strong>Π</strong></span> <span class='ocrx_word' id='word_1_259' title='bbox 1474 3524 1596 3581; x_wconf 90' lang='lat' dir='ltr'>Cor.</span> <span class='ocrx_word' id='word_1_260' title='bbox 1639 3529 1686 3591; x_wconf 91' lang='lat'>1,</span> <span class='ocrx_word' id='word_1_261' title='bbox 1725 3528 1795 3581; x_wconf 84' lang='lat'>23</span> <span class='ocrx_word' id='word_1_262' title='bbox 1904 3525 1976 3581; x_wconf 86' lang='grc'>20</span> <span class='ocrx_word' id='word_1_263' title='bbox 2013 3527 2080 3581; x_wconf 84' lang='lat' dir='ltr'>cf.</span> <span class='ocrx_word' id='word_1_264' title='bbox 2118 3526 2238 3581; x_wconf 90' lang='lat' dir='ltr'>Ioh.</span> <span class='ocrx_word' id='word_1_265' title='bbox 2281 3528 2327 3588; x_wconf 83' lang='lat'>1,</span> <span class='ocrx_word' id='word_1_266' title='bbox 2367 3528 2400 3582; x_wconf 87' lang='lat'>9</span> 
     </span>
    </p>
   </div>
   <div class='ocr_carea' id='block_1_4' title="bbox 398 3676 2714 3913">
    <p class='ocr_par' dir='ltr' id='par_1_5' title="bbox 398 3676 2714 3913">
     <span class='ocr_line' id='line_1_29' title="bbox 476 3676 2709 3749; baseline 0.001 -19"><span class='ocrx_word' id='word_1_267' title='bbox 476 3676 503 3729; x_wconf 92' lang='lat'>1</span> <span class='ocrx_word' id='word_1_268' title='bbox 556 3678 695 3745; x_wconf 79' lang='lat' dir='ltr'>esse]</span> <span class='ocrx_word' id='word_1_269' title='bbox 741 3684 771 3731; x_wconf 75' lang='lat' dir='ltr'>e</span> <span class='ocrx_word' id='word_1_270' title='bbox 827 3678 873 3731; x_wconf 85' lang='lat' dir='ltr'><em>C</em></span> <span class='ocrx_word' id='word_1_271' title='bbox 1012 3679 1340 3733; x_wconf 81' lang='lat' dir='ltr'>moecaberis</span> <span class='ocrx_word' id='word_1_272' title='bbox 1386 3678 1496 3732; x_wconf 81' lang='lat' dir='ltr'>Lo</span> <span class='ocrx_word' id='word_1_273' title='bbox 1601 3679 1634 3731; x_wconf 85' lang='lat'>2</span> <span class='ocrx_word' id='word_1_274' title='bbox 1673 3677 2054 3749; x_wconf 67' lang='lat' dir='ltr'>concupiscffis</span> <span class='ocrx_word' id='word_1_275' title='bbox 2099 3678 2164 3732; x_wconf 79' lang='lat'>0¹</span> <span class='ocrx_word' id='word_1_276' title='bbox 2310 3678 2577 3749; x_wconf 82' lang='lat' dir='ltr'>Equidem</span> <span class='ocrx_word' id='word_1_277' title='bbox 2617 3678 2709 3733; x_wconf 79' lang='lat' dir='ltr'>sd.</span> 
     </span>
     <span class='ocr_line' id='line_1_30' title="bbox 398 3766 2710 3837; baseline 0.001 -18"><span class='ocrx_word' id='word_1_278' title='bbox 398 3770 501 3822; x_wconf 86' lang='lat' dir='ltr'>est.</span> <span class='ocrx_word' id='word_1_279' title='bbox 553 3766 618 3833; x_wconf 84' lang='grc' dir='ltr'>(Ε</span> <span class='ocrx_word' id='word_1_280' title='bbox 664 3782 709 3821; x_wconf 81' lang='lat'>8.</span> <span class='ocrx_word' id='word_1_281' title='bbox 758 3768 793 3822; x_wconf 79' lang='lat' dir='ltr'>l.</span> <span class='ocrx_word' id='word_1_282' title='bbox 835 3768 968 3824; x_wconf 79' lang='lat' dir='ltr'>add.</span> <span class='ocrx_word' id='word_1_283' title='bbox 1015 3784 1085 3823; x_wconf 89' lang='lat' dir='ltr'>m.</span> <span class='ocrx_word' id='word_1_284' title='bbox 1126 3772 1186 3835; x_wconf 81' lang='lat'>2)</span> <span class='ocrx_word' id='word_1_285' title='bbox 1226 3768 1280 3821; x_wconf 88' lang='lat' dir='ltr'><strong><em>L</em></strong></span> <span class='ocrx_word' id='word_1_286' title='bbox 1432 3770 1466 3823; x_wconf 89' lang='lat'>5</span> <span class='ocrx_word' id='word_1_287' title='bbox 1502 3767 1696 3837; x_wconf 85' lang='lat' dir='ltr'>inquid</span> <span class='ocrx_word' id='word_1_288' title='bbox 1733 3766 1810 3821; x_wconf 85' lang='lat' dir='ltr'>L¹</span> <span class='ocrx_word' id='word_1_289' title='bbox 1970 3769 2005 3821; x_wconf 87' lang='grc'><strong>6</strong></span> <span class='ocrx_word' id='word_1_290' title='bbox 2044 3771 2130 3821; x_wconf 87' lang='lat' dir='ltr'>est</span> <span class='ocrx_word' id='word_1_291' title='bbox 2169 3770 2230 3821; x_wconf 79' lang='lat' dir='ltr'>(s.</span> <span class='ocrx_word' id='word_1_292' title='bbox 2271 3768 2329 3835; x_wconf 81' lang='lat' dir='ltr'>l.)</span> <span class='ocrx_word' id='word_1_293' title='bbox 2371 3766 2420 3822; x_wconf 98' lang='lat' dir='ltr'><strong><em>S</em></strong></span> <span class='ocrx_word' id='word_1_294' title='bbox 2556 3784 2710 3821; x_wconf 84' lang='lat' dir='ltr'>moe-</span> 
     </span>
     <span class='ocr_line' id='line_1_31' title="bbox 398 3854 2714 3913; baseline 0.001 -5"><span class='ocrx_word' id='word_1_295' title='bbox 398 3854 609 3911; x_wconf 82' lang='lat' dir='ltr'>caberis</span> <span class='ocrx_word' id='word_1_296' title='bbox 636 3856 746 3910; x_wconf 83' lang='lat' dir='ltr'>Lo</span> <span class='ocrx_word' id='word_1_297' title='bbox 768 3856 1103 3913; x_wconf 85' lang='lat' dir='ltr'>mechaberis</span> <span class='ocrx_word' id='word_1_298' title='bbox 1124 3856 1171 3912; x_wconf 88' lang='lat' dir='ltr'><strong><em>S</em></strong></span> <span class='ocrx_word' id='word_1_299' title='bbox 1192 3858 1523 3913; x_wconf 81' lang='lat' dir='ltr'>moecaueris</span> <span class='ocrx_word' id='word_1_300' title='bbox 1541 3856 1635 3909; x_wconf 79' lang='grc' dir='ltr'>Μι</span> <span class='ocrx_word' id='word_1_301' title='bbox 1749 3858 1779 3911; x_wconf 93' lang='grc'><strong>7</strong></span> <span class='ocrx_word' id='word_1_302' title='bbox 1799 3860 2076 3912; x_wconf 79' lang='lat' dir='ltr'>moecatus</span> <span class='ocrx_word' id='word_1_303' title='bbox 2095 3857 2148 3910; x_wconf 89' lang='lat' dir='ltr'><strong><em>L</em></strong></span> <span class='ocrx_word' id='word_1_304' title='bbox 2237 3856 2272 3909; x_wconf 92' lang='grc'>8</span> <span class='ocrx_word' id='word_1_305' title='bbox 2294 3873 2390 3911; x_wconf 87' lang='lat' dir='ltr'>suo</span> <span class='ocrx_word' id='word_1_306' title='bbox 2411 3872 2512 3911; x_wconf 86' lang='lat' dir='ltr'>om.</span> <span class='ocrx_word' id='word_1_307' title='bbox 2535 3856 2714 3911; x_wconf 77' lang='lat' dir='ltr'>SMG</span> 
     </span>
    </p>
   </div>
   <div class='ocr_carea' id='block_1_5' title="bbox 394 3943 2710 4195">
    <p class='ocr_par' dir='ltr' id='par_1_6' title="bbox 394 3943 2710 4195">
     <span class='ocr_line' id='line_1_32' title="bbox 396 3943 2710 4001; baseline 0.001 -4"><span class='ocrx_word' id='word_1_308' title='bbox 396 3943 548 3998; x_wconf 59' lang='lat' dir='ltr'>itane</span> <span class='ocrx_word' id='word_1_309' title='bbox 588 3944 659 3997; x_wconf 89' lang='lat' dir='ltr'><em>M</em></span> <span class='ocrx_word' id='word_1_310' title='bbox 869 3946 902 3999; x_wconf 88' lang='grc'>9</span> <span class='ocrx_word' id='word_1_311' title='bbox 942 3962 1075 4001; x_wconf 87' lang='lat' dir='ltr'>enoc</span> <span class='ocrx_word' id='word_1_312' title='bbox 1110 3948 1163 4000; x_wconf 89' lang='lat' dir='ltr'><strong><em>L</em></strong></span> <span class='ocrx_word' id='word_1_313' title='bbox 1351 3946 1555 4000; x_wconf 84' lang='lat' dir='ltr'>fuerint</span> <span class='ocrx_word' id='word_1_314' title='bbox 1592 3947 1624 3999; x_wconf 81' lang='lat' dir='ltr'><em>b</em></span> <span class='ocrx_word' id='word_1_315' title='bbox 1805 3946 2193 3999; x_wconf 76' lang='lat' dir='ltr'>moecabantur</span> <span class='ocrx_word' id='word_1_316' title='bbox 2228 3944 2282 3998; x_wconf 89' lang='lat' dir='ltr'><strong><em>L</em></strong></span> <span class='ocrx_word' id='word_1_317' title='bbox 2465 3946 2534 3999; x_wconf 90' lang='lat'>10</span> <span class='ocrx_word' id='word_1_318' title='bbox 2577 3952 2710 4000; x_wconf 77' lang='lat' dir='ltr'>eoru</span> 
     </span>
     <span class='ocr_line' id='line_1_33' title="bbox 404 4032 2708 4097; baseline 0.001 -11"><span class='ocrx_word' id='word_1_319' title='bbox 404 4035 561 4097; x_wconf 82' lang='lat' dir='ltr'>(corr.</span> <span class='ocrx_word' id='word_1_320' title='bbox 598 4050 668 4087; x_wconf 84' lang='lat' dir='ltr'>m.</span> <span class='ocrx_word' id='word_1_321' title='bbox 708 4039 739 4087; x_wconf 89' lang='lat'><strong><em>1</em></strong></span> <span class='ocrx_word' id='word_1_322' title='bbox 775 4048 843 4088; x_wconf 75' lang='lat' dir='ltr'>ex</span> <span class='ocrx_word' id='word_1_323' title='bbox 882 4037 1019 4089; x_wconf 69' lang='lat' dir='ltr'>erat)</span> <span class='ocrx_word' id='word_1_324' title='bbox 1066 4032 1117 4088; x_wconf 84' lang='lat'><em>0</em></span> <span class='ocrx_word' id='word_1_325' title='bbox 1292 4034 1359 4089; x_wconf 84' lang='lat'>11</span> <span class='ocrx_word' id='word_1_326' title='bbox 1396 4034 1784 4089; x_wconf 81' lang='lat' dir='ltr'>moecabantur</span> <span class='ocrx_word' id='word_1_327' title='bbox 1819 4034 1873 4088; x_wconf 94' lang='lat' dir='ltr'><strong><em>L</em></strong></span> <span class='ocrx_word' id='word_1_328' title='bbox 2057 4034 2121 4088; x_wconf 83' lang='lat'>17</span> <span class='ocrx_word' id='word_1_329' title='bbox 2168 4050 2279 4088; x_wconf 90' lang='lat' dir='ltr'>non</span> <span class='ocrx_word' id='word_1_330' title='bbox 2323 4034 2633 4089; x_wconf 83' lang='lat' dir='ltr'>inuenimus</span> <span class='ocrx_word' id='word_1_331' title='bbox 2673 4034 2708 4088; x_wconf 82' lang='lat' dir='ltr'><strong><em>b</em></strong></span> 
     </span>
     <span class='ocr_line' id='line_1_34' title="bbox 394 4121 2706 4195; baseline 0.002 -22"><span class='ocrx_word' id='word_1_332' title='bbox 394 4136 491 4175; x_wconf 83' lang='lat' dir='ltr'>ore</span> <span class='ocrx_word' id='word_1_333' title='bbox 537 4138 639 4177; x_wconf 84' lang='lat' dir='ltr'>om.</span> <span class='ocrx_word' id='word_1_334' title='bbox 687 4121 787 4177; x_wconf 85' lang='lat' dir='ltr'>SG</span> <span class='ocrx_word' id='word_1_335' title='bbox 975 4124 1041 4178; x_wconf 84' lang='lat'>19</span> <span class='ocrx_word' id='word_1_336' title='bbox 1085 4124 1379 4178; x_wconf 59' lang='lat' dir='ltr'>menmium</span> <span class='ocrx_word' id='word_1_337' title='bbox 1426 4126 1580 4195; x_wconf 85' lang='lat' dir='ltr'>(corr.</span> <span class='ocrx_word' id='word_1_338' title='bbox 1629 4140 1692 4179; x_wconf 82' lang='lat' dir='ltr'>ex</span> <span class='ocrx_word' id='word_1_339' title='bbox 1729 4126 2034 4191; x_wconf 85' lang='lat' dir='ltr'>mentuum)</span> <span class='ocrx_word' id='word_1_340' title='bbox 2088 4122 2140 4178; x_wconf 73' lang='lat' dir='ltr'><strong><em>G</em></strong></span> <span class='ocrx_word' id='word_1_341' title='bbox 2196 4122 2488 4177; x_wconf 88' lang='lat' dir='ltr'>mentitum</span> <span class='ocrx_word' id='word_1_342' title='bbox 2533 4126 2591 4177; x_wconf 87' lang='lat' dir='ltr'>et</span> <span class='ocrx_word' id='word_1_343' title='bbox 2637 4122 2706 4178; x_wconf 85' lang='lat' dir='ltr'>S¹</span> 
     </span>
    </p>
   </div>
   <div class='ocr_carea' id='block_1_6' title="bbox 394 4210 2708 4460">
    <p class='ocr_par' dir='ltr' id='par_1_7' title="bbox 394 4210 2708 4460">
     <span class='ocr_line' id='line_1_35' title="bbox 395 4210 2708 4283; baseline 0.002 -21"><span class='ocrx_word' id='word_1_344' title='bbox 395 4210 597 4263; x_wconf 84' lang='lat' dir='ltr'>mentis</span> <span class='ocrx_word' id='word_1_345' title='bbox 634 4210 681 4264; x_wconf 72' lang='lat' dir='ltr'>Bt</span> <span class='ocrx_word' id='word_1_346' title='bbox 720 4210 788 4265; x_wconf 87' lang='lat' dir='ltr'>S²</span> <span class='ocrx_word' id='word_1_347' title='bbox 934 4213 997 4266; x_wconf 85' lang='lat'>21</span> <span class='ocrx_word' id='word_1_348' title='bbox 1040 4217 1195 4283; x_wconf 84' lang='lat' dir='ltr'>parte</span> <span class='ocrx_word' id='word_1_349' title='bbox 1232 4216 1289 4268; x_wconf 87' lang='lat' dir='ltr'>te</span> <span class='ocrx_word' id='word_1_350' title='bbox 1332 4212 1383 4267; x_wconf 82' lang='lat' dir='ltr'><strong><em>G</em></strong></span> <span class='ocrx_word' id='word_1_351' title='bbox 1529 4212 1599 4266; x_wconf 87' lang='grc'>22</span> <span class='ocrx_word' id='word_1_352' title='bbox 1653 4211 1998 4267; x_wconf 79' lang='lat' dir='ltr'>manicheum</span> <span class='ocrx_word' id='word_1_353' title='bbox 2043 4210 2154 4265; x_wconf 86' lang='lat' dir='ltr'>LG&#39;</span> <span class='ocrx_word' id='word_1_354' title='bbox 2319 4212 2496 4265; x_wconf 76' lang='lat' dir='ltr'>manis</span> <span class='ocrx_word' id='word_1_355' title='bbox 2533 4210 2708 4267; x_wconf 69' lang='grc' dir='ltr'>ΒΗΘ</span> 
     </span>
     <span class='ocr_line' id='line_1_36' title="bbox 399 4298 2706 4373; baseline 0.002 -22"><span class='ocrx_word' id='word_1_356' title='bbox 399 4298 469 4351; x_wconf 89' lang='grc'>23</span> <span class='ocrx_word' id='word_1_357' title='bbox 518 4316 704 4368; x_wconf 81' lang='lat' dir='ltr'>grecos</span> <span class='ocrx_word' id='word_1_358' title='bbox 750 4300 803 4353; x_wconf 93' lang='lat' dir='ltr'><strong><em>L</em></strong></span> <span class='ocrx_word' id='word_1_359' title='bbox 982 4302 1193 4355; x_wconf 77' lang='lat' dir='ltr'>insanie</span> <span class='ocrx_word' id='word_1_360' title='bbox 1239 4305 1291 4357; x_wconf 89' lang='lat' dir='ltr'><strong><em>L</em></strong></span> <span class='ocrx_word' id='word_1_361' title='bbox 1474 4302 1545 4356; x_wconf 83' lang='lat'>24</span> <span class='ocrx_word' id='word_1_362' title='bbox 1589 4300 2022 4373; x_wconf 82' lang='lat' dir='ltr'>prolongatoque</span> <span class='ocrx_word' id='word_1_363' title='bbox 2062 4300 2110 4355; x_wconf 90' lang='lat' dir='ltr'><strong><em>S</em></strong></span> <span class='ocrx_word' id='word_1_364' title='bbox 2285 4300 2520 4371; x_wconf 77' lang='lat' dir='ltr'>amplius</span> <span class='ocrx_word' id='word_1_365' title='bbox 2559 4306 2625 4369; x_wconf 73' lang='grc' dir='ltr'>(ε.</span> <span class='ocrx_word' id='word_1_366' title='bbox 2667 4302 2706 4355; x_wconf 83' lang='lat'>1.</span> 
     </span>
     <span class='ocr_line' id='line_1_37' title="bbox 394 4386 2305 4460; baseline 0.003 -21"><span class='ocrx_word' id='word_1_367' title='bbox 394 4403 467 4439; x_wconf 83' lang='lat' dir='ltr'>m.</span> <span class='ocrx_word' id='word_1_368' title='bbox 504 4392 555 4451; x_wconf 89' lang='grc'>1)</span> <span class='ocrx_word' id='word_1_369' title='bbox 603 4386 651 4440; x_wconf 82' lang='grc'><em>0</em></span> <span class='ocrx_word' id='word_1_370' title='bbox 788 4389 859 4443; x_wconf 84' lang='grc'>25</span> <span class='ocrx_word' id='word_1_371' title='bbox 900 4389 1217 4444; x_wconf 81' lang='lat' dir='ltr'>laueremini</span> <span class='ocrx_word' id='word_1_372' title='bbox 1254 4390 1389 4445; x_wconf 77' lang='lat' dir='ltr'>L¹G</span> <span class='ocrx_word' id='word_1_373' title='bbox 1426 4390 1750 4445; x_wconf 79' lang='lat' dir='ltr'>lauaremini</span> <span class='ocrx_word' id='word_1_374' title='bbox 1787 4390 1902 4445; x_wconf 79' lang='lat' dir='ltr'>SM</span> <span class='ocrx_word' id='word_1_375' title='bbox 2079 4406 2218 4460; x_wconf 88' lang='lat' dir='ltr'>quur</span> <span class='ocrx_word' id='word_1_376' title='bbox 2253 4390 2305 4444; x_wconf 91' lang='lat' dir='ltr'><strong><em>L</em></strong></span> 
     </span>
    </p>
   </div>
  </div>
 </body>
</html>
