3159 4984
916 467 1008 520 VI.
1048 464 1338 521 Contra
1392 468 1765 522 Faustum
1821 468 1952 523 lib.
2009 469 2152 523 XVI.
2553 476 2682 539 455

381 679 505 742 quo
570 660 795 738 audes,
865 661 1262 727 difficultatis
1326 666 1475 727 tuae
1550 682 1810 745 pressus
1887 664 2201 747 angustiis
2268 668 2335 731 et
2399 684 2679 742 cernenS,

382 772 619 848 quanta
662 768 843 833 ruina
889 771 952 833 te
1002 770 1249 845 obruat,
1300 789 1447 834 cum
1502 770 1622 834 tibi
1679 769 1913 835 dicitur
1976 771 2218 835 nullam
2287 790 2428 837 esse
2487 772 2684 856 scrip-

379 877 609 951 turam,
651 876 755 939 cui
804 876 879 939 de
925 876 1113 941 factis
1162 881 1226 943 et
1272 877 1463 942 dictis
1503 876 1741 947 Christi
1785 878 2036 962 flagites
2088 897 2228 943 esse
2276 878 2681 957 credendum,

383 981 440 1043 si
504 982 836 1065 euangelio
902 986 1035 1047 tam
1102 987 1321 1051 sancte
1382 985 1638 1067 lateque
1703 985 2039 1049 notissimo
2104 984 2484 1050 credendum
2543 1004 2684 1050 esse

326 1106 506 1152 511611
572 1090 792 1170 putas,
862 1092 926 1153 et
989 1090 1253 1167 timens,
1318 1110 1395 1155 ne
1458 1092 1695 1157 amisso
1763 1091 2090 1156 christiani
2161 1092 2433 1156 nominis
2491 1092 2684 1174 pallio

290 1638 347 1674 10

295 2169 351 2207 15

290 2698 345 2736 20

294 3232 348 3270 25

380 1194 553 1258 nuda
597 1195 849 1259 uanitas
896 1200 1113 1261 uestra
1159 1197 1453 1263 omnibus
1502 1197 1908 1280 conspuenda
1961 1201 2026 1261 et
2072 1198 2444 1263 detestanda
2487 1216 2686 1263 rema-

381 1308 549 1381 neat,
598 1322 821 1368 rursus
869 1307 934 1368 te
982 1303 1268 1369 saucium
1318 1304 1618 1387 colligere
1665 1305 1910 1369 conaris
1964 1307 2029 1369 et
2077 1305 2258 1381 dicis,
2317 1304 2487 1387 quod
2540 1303 2684 1369 istis

384 1410 701 1496 euangelii
747 1410 963 1474 uerbis
1010 1410 1137 1474 iam
1175 1415 1239 1474 te
1286 1410 1367 1473 ad
1414 1410 1796 1476 credendum
1853 1411 2168 1494 professio
2214 1414 2330 1476 tua
2373 1410 2528 1475 fecit
2575 1410 2686 1475 ob-

382 1519 657 1583 noxium.
699 1516 793 1583 sic
832 1536 977 1601 ergo
1026 1520 1093 1582 te
1135 1517 1412 1595 interim,
1462 1536 1608 1583 cum
1657 1534 1780 1600 quo
1827 1537 1996 1582 nunc
2047 1538 2186 1603 ago,
2242 1521 2450 1593 tenen,
2507 1518 2686 1595 ferie,

386 1625 650 1707 perime,
699 1624 765 1688 id
812 1626 913 1689 est
958 1642 1229 1688 errorem
1276 1626 1463 1687 tuum
1520 1627 1710 1707 atque
1764 1624 2104 1703 fallaciam,
2164 1627 2230 1689 et
2284 1643 2454 1708 cogo·
2498 1624 2684 1688 fateri

384 1732 463 1797 de
521 1732 770 1797 Christo
830 1729 1163 1814 scripsisse
1218 1730 1507 1813 Moysen,
1566 1731 1716 1813 quia
1767 1731 1892 1796 hoc
1949 1726 2274 1797 Christum
2334 1730 2587 1795 dixisse·
2621 1730 2684 1795 in

384 1838 714 1922 euangelio
760 1836 1019 1921 legitur,
1070 1836 1174 1901 cui
1220 1840 1284 1901 te
1332 1836 1411 1901 ad
1458 1836 1840 1903 credendum
1884 1837 2201 1920 professio
2241 1840 2354 1901 tua
2387 1837 2542 1902 fecit
2579 1838 2686 1903 ob-

384 1946 659 2009 noxium.
730 1964 875 2007 cum
922 1943 1159 2008 Iudaeo
1221 1962 1372 2009 uero
1430 1944 1538 2009 1161
1595 1945 1820 2029 gentili
1879 1945 1936 2009 si
1987 1945 2148 2010 mihi
2192 1963 2451 2010 necesse
2497 1943 2691 2009 fuerit

384 2052 727 2133 disputare,
774 2050 903 2113 iam
950 2069 1141 2132 supra
1187 2050 1455 2126 ostendi,
1496 2052 1729 2133 quibus
1777 2051 1984 2117 modis
2034 2071 2146 2135 pro
2193 2051 2356 2115 meis
2402 2050 2687 2133 paruulis

382 2157 629 2223 uiribus
676 2176 781 2221 me
830 2176 1013 2241 agere
1061 2162 1352 2240 oportere
1401 2158 1776 2223 existimem.

480 2266 581 2328 15.
648 2264 784 2328 Nec
836 2263 1003 2328 illud
1057 2283 1217 2347 nego
1280 2264 1355 2327 de
1404 2264 1655 2329 Christo
1714 2284 1854 2330 esse
1910 2265 2330 2347 praedictum,
2391 2264 2560 2347 quod
2615 2268 2687 2328 tu

380 2376 710 2453 tamquam
774 2370 961 2436 facile
1026 2371 1445 2435 refellendum
1513 2372 1787 2456 elegisti,
1857 2373 1969 2437 ubi
2037 2372 2194 2437 deus
2256 2372 2544 2453 loquitur
2610 2371 2688 2435 ad

380 2479 647 2559 Moysen
696 2476 953 2542 dicens:
1023 2478 1417 2543 suscitabo
1464 2478 1632 2543 illis
1678 2479 2129 2562 prophetam
2179 2478 2267 2543 de
2314 2478 2686 2544 fratribus

382 2585 720 2667 ipsorum
780 2581 1111 2647 similem
1171 2583 1337 2646 tibi.
1405 2604 1522 2647 nec
1576 2604 1680 2648 me
1735 2588 1848 2649 tua
1901 2584 2080 2663 lauta
2139 2586 2205 2648 et
2259 2583 2472 2666 lepida
2527 2583 2688 2645 anti-

383 2690 591 2763 theta,
659 2690 891 2771 quibus
948 2682 1205 2754 'luteum
1273 2710 1628 2757 sermonem
1691 2691 1872 2773 quasi
1939 2692 2221 2757 colorare
2293 2708 2366 2753 ac
2430 2689 2687 2771 pingere

381 2796 669 2871 uoluisti,
718 2796 854 2861 ullo
903 2796 1091 2860 modo
1140 2796 1218 2860 ab
1266 2796 1385 2861 hac
1430 2798 1575 2861 fidei
1623 2798 1894 2863 ueritate
1943 2797 2284 2862 deterrent.
2336 2813 2682 2878 conparans

383 2902 551 2967 enim
601 2902 927 2967 Christum
984 2904 1175 2984 atque
1222 2903 1487 2985 Moysen
1547 2907 1613 2969 et
1668 2904 1928 2986 cupiens
1993 2903 2434 2969 demonstrare
2502 2900 2690 2963 dissi-

380 3010 555 3081 mile,
606 3012 680 3073 ut
728 3010 807 3074 ob
854 3010 977 3075 hoc
1023 3028 1147 3075 non
1196 3009 1272 3073 de
1321 3009 1572 3074 Christo
1623 3008 1917 3073 uideatur
1961 3007 2464 3092 intellegendum
2527 3024 2689 3083 esse,

383 3116 553 3198 quod
610 3115 918 3198 scriptum
979 3121 1115 3181 est:
1174 3115 1569 3181 suscitabo
1627 3116 1792 3181 illis
1845 3116 2294 3200 prophetam
2362 3112 2690 3177 similem

382 3222 550 3299 tibi,
601 3222 958 3305 obposuisti
1002 3221 1260 3286 tibimet
1304 3241 1375 3287 ex
1422 3222 1690 3287 aduerso
1737 3224 1943 3287 multa
1991 3222 2322 3291 contraria,
2366 3219 2536 3303 quod
2571 3218 2682 3283 ille

385 3331 595 3406 homo,
644 3329 750 3393 hic
798 3329 975 3406 deus,
1022 3329 1131 3393 ille
1178 3332 1491 3413 peccator,
1531 3330 1637 3393 hic
1675 3333 1954 3406 sanctuS,
1992 3329 2104 3395 ille
2145 3348 2216 3393 ex
2257 3328 2434 3393 coitu
2473 3329 2686 3403 natus,

386 3437 490 3502 hic
556 3436 909 3501 secundum
976 3455 1093 3501 nos
1160 3456 1231 3500 ex
1292 3436 1561 3520 uirgine,
1631 3436 1984 3501 secundum
2051 3455 2168 3501 uos
2233 3453 2386 3499 uero
2447 3453 2564 3498 nec
2617 3452 2690 3499 ex

386 3542 655 3625 uirgine,
724 3542 833 3607 1116
901 3542 1139 3607 offenso
1208 3543 1324 3609 deo
1391 3543 1703 3608 occiditur
1770 3543 1834 3606 in
1889 3545 2124 3610 monte.
2157 3541 2286 3605 'hic
2338 3540 2506 3625 patri
2552 3556 2687 3623 per-

385 3649 642 3730 placens
690 3649 933 3731 patitur
975 3649 1227 3733 propria
1272 3650 1624 3715 uoluntate.
1693 3650 1874 3731 quasi
1925 3668 2072 3713 uero
2123 3668 2266 3713 cum
2317 3647 2526 3714 simile
2575 3646 2681 3709 ali-

570 3855 637 3909 18
673 3855 838 3909 Dent.
884 3855 963 3919 18,
1006 3856 1071 3908 15
1112 3896 1124 3908 .
1167 3855 1234 3907 18

461 4008 490 4059 1
530 4004 882 4059 difficultates
919 4004 1091 4059 L¹M¹
1236 4021 1449 4076 pressus
1488 4005 1536 4059 S
1566 4022 1814 4075 praessus
1843 4004 1912 4057 Μ
2020 4008 2054 4057 4
2093 4008 2276 4074 sancte
2308 4004 2384 4058 SI>
2497 4006 2526 4057 7
2566 4022 2688 4058 sau-

388 4094 526 4147 116111
565 4092 707 4147 (Ἧζῖ
925 4094 957 4146 9
1004 4096 1061 4147 te
1108 4109 1210 4148 om.
1260 4092 1359 4147 SG
1576 4094 1645 4147 10
1699 4098 1954 4147 terrorem
1994 4092 2216 4148 SPMG
2374 4122 2382 4131 ·
2445 4110 2611 4163 cogor
2649 4092 2696 4149 S

391 4199 551 4257 cogor
588 4182 806 4237 LGJlb
938 4181 1002 4235 13
1038 4181 1197 4237 iudeo
1236 4183 1279 4235 G
1392 4184 1454 4235 14
1482 4183 1722 4252 paruolis
1750 4182 1840 4235 M¹
1977 4184 2044 4236 16
2071 4197 2169 4235 nec
2204 4182 2252 4251 (c
2278 4199 2322 4237 s.
2354 4182 2411 4249 l.)
2449 4180 2500 4235 G
2623 4187 2688 4233 66

394 4274 458 4337 (8.
498 4270 556 4337 1.)
604 4272 655 4325 G
836 4270 907 4341 qd
943 4274 1005 4325 tu
1045 4272 1107 4341 (s.
1148 4272 1206 4335 Ζ.)
1246 4270 1313 4323 M
1457 4271 1523 4323 19
1560 4272 1796 4326 antiteta
1837 4270 1904 4335 G,
1945 4271 2030 4337 (in
2064 4271 2202 4338 ras.)
2247 4269 2320 4323 M
2467 4270 2536 4322 22
2575 4269 2686 4322 dis-

392 4385 594 4439 similes
633 4387 664 4439 b
776 4387 842 4438 27
881 4388 1001 4454 uos]
1038 4403 1137 4439 nos
1178 4386 1221 4437 (1
1328 4386 1397 4441 28
1432 4344 1830 4439 illesoceiditur
1865 4387 1922 4439 in
1959 4392 2145 4439 monte
2186 4386 2389 4439 offenso
2430 4385 2496 4438 do
2547 4384 2592 4437 S
