3159 4984
503 448 631 513 292
1213 448 1264 501 S.
1327 444 1601 500 Aureli
1654 446 2090 515 Augustini

499 640 939 725 adrogantiore
969 642 1272 725 inpietate
1303 640 1575 707 iactatis,
1618 641 1726 723 qui
1759 642 2050 705 uentrem
2089 642 2375 705 uestrum
2414 660 2537 705 non
2576 640 2789 710 deum,

500 747 612 813 sed
677 749 847 831 quod
911 747 1336 815 sceleratioris
1393 747 1696 812 audaciae
1752 748 1872 825 est,
1931 745 2033 811 dei
2085 746 2528 813 mundatorem
2583 746 2788 811 dicere

498 875 620 922 non
684 856 968 921 timetis!
1040 854 1222 920 cuius
1267 873 1454 939 porro
1501 853 1857 921 dementiae
1906 857 2007 919 est
2048 854 2189 937 pios
2237 872 2305 919 se
2350 854 2553 919 uideri
2597 853 2788 932 uelle,

498 963 668 1046 quod
731 962 810 1027 ab
877 961 1250 1027 animalium
1313 960 1753 1026 interfectione
1810 978 1879 1025 se
1934 963 2309 1044 temperent,
2368 979 2513 1025 cum
2570 978 2790 1027 omnes

497 1088 647 1135 suas
695 1088 876 1135 escas
923 1067 1180 1133 easdem
1229 1068 1474 1132 animas
1529 1067 1761 1133 habere
1817 1066 2050 1142 dicant,
2107 1066 2361 1148 quibus,
2418 1070 2493 1131 ut
2536 1069 2785 1149 putant,
2859 1086 2887 1123 5

496 1175 864 1241 uiuentibus
931 1178 1108 1239 tanta
1169 1173 1437 1238 uulnera
1492 1177 1559 1238 et
1612 1173 1906 1239 manibus
1962 1176 2030 1237 et
2082 1172 2381 1238 dentibus
2453 1172 2788 1256 ingerunt!

584 1284 646 1347 6.
715 1280 843 1349 Cur
887 1284 1128 1358 autem,
1178 1280 1235 1345 si
1282 1279 1578 1345 carnibus
1626 1279 1805 1345 uesci
1850 1298 1975 1345 non
2023 1279 2247 1355 uultis,
2306 1298 2429 1344 non
2474 1280 2617 1361 ipsa
2660 1280 2789 1345 ani·
2848 1333 2855 1339 .

493 1390 689 1455 malia
734 1389 852 1455 deo
899 1392 1116 1455 uestro
1166 1388 1380 1454 oblata
1423 1387 1744 1463 mactatis,
1794 1390 1868 1452 ut
1920 1387 2167 1451 animae
2222 1386 2393 1465 illae,
2450 1405 2609 1469 quas
2665 1406 2789 1452 non

495 1498 704 1563 solum
751 1495 997 1581 putatis
1043 1494 1378 1572 humanas,
1437 1494 1551 1559 sed
1597 1494 1690 1559 ita
1736 1494 2009 1571 diuinas,
2056 1497 2131 1558 ut
2172 1492 2315 1576 ipsa
2358 1492 2461 1557 dei
2504 1492 2791 1558 membra

495 1622 635 1670 esse
702 1602 1004 1679 credatiS,
1071 1621 1109 1667 a
1173 1601 1376 1667 carnis
1455 1620 1703 1667 carcere
1779 1601 2211 1679 dimittantur,
2286 1601 2353 1664 et
2412 1618 2493 1664 ne
2555 1599 2789 1665 iterum
2830 1616 2884 1655 ιο

494 1710 752 1775 redeant
813 1708 1047 1775 uestris
1116 1708 1506 1775 orationibus
1573 1708 2095 1775 commendentur
2114 1712 2155 1789 Ρ,
2210 1726 2287 1772 an
2343 1707 2618 1791 amplius
2680 1725 2787 1771 eas

495 1816 812 1882 adiuuatis
861 1819 1084 1881 uentre
1132 1834 1324 1901 quam
1369 1819 1582 1881 mente
1632 1819 1698 1880 et
1741 1816 1855 1881 illa
1897 1815 2113 1899 potius
2161 1815 2263 1881 dei
2308 1818 2535 1880 natura
2580 1814 2786 1879 salua-

491 1927 614 2001 tur,
681 1942 842 2005 quae
907 1922 1142 1987 uestris
1207 1922 1563 1989 uisceribus
1630 1922 1907 1987 exhalari
1969 1922 2291 2001 meruerit,
2367 1941 2559 2006 quam
2624 1939 2784 2003 quae

490 2029 724 2095 uestris
789 2030 1084 2113 precibus
1149 2029 1577 2094 commendari
1599 2032 1629 2093 ⁸?
1695 2032 2028 2113 propterea
2090 2048 2240 2112 ergo
2304 2029 2514 2093 uentri
2569 2031 2782 2093 uestro

490 2155 718 2220 pecora
763 2156 888 2202 non
936 2136 1327 2210 sacrificatis,
1387 2136 1536 2219 quia
1592 2154 1667 2200 ea
1719 2136 1873 2199 uiua
1928 2136 2261 2201 absumere
2315 2155 2440 2203 non
2484 2136 2779 2219 potestis,
2824 2146 2878 2187 15

488 2245 565 2306 ut
628 2261 845 2307 eorum
909 2243 1149 2308 animas
1215 2243 1671 2309 intercessione
1736 2243 1935 2307 uestri
1999 2243 2311 2308 stomachi
2374 2242 2677 2310 liberetiS.
2745 2263 2781 2310 o

491 2350 679 2413 beata
725 2350 916 2425 olera,
966 2350 1197 2432 quibus
1246 2353 1311 2414 et
1356 2368 1548 2414 manu
1597 2350 1840 2415 euulsis
1888 2354 1955 2415 et
1997 2351 2159 2416 ferro
2210 2350 2479 2417 concisis
2528 2354 2593 2415 et
2636 2352 2783 2435 igne

493 2456 788 2520 cruciatis
828 2460 892 2521 et
932 2456 1118 2522 dente
1161 2456 1450 2523 contritis
1491 2476 1867 2523 concessum
1906 2460 2006 2522 est
2040 2460 2274 2535 tamen,
2313 2460 2388 2522 ut
2425 2457 2504 2522 ad
2540 2460 2783 2523 uestro·

490 2581 633 2626 rum
677 2563 1125 2629 intestinorum
1171 2582 1310 2629 aras
1348 2564 1502 2629 uiua
1537 2563 1931 2646 perueniant,
1972 2566 2038 2627 et
2070 2563 2305 2628 misera
2337 2582 2583 2648 pecora,
2623 2582 2782 2646 quae

493 2687 638 2732 cum
688 2668 879 2734 citius
929 2670 1006 2734 de
1053 2690 1311 2754 corpore
1361 2688 1476 2736 suo
1536 2673 1784 2748 exeunt,
1842 2670 1907 2734 in
1962 2674 2178 2735 uestra
2235 2688 2497 2755 corpora
2549 2670 2783 2735 intrare
2822 2677 2879 2717 ²⁰

490 2794 613 2839 non
659 2778 968 2859 possunt!
1035 2776 1128 2840 ita
1173 2776 1512 2841 delirantes
1559 2777 1767 2841 adhuc
1812 2777 2075 2860 putatis,
2135 2778 2304 2860 quod
2358 2778 2500 2844 ideo
2559 2796 2780 2843 sumus

487 2880 730 2945 inimici
803 2882 1042 2947 ueteris
1105 2884 1507 2950 testamenti.
1575 2884 1725 2965 quia
1786 2884 2028 2949 nullam
2094 2904 2345 2950 carnem
2409 2885 2781 2951 inmundam

491 2986 762 3052 dicimus
809 2991 1098 3053 tenentes
1136 2989 1412 3073 apostoli
1451 2990 1831 3054 sententiam
1872 2990 2177 3056 dicentis:
2230 2992 2474 3056 omnia
2509 2992 2781 3057 munda

489 3094 808 3171 mundis,
861 3096 927 3159 et
971 3095 1151 3173 illud,
1199 3096 1310 3159 ubi
1349 3096 1645 3161 dominus
1684 3097 1809 3161 ait:
1860 3117 2000 3162 non
2049 3098 2245 3180 quod
2290 3099 2531 3163 intrat
2576 3099 2649 3163 in
2698 3119 2779 3165 os

487 3204 850 3277 uestrum,
910 3220 1044 3267 uos
1104 3202 1567 3284 coinquinat,
1626 3203 1752 3267 sed
1810 3204 2006 3286 quod
2062 3204 2233 3269 exit.
2301 3205 2472 3288 quod
2526 3225 2651 3271 non
2698 3205 2777 3270 ad
2818 3212 2871 3251 ²⁵

487 3306 658 3371 solas
723 3308 942 3373 turbas
1010 3307 1304 3374 dominus
1372 3307 1546 3385 dixit,
1614 3308 1785 3373 sicut
1846 3313 2063 3375 uester
2122 3310 2523 3389 Adimantus,
2590 3331 2777 3395 quem

484 3416 633 3495 post
667 3413 1112 3479 Manichaeum
1151 3414 1430 3481 Faustus
1476 3416 1813 3499 praecipue
1860 3418 2099 3496 laudat,
2140 3436 2283 3483 cum
2333 3420 2536 3484 ueteri
2581 3423 2777 3486 testa·

659 3630 727 3682 ⁶23
766 3630 872 3683 Tit.
917 3634 960 3693 1,
1005 3632 1068 3683 15
1177 3633 1244 3685 24
1281 3632 1476 3687 Matth.
1521 3634 1601 3697 15,
1644 3636 1705 3686 11

555 3771 584 3824 1
617 3772 957 3839 arogantiore
983 3771 1048 3825 0¹
1177 3772 1355 3827 facitis
1378 3775 1409 3829 b
1537 3774 1572 3828 2
1602 3773 1857 3830 audatiae
1886 3776 1953 3831 0¹
2088 3780 2121 3832 3
2149 3779 2356 3834 timetis
2388 3788 2451 3847 (s.
2481 3782 2518 3886 ¹1².
2547 3798 2617 3835 m.
2646 3786 2710 3851 2)
2732 3781 2783 3837 S

479 3884 515 3937 4
551 3888 856 3955 temperant
892 3885 1116 3942 LSMG
1216 3889 1247 3941 5
1289 3906 1451 3945 aescas
1495 3891 1544 3945 0
1666 3892 1696 3944 7
1736 3908 1875 3962 quur
1910 3890 1964 3945 L
2107 3894 2185 3949 sic
2214 3892 2263 3948 S
2367 3896 2432 3950 13
2472 3896 2669 3951 exulari
2704 3897 2774 3958 G,

479 4000 539 4070 (h
581 4002 645 4055 in
687 4018 788 4071 my.
835 4020 904 4058 m.
955 4008 1013 4071 2)
1062 4002 1108 4057 S
1143 4004 1341 4059 exalat-i
1375 4003 1556 4059 LCM
1740 4010 1829 4078 ql]
1868 4011 1960 4075 (av
1996 4028 2063 4065 m.
2101 4027 2203 4065 rec.
2246 4011 2401 4077 add.)
2446 4010 2494 4065 0
2546 3977 2609 4082 {5
2650 4030 2678 4067 e
2722 4012 2775 4067 G

479 4088 548 4142 14
573 4089 854 4159 praecibus
874 4090 1002 4143 LM
1025 4090 1210 4160 pcibus
1238 4091 1286 4145 G
1391 4095 1457 4147 15
1496 4094 1625 4163 quia
1654 4096 1709 4159 (a
1734 4110 1777 4151 s.
1812 4096 1846 4150 l.
1880 4114 1918 4149 a
1944 4114 2013 4151 m.
2042 4100 2093 4168 1)
2123 4098 2192 4151 L'
2290 4100 2354 4155 16
2384 4099 2687 4154 sthomachi
2718 4100 2773 4153 L

481 4177 543 4230 17
579 4176 766 4232 holera
804 4178 988 4243 ΗΜΘ,
1040 4180 1096 4247 (h
1144 4184 1237 4249 er.)
1285 4180 1332 4235 G
1441 4183 1504 4236 19
1552 4199 1777 4253 peccora
1822 4186 1870 4239 G
1971 4185 2041 4239 23
2097 4185 2343 4241 ducimus
2388 4187 2437 4241 0
2538 4188 2608 4242 26
2646 4190 2759 4243 adi-

475 4266 711 4319 mantius
749 4266 850 4321 SG
885 4267 1202 4324 adimandus
1238 4270 1332 4323 ΜἸ
1371 4270 1639 4325 adimatus
1676 4272 1819 4326 LM¹
1997 4275 2063 4327 27
2103 4276 2389 4347 praecipue
2426 4276 2481 4329 L
2627 4278 2769 4348 eum]

481 4370 602 4407 eum
640 4360 687 4415 (e
723 4356 786 4409 in
823 4360 958 4418 raa.)
1003 4356 1120 4412 GS¹
1269 4361 1469 4413 ueteris
1505 4360 1560 4415 L
1594 4363 1767 4415 ueteri
1810 4364 1855 4431 (s
1894 4362 1993 4421 er.)
2028 4364 2103 4416 M
