3159 4984
394 477 523 537 316
1100 473 1152 525 S.
1212 472 1484 526 Aureli
1540 471 1978 541 Augustini

392 668 623 731 tiarum
673 668 1035 742 ua1·ietateS‚
1084 667 1191 731 uel
1257 686 1329 730 ex
1392 666 1660 730 aliarum
1725 666 2054 749 regionum
2125 667 2470 745 codicibus,
2520 666 2684 731 unde

391 775 532 855 ipsa
578 774 861 837 doctrina
900 773 1300 843 commeauit,
1342 776 1557 837 nostra
1605 772 1912 837 dubitatio
1962 773 2435 850 diiudicaretur,
2483 774 2592 837 uel
2630 772 2685 837 si

392 881 482 945 ibi
530 900 779 963 quoque
853 879 1101 944 codices
1166 879 1501 943 uariarent.
1567 879 1782 961 plures
1848 878 2253 961 paucioribus
2329 882 2440 943 aut
2503 882 2686 943 uetu-

395 990 620 1053 stiores
668 987 1123 1053 recentioribus
1169 986 1664 1069 praeferrentur:
1735 989 1799 1049 et
1863 986 1917 1050 si
1975 986 2180 1051 adhuc
2231 990 2402 1052 esset
2445 986 2688 1051 incerta

392 1096 683 1169 uarietaS,
730 1092 1109 1176 praecedens
1146 1093 1382 1175 lingua,
1429 1091 1596 1155 unde
1643 1092 1804 1155 illud
1851 1092 2331 1175 interpretatum
2381 1095 2498 1166 est,
2533 1110 2677 1155 con·
2751 1113 2778 1151 ,s

392 1202 723 1265 suleretur.
772 1201 891 1265 hoc
938 1198 1123 1263 modo
1172 1202 1499 1279 quaerunt,
1550 1198 1677 1280 qui,
1728 1198 1897 1279 quod
1945 1217 2052 1264 eos
2111 1200 2328 1262 mouet
2373 1199 2437 1262 in
2488 1197 2685 1281 scrip-

392 1308 551 1371 turis
619 1307 855 1371 sanctis
918 1309 1097 1369 tanta
1158 1306 1533 1369 auctoritate
1599 1306 1882 1389 firmatis,
1949 1306 2230 1369 inuenire
2297 1306 2544 1369 uolunt.
2613 1307 2686 1367 ut

395 1415 685 1489 habeant.
735 1411 899 1477 unde
946 1413 1356 1478 instruantur.
1407 1431 1529 1476 non
1578 1412 1744 1476 unde
1792 1412 2087 1477 rixentur.

484 1526 543 1586 3.
592 1522 731 1586 Hoc
780 1524 1011 1593 autem,
1080 1518 1247 1599 quod
1314 1518 1619 1582 aduersus
1666 1518 2034 1600 inpietatem
2093 1522 2370 1583 uestram
2420 1539 2490 1584 ex
2541 1538 2686 1602 apo-

394 1630 541 1694 stoli
588 1628 771 1691 Pauli
820 1624 1095 1709 epistula
1122 1625 1453 1707 profertur,
1495 1625 1696 1688 filium
1738 1624 1838 1689 dei
1887 1645 1957 1689 ex
1998 1626 2236 1690 semine
2285 1626 2493 1690 Dauid
2541 1646 2682 1691 esse
2724 1648 2777 1685 ιο

396 1736 744 1801 secundum
812 1752 1079 1800 carnem,
1130 1750 1345 1795 omnes
1396 1731 1646 1795 codices
1717 1735 1780 1796 et
1827 1733 1973 1797 noui
2027 1740 2088 1795 et
2136 1736 2382 1796 ueteres
2430 1733 2683 1807 habent,

396 1862 613 1907 omnes
663 1840 965 1905 ecclesiae
1030 1840 1273 1921 legunt,
1344 1858 1560 1903 omnes
1610 1840 1863 1923 linguae
1913 1840 2335 1904 consentiunt.
2388 1840 2690 1904 exuimini

397 1968 545 2032 ergo
592 1948 784 2029 pallio
832 1946 1139 2012 fallaciae.
1206 1964 1329 2027 quo
1394 1946 1671 2009 Faustus
1738 1947 2018 2013 indutus
2087 1965 2230 2011 cum
2297 1946 2421 2011 sibi
2463 1966 2688 2029 propo-

394 2054 635 2119 suisset
679 2056 1001 2134 tamquam
1037 2052 1530 2134 intenogantem
1569 2055 1632 2114 et
1682 2051 2023 2116 dicentem:
2065 2052 2349 2136 accipis
2398 2059 2688 2137 aposto-

395 2162 549 2224 lum
597 2160 957 2223 Paulum?
1004 2158 1363 2241 respondit:
1426 2162 1498 2221 et
1546 2158 1876 2222 maxime.
1930 2177 2042 2222 cur
2087 2159 2255 2223 enim
2301 2180 2423 2225 non
2472 2160 2685 2243 potius
2731 2181 2781 2217 ιτ»

394 2266 756 2350 respondit:
826 2270 891 2330 et
950 2265 1229 2332 minime.
1298 2266 1418 2328 nisi
1485 2265 1633 2346 quia
1678 2264 1867 2327 fallax
1923 2265 2096 2328 aliud
2145 2286 2328 2348 quam
2381 2267 2464 2343 id.
2517 2266 2685 2348 quod

395 2374 627 2437 falsum
694 2375 845 2448 erat,
892 2372 1267 2454 respondere
1326 2392 1450 2437 non
1506 2372 1764 2449 potuit?
1831 2371 1982 2454 quid
2031 2372 2198 2435 enim
2247 2374 2493 2455 accepit
2539 2392 2683 2455 apo-

393 2480 545 2545 stoli
592 2479 827 2542 Pauli?
877 2497 997 2542 non
1065 2478 1337 2560 primum
1396 2478 1736 2554 hominem,
1787 2497 1973 2559 quem
2039 2478 2147 2543 ille
2197 2480 2352 2543 dicit
2399 2479 2475 2543 de
2523 2482 2686 2543 terra

390 2590 728 2649 terrenum.
780 2585 855 2649 de
905 2604 1027 2665 quo
1105 2584 1261 2647 item
1337 2584 1526 2648 dicit:
1587 2584 1840 2649 factus
1918 2587 2036 2649 est
2107 2586 2393 2667 primus
2468 2585 2682 2650 homo

389 2693 617 2756 Adam
672 2692 745 2755 in
794 2692 983 2755 anim
1004 2710 1111 2753 am
1176 2692 1592 2767 uiuentem,
1658 2692 1765 2755 ille
1833 2694 2044 2755 autem
2095 2691 2426 2755 adnuntiat
2471 2692 2684 2757 nescio
2725 2710 2780 2749 κο

388 2818 575 2880 quem
622 2798 897 2880 primum
946 2798 1265 2863 hominem
1328 2817 1440 2862 nec
1480 2798 1554 2861 de
1595 2802 1761 2861 terra
1806 2801 2123 2861 terrenum
2172 2817 2286 2862 nec
2333 2798 2573 2862 factum
2622 2798 2685 2861 in

388 2907 659 2969 animam
708 2904 1055 2979 uiuentem,
1106 2904 1215 2968 sed
1267 2903 1341 2967 de
1391 2904 1750 2968 substantia
1796 2905 1897 2969 dei
1941 2904 2005 2967 id
2052 2904 2266 2986 ipsum
2313 2904 2685 2969 existentem

387 3013 555 3093 quod
632 3012 786 3076 deus
863 3016 979 3085 est,
1030 3011 1313 3074 membra
1378 3030 1495 3074 sua
1561 3011 1665 3074 uel
1739 3012 2124 3075 uestimenta
2198 3030 2316 3075 sua
2362 3011 2467 3075 uel
2515 3030 2686 3075 arma

388 3138 522 3194 sua,
570 3118 635 3181 id
684 3122 783 3182 est
829 3118 1106 3200 quinque
1174 3118 1485 3180 elementa
1553 3136 1699 3181 cum
1748 3122 1814 3181 et
1857 3118 1998 3200 ipsa
2045 3118 2202 3181 nihil
2249 3118 2424 3181 aliud
2473 3121 2686 3183 essent

386 3244 575 3307 quam
644 3225 1000 3289 substantia
1067 3224 1185 3299 dei,
1252 3224 1317 3287 in
1384 3224 1782 3287 tenebrarum
1849 3228 2035 3307 gente
2102 3226 2418 3301 mersisse,
2477 3228 2552 3289 ut
2595 3225 2684 3288 in·
2721 3240 2773 3278 25

386 3330 647 3413 quinata
712 3334 1098 3414 caperentur.
1168 3350 1287 3395 non
1357 3331 1706 3394 secundum
1781 3331 2121 3407 hominem,
2191 3351 2380 3413 quem
2445 3331 2684 3397 Paulus

390 3437 544 3501 dicit
592 3437 667 3501 de
716 3438 909 3513 caelo.
961 3458 1147 3519 quem
1216 3437 1373 3502 dicit
1420 3437 1610 3501 etiam
1679 3437 2099 3502 nouissimum
2145 3438 2342 3501 Adam
2392 3438 2456 3502 in
2506 3438 2682 3521 spiri-

387 3546 520 3608 tum
574 3544 1022 3619 uiuificantem‚
1074 3564 1262 3625 quem
1310 3544 1467 3608 dicit
1511 3544 1752 3608 factum
1802 3564 1870 3607 ex
1921 3544 2156 3608 semine
2205 3544 2414 3608 Dauid
2463 3564 2682 3609 secun-

386 3650 535 3713 dum
585 3669 854 3718 carnem.
929 3650 1167 3715 factum
1236 3670 1305 3714 ex
1370 3652 1658 3715 muliere.
1729 3652 1967 3714 factum
2033 3652 2151 3715 sub
2218 3652 2381 3735 lege,
2429 3656 2504 3714 ut
2551 3670 2680 3727 603,

566 3878 631 3931 10
662 3877 725 3932 cf.
756 3880 907 3932 Rom.
942 3881 988 3943 1,
1018 3880 1052 3932 3
1166 3881 1229 3933 19
1267 3880 1295 3933 Ι
1332 3878 1452 3935 Cor.
1495 3880 1576 3941 15,
1608 3880 1678 3933 45
1709 3878 1842 3932 Gen.
1873 3880 1922 3938 2.
1955 3880 1983 3931 7
2097 3879 2164 3932 27
2195 3878 2262 3933 cf.
2290 3878 2318 3931 1
2349 3878 2467 3934 Cor.
2503 3879 2583 3936 15.
2613 3878 2680 3931 45

457 4036 489 4087 2
526 4036 571 4088 si
610 4036 707 4107 ibi]
749 4037 852 4090 sibi
892 4038 1110 4091 SLMG
1149 4038 1195 4092 si
1231 4038 1308 4092 ibi
1348 4039 1414 4107 (si
1452 4040 1511 4091 in
1544 4046 1681 4103 rag.)
1712 4040 1765 4092 P
1871 4040 1903 4091 3
1932 4040 2287 4093 uestustiores
2324 4040 2372 4093 C
2474 4040 2510 4091 4
2537 4056 2680 4092 rece-

383 4122 717 4187 dentioribus
762 4126 809 4180 (J
947 4128 1345 4197 praeferrentur
1382 4130 1509 4194 (alt.
1548 4146 1574 4181 r
1619 4146 1662 4182 s.
1711 4130 1766 4196 1.)
1809 4128 1908 4183 SG
1946 4129 2317 4199 praeferentur
2351 4129 2438 4182 Lb
2478 4128 2676 4198 prefer-

384 4216 569 4266 rentur
616 4218 665 4277 (r
702 4232 787 4282 pr.
836 4222 885 4269 et
932 4220 1020 4269 tur
1065 4232 1109 4269 s.
1159 4218 1193 4269 I.
1244 4235 1279 4269 a
1326 4234 1393 4269 m.
1446 4223 1495 4277 1)
1552 4218 1600 4270 G
1721 4219 1752 4271 6
1803 4221 2034 4287 querunt
2085 4218 2133 4272 0
2241 4220 2308 4273 10
2355 4217 2582 4289 epistole
2629 4217 2682 4270 L

387 4300 451 4352 12
490 4302 743 4356 aecclesie
789 4304 835 4357 C
940 4306 1007 4358 13
1047 4304 1259 4357 fallacie
1298 4304 1404 4357 LC
1508 4306 1576 4359 15
1617 4323 1754 4375 quur
1790 4306 1840 4358 L
1951 4308 2018 4359 17
2056 4308 2254 4376 accipit
2297 4308 2342 4359 C
2447 4308 2516 4360 22
2554 4306 2680 4361 sub-

383 4391 587 4443 stantia
628 4392 747 4444 (sub
789 4394 843 4443 in
882 4398 1017 4459 ras.)
1060 4393 1111 4446 L
1220 4396 1283 4446 21
1329 4392 1477 4447 aliud
1514 4395 1650 4447 nihil
1696 4396 1742 4447 (ιν
