3159 4984
927 479 1015 533 VI.
1055 480 1346 535 Contra
1401 481 1773 536 Faustum
1831 482 1963 539 lib.
2022 482 2113 536 VI.
2524 488 2657 577 x291

365 675 578 741 omnia
633 675 790 739 talia
841 676 1068 741 multis
1128 679 1193 741 et
1248 676 1443 742 uariis
1501 678 1709 742 modis
1766 696 1961 741 unum
2023 677 2429 755 sacrificium,
2480 680 2663 744 cuius

369 800 536 846 nunc
581 782 955 847 memoriam
1004 782 1422 861 celebramuS,
1472 783 2015 867 significauerunt.
2082 784 2249 848 unde
2304 785 2433 850 isto
2488 804 2665 850 reue-

364 889 495 953 lato
544 892 609 952 et
656 908 772 953 suo
819 892 1105 972 tempore
1157 891 1369 956 oblato
1417 890 1532 954 illa
1581 890 1657 955 de
1706 890 1933 974 agendi
1983 892 2349 956 celebritate
2412 892 2668 957 sublata

369 1000 536 1073 sunt,
579 997 693 1061 sed
731 997 794 1060 in
835 995 1238 1081 significandi
1278 998 1661 1062 auctoritate
1698 1001 2106 1073 manserunt;
2158 999 2445 1081 scripta
2492 1002 2667 1063 sunt

299 1121 328 1161 ε
373 1102 537 1167 enim
593 1106 906 1188 propter
962 1123 1120 1180 nOS,
1177 1104 1250 1167 in
1309 1123 1496 1186 quos
1553 1103 1739 1169 finis
1798 1105 2281 1170 saeculorum
2330 1105 2661 1170 obuenit.

368 1208 481 1273 sed
545 1210 609 1273 in
677 1210 766 1275 eis
822 1210 1132 1275 uidelicet
1184 1209 1545 1275 interfectio
1602 1229 1722 1275 uos
1776 1212 1998 1275 mouet
2063 1211 2454 1286 animalium,
2521 1230 2664 1276 cum

366 1316 492 1380 ista
521 1318 726 1381 omnis
768 1320 1055 1382 creatura
1091 1317 1318 1381 usibus
1355 1317 1687 1382 hominum
1728 1317 1999 1398 quodam
2038 1317 2229 1383 modo
2268 1318 2665 1383 condiciona-

365 1422 511 1487 liter
557 1423 812 1487 seruiat.
883 1424 995 1489 sed
1060 1442 1200 1500 uOS,
1249 1424 1360 1505 qui
1432 1423 1679 1487 homini
1726 1423 2017 1488 mendico
2078 1423 2383 1488 esurienti
2435 1444 2661 1507 panem

367 1548 488 1593 non
543 1529 893 1613 porrigitiS,
949 1529 1394 1595 misericordes
1453 1530 1613 1595 estis
1680 1531 1742 1593 in
1806 1548 2056 1613 pecora,
2124 1530 2355 1612 quibus
2422 1532 2665 1595 animas

275 1642 328 1683 ¹⁰
367 1636 676 1700 humanas
723 1636 934 1701 inesse
983 1636 1258 1700 creditis.
1319 1636 1615 1701 dominus
1664 1640 1877 1701 autem
1925 1638 2109 1701 Iesus
2156 1636 2220 1699 in
2270 1656 2343 1701 ea
2389 1637 2665 1701 crudelis

368 1742 520 1817 fuit,
598 1761 744 1806 cum
813 1743 1150 1807 daemones
1213 1744 1279 1807 in
1345 1762 1606 1827 gregem
1672 1762 2035 1827 porcorum,
2105 1762 2250 1808 cum
2314 1744 2379 1807 id
2446 1744 2521 1807 ab
2588 1763 2662 1809 eo

371 1851 678 1932 peterent,
743 1848 833 1913 ire
888 1850 1202 1932 permisit.
1271 1850 1378 1932 qui
1446 1851 1642 1915 etiam
1708 1849 1989 1915 nondum
2058 1849 2489 1915 demonstrato
2554 1870 2667 1933 per

363 1956 727 2038 passionem
764 1955 1075 2021 sacrificio
1116 1958 1394 2039 corporis
1435 1958 1536 2021 sui
1576 1956 1829 2021 cuidam
1867 1957 2141 2038 leprose.
2173 1976 2360 2038 quem
2400 1957 2661 2021 munda-

365 2066 564 2131 uerat.
607 2062 733 2126 ait:
784 2063 974 2127 uade
1017 2065 1091 2127 et
1131 2064 1446 2128 ostende
1485 2068 1558 2127 te
1601 2062 2004 2134 sacerdoti,
2056 2067 2129 2127 et
2167 2064 2359 2127 offer
2393 2066 2653 2147 prote,

275 2176 325 2214 ¹5
365 2169 563 2251 quod
627 2170 1024 2253 praecepit
1078 2170 1411 2254 Moyses.
1481 2170 1553 2234 in
1620 2170 2150 2234 testimonium
2206 2170 2393 2233 illis.
2456 2170 2661 2253 magis

365 2275 553 2353 enim,
613 2276 762 2357 quia
819 2278 882 2339 et
936 2296 1047 2359 per
1100 2276 1440 2359 prophetas
1499 2276 1657 2341 deus
1716 2294 1903 2357 saepe
1960 2278 2239 2339 testatur
2294 2276 2534 2340 nullius
2593 2296 2663 2341 se

365 2381 512 2446 talis
559 2382 840 2447 muneris
885 2382 1192 2465 indigere,
1243 2386 1308 2447 et
1352 2384 1538 2447 facile
1600 2386 1699 2447 est
1753 2383 1997 2446 ratione
2052 2383 2429 2465 perspicere,
2490 2383 2660 2464 quod

364 2507 478 2553 nec
528 2488 666 2553 eius
714 2489 802 2553 rei
852 2492 1057 2572 egeat,
1118 2489 1228 2572 qui
1283 2490 1525 2553 nullius
1586 2492 1751 2573 eget,
1812 2489 2197 2572 conpellitur
2250 2490 2499 2553 animus
2548 2490 2661 2552 hu-

363 2614 590 2659 manus
631 2594 964 2677 inquirere,
1005 2596 1158 2677 quid
1197 2615 1311 2661 nos
1348 2616 1462 2679 per
1497 2596 1656 2660 haec
1695 2596 1917 2660 docere
1956 2596 2253 2671 uoluerit,
2293 2596 2402 2678 qui
2438 2595 2660 2677 utique

267 2706 324 2745 ²⁰
365 2721 487 2766 non
543 2701 780 2766 frustra
835 2721 926 2778 ea,
989 2702 1220 2785 quibus
1275 2722 1398 2767 non
1458 2702 1724 2786 indiget,
1785 2702 1907 2767 sibi
1963 2702 2215 2766 iuberet
2262 2701 2486 2779 offerri,
2536 2702 2659 2765 nisi

362 2807 607 2889 aliquid
664 2808 729 2870 in
787 2809 880 2872 eis
940 2808 1322 2879 ostenderet,
1381 2808 1552 2891 quod
1611 2808 1793 2873 nobis
1853 2811 1917 2872 et-
1973 2827 2161 2872 nosse
2216 2807 2551 2890 prodesset
2597 2811 2662 2870 et

358 2914 598 2979 talibus
648 2914 848 2998 signis
895 2915 1306 2999 praefigurari
1351 2919 1691 2999 oporteret.
1740 2933 1860 2979 uos
1900 2918 2115 2978 autem
2154 2916 2387 2995 quanto
2426 2914 2657 2978 melius

361 3024 427 3085 et
471 3020 807 3086 honestius
845 3022 989 3086 istis
1032 3023 1326 3104 quamuis
1365 3022 1490 3085 iam
1532 3026 1748 3087 nostro
1788 3020 2060 3103 tempori
2098 3039 2219 3084 non
2260 3020 2654 3094 necessariiS,

357 3130 572 3192 tamen
648 3128 1160 3211 significantibus
1236 3128 1476 3212 aliquid
1545 3131 1611 3191 et
1675 3127 2052 3192 docentibus
2120 3124 2445 3190 sacrificiis
2510 3126 2655 3190 sub·

265 3238 318 3275 ²⁵
357 3231 683 3311 deremini,
743 3254 932 3316 quam
990 3235 1174 3299 uobis
1234 3235 1311 3298 ab
1369 3234 1768 3299 auditoribus
1824 3232 2059 3296 uestris
2127 3232 2309 3296 uiuas
2366 3250 2653 3297 escarum

350 3339 647 3404 uictimas
707 3340 912 3405 offerri
968 3340 1272 3405 iuberetis
1331 3343 1395 3405 et
1451 3337 1831 3404 crederetis!
1901 3356 2048 3401 nam
2124 3355 2269 3401 cum
2319 3340 2649 3422 apostolus

349 3444 592 3510 Paulus
623 3446 700 3510 de
731 3448 1114 3529 quibusdam
1143 3451 1400 3531 propter
1441 3446 1662 3530 epulas
1702 3443 2105 3528 euangelium
2142 3446 2652 3528 praedicantibus

351 3558 922 3640 congruentissime
974 3557 1234 3621 dixerit:
1295 3576 1611 3640 quorum
1672 3554 1855 3618 deus
1912 3560 2199 3631 uenter,
2248 3560 2484 3637 quanto
2532 3576 2649 3621 uos

523 3750 558 3801 4
611 3748 640 3802 I
696 3748 816 3803 Cor.
875 3748 958 3809 10,
1027 3750 1084 3800 ll
1287 3752 1351 3801 12
1407 3752 1473 3805 cs.
1530 3754 1726 3807 Matth.
1785 3755 1834 3818 8,
1894 3754 1962 3805 32
2156 3756 2223 3807 14
2279 3755 2407 3809 Luc.
2469 3759 2517 3811 5.
2582 3756 2643 3807 14

347 3835 416 3889 28
445 3836 589 3891 Phil.
620 3838 670 3898 3,
703 3838 770 3891 19

241 4012 250 4021 .
419 3949 452 4001 2
491 3950 733 4004 releuato
764 3952 816 4005 L
926 3956 957 4007 5
997 3954 1113 4023 nos]
1155 3961 1221 4008 ns·
1254 3957 1284 4009 b
1429 3956 1562 4011 fines
1605 3958 1719 4011 SM
1828 3959 1859 4011 6
1891 3976 1986 4011 uos
2018 3960 2081 4027 (s.
2114 3960 2175 4027 l.)
2215 3958 2266 4013 G
2342 3959 2409 4012 10
2444 3962 2631 4012 autem

343 4039 456 4093 etia
475 4040 504 4093 b
615 4041 684 4094 12
715 4042 899 4113 etiam]
929 4046 1054 4097 aute
1079 4044 1108 4097 b
1221 4047 1288 4099 14
1317 4048 1372 4098 et
1409 4062 1510 4102 om.
1533 4047 1563 4099 b
1712 4046 1989 4101 sacerdote
2013 4046 2087 4100 L¹
2241 4048 2373 4101 offer
2394 4064 2588 4101 munus
2614 4049 2645 4102 b

347 4129 410 4181 15
449 4130 690 4199 precepit
724 4129 772 4183 0
892 4131 959 4184 16
997 4148 1054 4185 se
1096 4133 1178 4196 (in
1214 4150 1383 4203 marq.
1421 4152 1490 4189 m.
1527 4152 1631 4189 rec.
1674 4136 1866 4206 Saepe)
1904 4135 1951 4189 0
2052 4137 2123 4189 20
2164 4138 2247 4207 ea]
2287 4154 2318 4189 a
2358 4136 2389 4189 b
2536 4154 2643 4190 non

343 4219 408 4277 (s,
440 4216 498 4285 l.)
519 4217 566 4271 S
667 4219 880 4287 indiget
910 4220 986 4289 (in
1017 4236 1060 4273 s,
1093 4220 1148 4289 l.)
1177 4220 1228 4274 G
1337 4222 1461 4292 sibi]
1495 4224 1538 4277 si
1568 4223 1621 4276 L
1651 4223 1754 4276 sibi
1783 4223 1859 4289 (bi
1891 4238 1933 4276 3.
1966 4224 2024 4291 l.)
2056 4224 2156 4277 SG·
2263 4226 2328 4276 21
2373 4225 2570 4293 aliquit
2592 4226 2643 4279 L

341 4304 408 4357 25
448 4310 708 4377 escarum]
747 4324 984 4378 escarum
1030 4310 1078 4363 C
1111 4316 1316 4365 scarum
1354 4311 1561 4365 LPMb
1618 4318 1825 4366 sctirum
1883 4314 1965 4373 (in
2012 4330 2180 4381 mary.
2220 4315 2541 4379 scortorum)
2583 4314 2640 4379 S,

339 4394 426 4457 (in
461 4411 634 4466 marq.
676 4398 874 4465 orioru)
919 4399 970 4452 G
1082 4400 1149 4452 26
1189 4400 1374 4453 offerre
1414 4399 1466 4452 L
1575 4402 1645 4453 28
1686 4402 1819 4453 dixit
1850 4402 1913 4453 8¹
2096 4405 2287 4453 uenter
2325 4405 2410 4455 cst
2440 4402 2470 4455 b

2429 4510 2525 4563 19*
