3159 4984
486 477 615 538 682
1195 476 1246 526 S.
1307 473 1583 528 Aureli
1638 475 2072 543 Augustini

488 671 677 750 atque
727 669 1008 733 sincerae
1066 670 1498 751 acceptantur,
1559 669 1789 734 saltem
1844 669 1992 735 hinc
2049 673 2367 754 coguntur
2418 671 2605 735 fateri
2662 671 2793 734 uir·

484 777 693 840 tutem
739 777 919 840 illam
965 775 1335 859 patientiae,
1377 795 1570 859 quam
1620 777 1809 842 docet
1855 776 2151 842 dominus
2200 777 2454 842 dicens:
2504 778 2567 842 si
2616 777 2793 860 quis

483 887 557 946 te
623 882 1108 965 percusserit
1170 884 1244 946 in
1311 883 1701 947 maxillam
1766 887 1968 949 tuam
2038 884 2447 963 dexteram,
2512 885 2793 968 praebe

483 990 608 1054 illi
658 994 732 1056 et
778 990 1198 1070 sinistram,
1237 1009 1428 1074 posse
1467 1010 1611 1056 esse
1648 992 1715 1055 in
1751 993 2227 1074 praeparatione
2267 991 2496 1070 cordiS,
2537 991 2797 1056 etiamsi

488 1117 612 1161 non
707 1097 1078 1162 exhibeatur
1159 1102 1348 1181 gestu
1440 1097 1722 1182 corporis
1808 1102 1874 1162 et
1947 1099 2349 1181 expressione
2423 1098 2793 1176 uerborum,
2858 1119 2888 1160 5

487 1203 1002 1286 quandoquidem
1049 1204 1381 1287 apostolus
1429 1205 1644 1287 palma
1688 1223 2035 1287 percussus
2088 1204 2307 1288 potius
2364 1204 2553 1269 deum
2607 1221 2794 1288 roga-

485 1311 603 1376 uit.
652 1312 727 1373 ut
771 1310 1080 1376 iniurioso
1129 1311 1374 1376 homini
1421 1311 1486 1376 in
1534 1312 1755 1376 futuro
1795 1312 2052 1376 saeculo
2090 1315 2473 1395 parceretur,
2510 1311 2576 1376 in
2610 1329 2793 1394 prae-

487 1417 653 1482 senti
719 1420 936 1482 autem
990 1417 1105 1481 illa
1160 1418 1393 1481 iniuria
1448 1438 1574 1483 non
1630 1418 1839 1482 inulta
1890 1418 2376 1501 relinqueretur,
2434 1425 2624 1501 quam
2678 1418 2793 1481 uel

488 1523 783 1604 praebuit
845 1522 1100 1587 ferienti
1167 1523 1433 1587 alteram
1494 1527 1742 1607 partem
1808 1527 1921 1588 aut
1992 1529 2069 1588 ut
2120 1525 2353 1588 iterum
2408 1525 2625 1588 feriret
2680 1523 2795 1586 ad-

484 1629 754 1696 monuit.
802 1630 1065 1694 tenebat
1113 1633 1281 1694 certe
1329 1630 1598 1695 interius
1647 1630 2009 1697 dilectionis
2049 1630 2371 1696 adfectum
2409 1633 2476 1695 et
2511 1629 2793 1694 exterius
2836 1657 2895 1694 m

483 1735 852 1818 requirebat
917 1735 1326 1800 correctionis
1395 1737 1777 1819 exemplum.
1846 1736 1985 1801 siue
2049 1736 2170 1802 hoc
2226 1755 2451 1800 uerum
2506 1736 2593 1800 sit
2646 1735 2793 1799 siue

490 1842 854 1920 confictum,
906 1861 1018 1907 cur
1061 1842 1289 1908 nolunt
1336 1842 1590 1907 credere
1625 1842 1744 1906 tali
1780 1841 1989 1907 animo
2026 1842 2343 1906 famulum
2383 1843 2484 1906 dei
2518 1843 2793 1926 Moysen

484 1948 643 2014 idoli
685 1948 1098 2014 fabricatores
1148 1952 1213 2014 et
1257 1949 1625 2014 adoratores
1673 1949 1887 2033 gladio
1933 1949 2379 2032 prostrauisse,
2419 1968 2563 2014 cum
2611 1951 2678 2012 et
2724 1949 2793 2012 in

487 2056 626 2120 eius
671 2057 887 2121 uerbis
937 2057 1092 2121 satis
1143 2056 1444 2139 adpareat
1489 2056 1582 2120 ita
1627 2056 1997 2122 huiusmodi
2044 2060 2307 2139 peccato
2348 2075 2493 2120 eum
2530 2056 2795 2120 ueniam

488 2162 917 2245 deprecatum,
967 2165 1044 2227 ut
1088 2162 1214 2227 nisi
1257 2163 1625 2246 inpetraret,
1677 2162 1871 2228 deleri
1928 2183 1996 2228 se
2052 2164 2255 2228 uellet
2299 2161 2377 2227 de
2422 2163 2584 2228 libro
2632 2163 2739 2228 dei
2762 2167 2795 2226 ἓ
2834 2189 2895 2230 15

489 2273 553 2334 et
619 2270 771 2353 quid
837 2271 1046 2335 simile
1109 2272 1372 2355 ignotus
1436 2271 1628 2336 homo
1693 2271 1907 2354 palma
1968 2289 2311 2354 percussus
2379 2272 2446 2333 et
2499 2269 2658 2335 deus
2714 2289 2797 2334 ex

485 2376 764 2461 Aegypti
811 2377 1126 2442 seruitute
1173 2377 1449 2441 liberans
1495 2395 1611 2460 per
1655 2376 1939 2442 diuisum
1983 2395 2158 2440 mare
2204 2375 2522 2455 traiciens,
2579 2374 2795 2440 flucti-

487 2482 611 2547 bus
657 2486 1113 2565 persequentes
1161 2483 1456 2548 inimicos
1505 2484 1816 2566 operiens,
1862 2483 2035 2550 idolo
2092 2483 2217 2548 sibi
2269 2484 2551 2567 praelato
2612 2482 2794 2547 dere-

483 2589 681 2654 lictus
729 2592 920 2672 atque
970 2591 1428 2672 contemptus?
1476 2589 1532 2654 si
1579 2591 1795 2652 autem
1840 2607 2080 2672 poenas
2124 2589 2298 2672 ipsas
2346 2608 2794 2673 conparemuS,

485 2696 637 2778 quid
693 2695 902 2761 simile
958 2695 1120 2760 ferro
1177 2695 1459 2759 interimi
1507 2698 1572 2759 et
1620 2713 1657 2758 a
1701 2695 1852 2760 feris
1909 2695 2213 2760 trucidari
2271 2699 2460 2778 atque
2506 2695 2737 2760 laniari
2757 2701 2793 2760 P
2832 2723 2895 2764 20

487 2802 999 2886 quandoquidem
1045 2801 1291 2867 iudices
1335 2802 1615 2885 publicis
1659 2803 1914 2888 legibus
1962 2803 2314 2868 seruientes
2361 2802 2621 2869 maioris
2670 2803 2797 2867 cri-

481 2910 675 2976 minis
720 2929 863 2976 reos
911 2908 1138 2974 bestiis
1189 2909 1435 2993 subrigi
1481 2928 1671 2992 quam
1719 2908 1931 2994 gladio
1978 2910 2227 2993 percuti
2271 2910 2511 2974 iubent.

573 3019 679 3083 80.
718 3017 948 3082 Restat
981 3016 1048 3080 in
1084 3016 1418 3082 maledicis
1457 3019 1522 3081 et
1553 3015 1884 3099 sacrilegis
1913 3016 2509 3100 reprehensionibus
2538 3015 2793 3085 Fausti.

486 3125 719 3208 quibus
765 3142 933 3189 nunc
981 3123 1357 3207 respondeo,
1416 3123 1586 3206 quod
1642 3124 1903 3187 locutus
1961 3121 2256 3188 dominus
2305 3122 2384 3187 ad
2432 3121 2597 3188 Osee
2644 3143 2791 3206 pro-

486 3231 750 3314 phetam
816 3231 1010 3296 dixit:
1079 3231 1341 3314 accipe
1405 3231 1551 3296 tibi
1618 3249 1915 3296 uxorem
1984 3229 2469 3295 fornicariam
2536 3233 2611 3294 et
2665 3230 2893 3297 fac-25

481 3338 700 3402 filios
758 3337 842 3401 de
901 3337 1336 3401 fornicaria.
1399 3337 1464 3400 in
1523 3355 1650 3419 qua
1704 3336 2019 3418 scriptura
2074 3335 2169 3400 sic
2224 3337 2629 3400 excaecatum
2686 3341 2793 3400 est

483 3443 860 3508 inmundum
929 3463 1037 3509 cor
1102 3463 1343 3522 eorum,
1401 3446 1475 3507 ut
1530 3462 1646 3508 nec
1704 3442 2111 3526 apertissima
2163 3441 2357 3505 uerba
2413 3443 2789 3526 euangelica

480 3549 862 3634 intellegant
921 3551 1160 3616 domini
1222 3551 1492 3615 dicentis
1551 3549 1630 3613 ad
1677 3549 1990 3614 Iudaeos:
2047 3549 2491 3614 meretrices
2540 3553 2613 3614 et
2658 3567 2787 3632 pu-

482 3657 774 3722 blicani
830 3658 1291 3740 praecedent
1347 3675 1482 3722 uos
1538 3657 1611 3720 in
1670 3676 1896 3740 regno
1946 3656 2346 3722 caelorum.
2415 3655 2569 3738 quid
2613 3655 2785 3720 enim

659 3876 691 3928 2
729 3875 926 3929 Matth.
967 3877 1017 3940 5,
1057 3875 1127 3929 39
1237 3875 1306 3929 25
1347 3875 1504 3938 Osee,
1544 3877 1594 3942 1,
1635 3875 1668 3928 2
1790 3874 1861 3930 28
1896 3874 2098 3930 Matth.
2138 3875 2226 3939 21,
2266 3873 2330 3927 31

549 4016 586 4068 3
621 4015 786 4085 prebe
824 4015 872 4070 S
992 4016 1026 4070 5
1065 4017 1370 4086 expression
1409 4015 1462 4069 L
1606 4016 1640 4069 8
1678 4016 1881 4084 inultra
1918 4017 2062 4122 (ξφ.
2100 4033 2169 4070 m.
2210 4018 2270 4082 2)
2316 4015 2363 4068 G
2503 4013 2537 4066 9
2574 4029 2783 4066 ammo-

477 4132 602 4184 nuit
637 4129 862 4186 LSMG
999 4133 1062 4185 11
1107 4131 1460 4202 correptionis
1507 4131 1551 4185 C
1686 4133 1755 4184 14
1790 4132 1986 4206 italid
2024 4132 2102 4185 132
2248 4131 2315 4184 15
2352 4129 2642 4199 depcatum
2678 4127 2793 4180 Lo

479 4218 658 4273 delere
700 4220 746 4273 (J
900 4221 967 4274 19
1004 4235 1172 4290 penas
1217 4219 1264 4275 Ο
1439 4223 1500 4274 21
1545 4219 1790 4291 publices
1827 4221 1901 4274 L*
2080 4221 2151 4274 23
2196 4217 2646 4288 rephensionibus
2682 4215 2790 4270 Ls'

480 4309 552 4360 24
579 4309 912 4378 respondebo
934 4308 981 4363 S
1087 4325 1240 4364 oseae
1261 4309 1430 4366 LSM
1455 4325 1578 4379 osee
1616 4309 1667 4364 G
1777 4309 1846 4364 26
1877 4311 2183 4363 excecatum
2210 4307 2265 4361 L
2372 4307 2439 4360 27
2468 4306 2721 4377 apertissi
2742 4305 2791 4361 S

483 4395 557 4448 28
587 4396 775 4450 iudeos
810 4399 857 4451 G
