3159 4984
347 442 472 506 140
1049 440 1103 493 S.
1159 439 1442 495 Aureli
1495 440 1939 511 Augustini

332 652 536 723 usque
583 631 661 696 ad
707 632 833 699 ista
876 633 1308 699 minutissima
1355 634 1700 699 animantia
1744 636 1991 701 reuolui
2041 635 2283 701 animas
2330 636 2637 703 humanas

336 743 576 823 posse?
642 740 762 805 hoc
830 741 998 805 enim
1064 745 1316 825 negant,
1375 760 1452 806 ne
1512 744 1643 805 tam
1704 743 2052 807 multarum
2125 742 2639 808 interfectionum

336 847 425 911 rei
470 849 806 913 teneantur
851 851 962 911 aut
1010 850 1320 933 cogantur
1377 867 1631 931 parcere
1687 848 2009 931 pulicibus
2066 852 2133 913 et
2184 848 2517 932 peduculis
2574 853 2639 915 et

339 953 672 1018 cimicibus
721 960 786 1019 et
829 957 1040 1019 tantas
1090 954 1167 1018 ab
1227 954 1319 1018 eis
1375 954 1707 1019 molestias
1769 954 1904 1019 sine
1960 955 2094 1019 ulla
2150 955 2361 1020 caedis
2421 974 2635 1019 eorum

333 1058 594 1123 licentia
621 1059 954 1125 sustinere.
994 1079 1141 1125 nam
1169 1061 1580 1125 uehementer
1612 1066 1937 1145 urgentur,
1978 1080 2091 1125 cur
2124 1061 2191 1126 in
2229 1061 2637 1143 uulpeculam
2700 1084 2726 1123 5

338 1166 587 1230 reuolui
633 1166 844 1229 anima
889 1167 1168 1231 humana
1213 1165 1421 1250 possit
1468 1170 1534 1230 et
1579 1185 1703 1230 non
1741 1167 1949 1249 possit
1984 1167 2049 1231 iu
2086 1168 2450 1243 mustelam,
2493 1186 2637 1231 cum

336 1273 587 1336 catulus
661 1273 1042 1355 uulpeculae
1117 1273 1388 1338 fortasse
1465 1273 1655 1337 etiam
1730 1274 1935 1338 minor
1998 1273 2085 1337 sit
2146 1292 2336 1355 quam
2410 1292 2642 1357 magna

335 1380 632 1447 mustela.
701 1379 924 1445 deinde
974 1380 1029 1444 si
1083 1380 1147 1443 in
1205 1381 1548 1445 mustelam
1610 1385 1843 1462 potest,
1904 1400 2015 1445 cur
2075 1380 2141 1444 in
2205 1399 2451 1445 murem
2515 1400 2638 1446 non

334 1489 598 1569 potest?
669 1489 732 1550 et
780 1486 834 1551 si
880 1487 945 1550 in
994 1487 1192 1551 istum
1237 1490 1472 1569 potest,
1523 1505 1636 1551 cur
1679 1486 1743 1550 in
1793 1487 2155 1551 stellionem
2201 1506 2323 1551 non
2371 1490 2637 1569 potest?

338 1597 402 1656 et
449 1593 503 1657 si
551 1593 612 1657 in
665 1613 810 1657 eum
857 1595 1090 1675 potest,
1141 1613 1254 1658 cur
1296 1594 1359 1657 in
1407 1594 1725 1659 locustam
1784 1614 1906 1659 non
1962 1596 2227 1677 potest?
2295 1593 2521 1659 deinde
2576 1594 2637 1657 in
2678 1621 2728 1661 ιο

335 1719 537 1783 apem,
589 1699 812 1763 deinde
861 1700 924 1762 in
973 1719 1279 1774 muscam,
1331 1700 1554 1764 deinde
1592 1702 1654 1764 in
1696 1700 1986 1765 cimicem
2025 1703 2214 1782 atque
2251 1700 2397 1765 inde
2434 1718 2637 1782 usque

332 1807 396 1871 in
442 1807 724 1891 pulicem
772 1811 836 1871 et
899 1806 953 1871 si
1010 1807 1162 1889 quid
1218 1811 1318 1871 est
1375 1808 1548 1871 aliud
1612 1808 1817 1873 multo
1882 1807 2193 1873 minutius
2257 1806 2636 1891 peruenire?

333 1914 442 1977 ubi
491 1914 660 1978 enim
705 1913 1048 1978 terminum
1107 1914 1518 1990 constituant,
1581 1934 1706 1979 non
1761 1914 2097 1978 inueniunt
2155 1918 2345 1997 atque
2392 1914 2485 1977 ita
2526 1932 2639 1995 per

333 2021 524 2085 istam
571 2020 970 2105 nugatoriam
1018 2020 1458 2086 crudelitatem
1507 2019 1930 2086 conscientiae
1976 2020 2235 2086 illorum
2280 2020 2637 2084 innumera-

334 2127 572 2192 bilibus
621 2127 1106 2193 homicidiorum
1156 2128 1505 2193 sceleribus
1554 2128 1929 2192 obruuntur.
2675 2162 2724 2203 15

421 2235 586 2298 Nam
655 2254 724 2299 ex
792 2254 886 2311 ec,
945 2234 1113 2317 quod
1170 2234 1478 2317 scriptum
1527 2237 1629 2298 est
1666 2234 2038 2317 sanguinem
2076 2232 2323 2317 pecoris
2361 2234 2635 2297 animam

337 2341 471 2405 eius
521 2360 681 2418 esse,
727 2344 977 2425 praeter
1021 2341 1105 2417 id,
1165 2340 1333 2423 quod
1395 2358 1585 2423 supra
1645 2340 1789 2416 dixi,
1846 2359 1968 2405 non
2029 2339 2107 2404 ad
2154 2359 2255 2405 me
2302 2340 2633 2431 pertinere,

338 2449 489 2533 quid
537 2453 765 2533 agatur
810 2447 887 2514 de
933 2448 1178 2533 pecoris
1227 2448 1454 2525 anima,
1493 2466 1759 2530 possum
1799 2447 1993 2511 etiam
2029 2446 2426 2529 interpretari
2459 2464 2633 2529 prae-

337 2559 594 2639 ceptum
638 2556 802 2620 illud
847 2556 913 2620 in
962 2556 1142 2640 signo
1192 2574 1332 2621 esse
1369 2554 1674 2638 positum.
1722 2574 1846 2619 non
1896 2554 2063 2618 enim
2111 2553 2406 2619 dominus
2454 2551 2634 2616 dubi-

335 2662 502 2726 tauit
567 2662 810 2727 dicere:
876 2663 1016 2729 hoc
1073 2680 1344 2746 corpus
1401 2680 1673 2738 meum,
1736 2680 1883 2725 cum
1950 2660 2206 2745 signum
2268 2658 2445 2723 daret
2500 2678 2629 2725 cor·
2669 2698 2723 2743 ,0

332 2766 502 2851 poris
551 2768 672 2835 sui.

423 2872 608 2951 Quod
671 2878 886 2939 autem
951 2875 1042 2940 ait
1103 2875 1468 2959 apostolus:
1554 2892 1725 2939 caro
1792 2877 1867 2938 et
1930 2873 2243 2958 sanguis
2318 2892 2629 2957 regnum

336 2980 454 3045 dei
501 3000 642 3046 non
689 2981 1216 3065 possidebunt,
1264 2982 1456 3046 etiam
1500 2981 1566 3045 in
1612 2982 1757 3065 lege
1803 2979 2047 3045 dictum
2093 2982 2229 3044 est:
2286 2998 2425 3044 non
2472 2999 2627 3063 per-

333 3088 668 3153 manebit
731 3088 804 3153 in
867 3088 1046 3153 istis
1112 3088 1434 3172 spiritus
1499 3107 1739 3164 meus,
1817 3086 1991 3168 quia
2054 3104 2223 3151 caro
2291 3089 2485 3151 sunt.
2561 3089 2630 3150 et

329 3194 566 3259 totiens
603 3194 668 3259 in
707 3196 1032 3261 ueteribus
1079 3194 1258 3260 libris
1304 3196 1617 3261 iustorum
1671 3193 1897 3257 animis
1943 3191 2295 3275 praemium
2340 3192 2625 3257 futurum
2662 3226 2715 3266 2⁵

329 3301 740 3383 promittitur.
781 3301 892 3366 sed
931 3306 1143 3367 tamen
1183 3302 1511 3386 apostolus
1547 3302 1775 3367 uolens
1811 3300 2149 3377 insinuare,
2180 3299 2365 3381 qua-le
2395 3316 2623 3381 corpus

326 3405 642 3472 iustorum
707 3427 818 3492 per
863 3408 1348 3474 inmutationem
1397 3408 1460 3472 in
1507 3407 1965 3472 resurrectione
2003 3406 2291 3471 futurum
2330 3404 2435 3481 sit,
2474 3404 2625 3486 quia

504 3626 574 3679 20
609 3624 807 3679 Matth.
847 3626 934 3691 26,
971 3624 1039 3678 26
1148 3625 1219 3679 23
1257 3624 1391 3679 Gen.
1431 3624 1481 3689 6,
1521 3626 1554 3679 3

395 3793 428 3845 3
481 3792 820 3846 retineantur
872 3793 904 3847 b
1095 3792 1380 3863 perdiculis
1416 3794 1494 3848 P2
1547 3793 1812 3864 pediculis
1858 3792 1909 3845 T
1914 3791 2000 3847 OS
2012 3791 2139 3847 ΓΘΑ
2356 3785 2619 3859 pediculis

324 3884 382 3935 et
435 3881 704 3951 pulicibus
741 3882 774 3937 b
937 3886 970 3937 5
1025 3900 1119 3938 cur
1173 3886 1242 3951 (8.
1300 3884 1364 3950 l.)
1401 3882 1480 3935 1²²
1676 3881 2017 3954 uulpeculam
2066 3886 2116 3939 (e
2164 3896 2300 3935 corr.
2346 3870 2413 3933 ea:
2456 3878 2497 3946 i)
2540 3876 2617 3929 1²²

321 3970 355 4025 8
395 3976 742 4042 cur—potest
767 3990 870 4027 mn.
899 3972 955 4027 P
1023 3974 1055 4026 9
1077 3973 1240 4027 istum
1267 3978 1300 4026 n
1330 3976 1512 4042 potest
1547 3972 1595 4025 V
1704 3972 1991 4026 stelionem
2022 3974 2127 4037 (ste
2157 3986 2223 4025 ex
2250 3970 2323 4023 sti
2352 3972 2509 4035 corr.)
2540 3966 2617 4020 1²²

325 4059 634 4125 stellionem
675 4060 716 4127 (l
761 4061 855 4129 er.)
889 4061 940 4115 G
1071 4061 1137 4115 10
1177 4065 1231 4115 ct
1269 4062 1574 4131 si—potest
1613 4070 1681 4126 (8.
1722 4061 1759 4114 l.
1796 4076 1865 4115 m.
1905 4064 1945 4115 2
1982 4060 2143 4126 add.)
2185 4060 2235 4113 P
2346 4058 2613 4111 locustam

324 4149 400 4217 (lu
435 4149 500 4201 in
534 4149 587 4202 lo
627 4154 784 4212 corr.)
825 4150 880 4202 P
992 4149 1051 4203 11
1094 4149 1358 4218 cimicem]
1397 4165 1617 4203 cuncem
1662 4149 1708 4201 C
1817 4150 1884 4202 14
1921 4148 2297 4203 credulitatem
2324 4142 2613 4200 GTCSVb

319 4264 376 4318 in
413 4281 634 4318 munera
668 4262 870 4317 bilibus
896 4262 976 4318 G²
1141 4264 1205 4317 16
1244 4264 1500 4333 animam]
1537 4263 1801 4333 sanguine
1846 4262 1885 4314 V
2051 4262 2120 4317 20
2157 4262 2282 4332 hoc]
2319 4261 2419 4314 hoc
2458 4263 2542 4314 est
2579 4258 2611 4313 b

320 4354 388 4407 24
425 4352 571 4423 quia]
611 4353 864 4423 quoniam
907 4350 1200 4407 GTCSVb
1327 4352 1396 4407 25
1435 4353 1630 4407 animis
1668 4350 1741 4403 Ρι
