3159 4984
1043 454 1130 509 VI.
1189 454 1479 510 Contra.
1534 456 1904 510 Faustum
1960 456 2092 510 lib.
2146 457 2261 511 XV.
2659 460 2792 523 423

493 653 600 734 qui
650 672 717 717 se
764 652 1161 734 paracletum
1209 651 1382 729 dicit,
1430 656 1507 717 ut
1552 654 1772 718 sancto
1820 653 2075 718 nomine
2133 656 2198 717 te
2256 652 2542 718 seducat.
2613 653 2791 737 quin-

496 760 865 843 quagesimo
916 758 1083 823 enim
1133 759 1233 823 die
1279 762 1427 842 post
1473 760 1711 842 pascha
1759 760 1942 823 datae
1993 762 2143 824 sunt
2187 760 2335 824 illae
2382 761 2678 838 tabulae3
2729 763 2795 825 et

496 866 1021 949 quinquagesimo
1082 865 1182 929 die
1238 868 1387 948 post
1439 867 1804 949 passionem
1863 868 2082 950 sponsi
2137 866 2256 945 tui,
2307 886 2496 949 quam
2555 867 2796 949 pascha

494 972 651 1037 illud
718 973 1203 1057 praefigurabat,
1271 973 1459 1038 datus
1529 977 1630 1039 est
1695 974 1937 1057 digitus
2001 973 2121 1050 dei,
2200 974 2462 1056 spiritus
2530 976 2792 1038 sanctus

430 1099 463 1137 5
494 1080 847 1162 promissus
914 1080 1291 1162 paracletus.
1359 1081 1492 1144 noli
1558 1100 1708 1165 ergo
1773 1080 2111 1145 formidare
2179 1080 2597 1165 diptychium,
2667 1100 2790 1163 quo

492 1187 610 1250 tibi
658 1187 1119 1269 scripta'olim,
1170 1207 1331 1269 quae
1380 1206 1549 1253 nunc
1597 1207 1994 1271 agnosceres,
2035 1188 2490 1264 mittebantur3
2539 1190 2790 1251 tantum

493 1294 623 1357 noli
690 1313 831 1358 esse
898 1294 1018 1359 sub
1083 1295 1248 1379 lege,
1318 1314 1395 1359 ne
1460 1296 1640 1358 illam
1696 1296 1926 1359 timore
1982 1314 2106 1359 non
2163 1295 2430 1377 inpleas,
2499 1294 2611 1359 sed
2671 1295 2789 1359 sub

494 1401 716 1483 gratia,
766 1403 841 1464 ut
888 1402 974 1465 sit
1018 1402 1081 1465 in
1138 1404 1203 1465 te
1262 1401 1590 1483 plenitudo
1647 1402 1814 1486 legis
1873 1403 2123 1466 caritas.
2190 1420 2315 1466 non
2382 1402 2548 1467 enim
2619 1401 2792 1465 aliud
2847 1409 2851 1413 '

406 1557 411 1561 .
494 1507 895 1589 diptychium
940 1508 1315 1571 recensebat
1362 1509 1582 1590 sponsi
1630 1509 1728 1572 tui
1777 1508 2041 1583 amicuS,
2085 1527 2231 1571 cum
2283 1507 2558 1572 diceret:
2627 1526 2789 1571 nam

408 1632 461 1669 10
495 1634 633 1678 non
684 1614 1189 1684 adulterabis,
1249 1636 1387 1680 non
1448 1616 1944 1681 homicidium
2003 1615 2275 1682 facies.
2335 1634 2476 1679 non
2526 1634 2791 1681 0011011-

491 1721 745 1803 pisces
797 1723 870 1786 et
917 1722 1217 1804 siquod
1258 1725 1377 1787 est
1414 1723 1624 1786 aliud
1663 1722 2114 1813 mandatum,
2154 1722 2228 1785 in
2267 1722 2406 1786 hoc
2446 1740 2790 1787 sermone

491 1828 1083 1909 recapitulatur:
1155 1830 1435 1913 diliges
1502 1831 1916 1912 proximum
1983 1834 2197 1893 tuum
2263 1832 2646 1911 tamquam
2713 1832 2787 1893 te

492 1933 763 2017 ipsum.
834 1935 1154 1999 dilectio
1202 1936 1521 2019 proximi
1578 1937 1855 2001 malum
1913 1957 2054 2002 non
2116 1940 2488 2021 operatur.
2556 1936 2791 2018 pleni-

490 2040 674 2106 tudo
744 2037 995 2105 aut'em
1060 2044 1260 2127 legis
1329 2046 1445 2108 est
1511 2044 1818 2111 caritas.
1884 2045 1976 2109 ibi
2042 2045 2208 2109 enim
2278 2047 2430 2109 sunt
2497 2043 2622 2108 duo
2679 2044 2793 2106 illa

402 2164 455 2201 15
488 2153 847 2232 praecepta,
882 2150 1241 2216 dilectionis
1282 2151 1384 2215 dei
1424 2154 1488 2215 et
1526 2150 1887 2217 dilectionis
1925 2152 2214 2235 proximi,
2246 2152 2518 2235 singulis
2549 2150 2790 2214 tabulis

490 2256 818 2338 explicata.
886 2257 1009 2321 hoc
1058 2277 1207 2342 ergo
1258 2258 1656 2342 diptychium
1715 2258 1826 2323 1110
1881 2258 2230 2343 praemisit,
2290 2259 2401 2341 qui
2458 2258 2578 2321 tibi
2632 2257 2791 2321 haec

491 2362 615 2428 duo
653 2368 992 2447 praecepta
1027 2365 1293 2429 ueniens
1333 2366 1831 2442 commendauit,
1869 2367 1936 2430 in
1975 2366 2208 2447 quibus
2246 2369 2385 2429 tota
2418 2367 2518 2429 lex
2555 2363 2792 2447 pendet

490 2472 554 2533 et
600 2470 966 2553 prophetae.
1026 2471 1088 2534 in
1134 2472 1340 2554 primo
1387 2475 1727 2555 praecepto
1779 2476 1880 2537 est
1928 2473 2190 2537 castitas
2239 2472 2604 2554 nuptiarum
2650 2473 2790 2533 tua-

486 2596 649 2653 rum,
690 2578 753 2640 in
794 2578 1072 2642 secundo
1113 2579 1329 2643 unitas
1378 2580 1810 2644 membrorum
1867 2581 2162 2644 tuorum:
2227 2578 2342 2643 illo
2383 2577 2786 2659 amplecteris

392 2694 453 2733 ²0
491 2683 917 2757 diuinitatem,
984 2684 1111 2748 isto
1171 2703 1519 2768 congregas
1579 2686 1975 2750 societatem.
2047 2702 2208 2765 quae
2258 2683 2382 2747 duo
2449 2684 2790 2765 praecepta

488 2790 629 2872 ipsa
676 2794 829 2855 sunt
875 2790 1133 2855 decem:
1202 2791 1325 2854 tria
1383 2792 1705 2873 pertinent
1753 2792 1830 2855 ad
1879 2791 2068 2855 deum
2119 2794 2184 2855 et
2231 2792 2474 2872 septem
2523 2790 2604 2852 ad
2649 2808 2786 2871 pro-

488 2896 744 2961 ximum.
816 2917 851 2962 o
899 2898 1203 2981 pudicum
1255 2899 1672 2981 diptychium,
1732 2899 1794 2961 in
1854 2918 1978 2981 quo
2026 2903 2244 2961 uetere
2291 2896 2495 2979 figura
2536 2895 2650 2959 ille
2699 2894 2786 2957 di-

488 3003 688 3069 lector
746 3007 810 3068 et
864 3004 1139 3069 dilectus
1194 3007 1350 3070 tuus
1407 3006 1898 3089 praenuntiabat
1960 3005 2080 3068 tibi
2147 3004 2466 3068 canticum
2523 3020 2785 3074 nouum,

484 3110 547 3172 in
617 3110 1008 3176 decachordo
1074 3111 1381 3193 psalterio
1439 3114 1770 3193 tamquam
1824 3130 1936 3193 pro
1990 3098 2057 3173 te
2114 3109 2304 3173 etiam
2353 3127 2584 3173 neruos
2634 3126 2785 3172 suos

392 3228 449 3266 ε’)
488 3219 860 3281 extensurus
924 3218 988 3281 in
1055 3218 1253 3301 ligno,
1319 3220 1396 3281 ut
1460 3217 1537 3281 de
1604 3220 1866 3299 peccato
1935 3216 2265 3279 damnaret
2326 3216 2664 3298 peccatum
2719 3213 2784 3277 in

488 3342 671 3387 carne
712 3326 776 3388 et
810 3324 1061 3388 iustitia
1099 3325 1261 3408 legis
1298 3325 1648 3407 inpleretur
1683 3324 1747 3387 in
1787 3326 1871 3387 te.
1915 3343 1948 3387 o
1990 3321 2388 3405 diptychium
2431 3321 2784 3405 coniugale,

488 3430 657 3511 quod
704 3450 825 3494 non
877 3432 1011 3496 sine
1062 3450 1255 3495 causa
1303 3430 1439 3495 odit
1486 3430 1810 3494 adultera!

660 3606 693 3655 2
732 3602 799 3657 cf.
837 3604 931 3658 Ex.
970 3604 1038 3658 20
1181 3604 1214 3658 5
1256 3604 1321 3661 cf.
1360 3604 1478 3660 Act.
1519 3606 1567 3667 2,
1609 3607 1640 3659 1
1680 3622 1798 3675 sqq.
1945 3605 1978 3658 9
2015 3604 2168 3658 Rom.
2211 3602 2293 3668 13,
2331 3604 2364 3657 9
2405 3620 2484 3672 sq.
2611 3601 2676 3655 18
2716 3601 2784 3656 cf.

482 3692 677 3746 Matth.
714 3693 799 3757 22,
839 3693 905 3745 37
946 3708 1062 3762 sqq.
1172 3692 1243 3745 24
1280 3692 1345 3747 cf.
1384 3693 1472 3747 Ps.
1512 3694 1600 3758 91,
1638 3695 1673 3746 4
1783 3694 1852 3746 26
1891 3691 1956 3746 cf.
1994 3692 2147 3745 Rom.
2187 3691 2238 3757 8,
2278 3691 2311 3745 3
2351 3686 2430 3763 sq.

555 3801 585 3852 1
615 3800 935 3869 pal-aemam
954 3798 1121 3852 L¹M¹
1148 3800 1470 3869 paraclitum
1494 3799 1648 3854 GSO
1742 3800 1773 3853 3
1805 3802 1986 3870 quam]
2017 3798 2161 3870 quod
2180 3798 2212 3852 b
2324 3798 2358 3850 5
2383 3799 2675 3869 paraclitus
2699 3796 2792 3853 OS

481 3888 774 3957 parac18ms
812 3888 887 3941 L¹
1032 3888 1330 3958 dypticium
1377 3889 1430 3942 L
1477 3889 1718 3959 dipticeu
1772 3888 1817 3943 0
1861 3888 2120 3959 dyptyciss
2165 3890 2230 3943 M
2414 3887 2478 3941 11
2519 3887 2782 3957 sermone]

480 3976 645 4030 uerbo
681 3975 746 4030 0¹
858 3977 929 4030 14
956 3980 1160 4047 autem]
1190 3994 1317 4047 ergo
1348 3978 1396 4032 S
1430 3978 1573 4031 enim
1602 3978 1728 4032 S²G
1876 3981 1962 4032 est
1988 3994 2090 4032 om.
2118 3976 2228 4030 LP
2337 3976 2402 4029 15
2433 3975 2713 4030 diletionis
2733 3975 2786 4029 L

485 4099 548 4153 18
604 4049 818 4154 tissrum
872 4049 1184 4171 nffptiarum
1236 4100 1283 4155 0
1468 4100 1536 4154 22
1593 4100 1671 4171 (et
1726 4100 1818 4167 26)
1874 4100 2170 4171 dypticium
2227 4098 2382 4153 LSG
2436 4098 2680 4168 typticeu
2742 4097 2791 4152 0

480 4190 681 4242 ueteris
699 4188 869 4260 figure
890 4191 921 4243 b
1024 4191 1091 4243 ‘23
1110 4190 1531 4259 praenuntiauat
1550 4190 1623 4242 M
1627 4196 1638 4227 ¹
1658 4190 2082 4261 prenuntiauitb
2173 4189 2243 4243 24
2263 4188 2556 4243 decacordo
2578 4186 2782 4241 LGSG'

478 4276 810 4332 decachordo
852 4279 909 4345 <h
946 4296 989 4333 s.
1031 4280 1088 4343 Ζ.)
1128 4280 1195 4331 M
1374 4280 1443 4330 25
1490 4278 1556 4331 de
1604 4296 1706 4333 om.
1745 4278 1798 4330 L
1977 4282 2256 4349 peccatum
2297 4278 2575 4333 damnaret
2613 4276 2784 4332 SGM

476 4366 546 4420 26
580 4366 934 4437 'implerem-ur
973 4372 1029 4433 (n
1069 4368 1229 4438 erae.)
1276 4366 1323 4422 G
