3159 4984
299 1067 328 1108 5

279 1598 338 1637 10

283 2137 336 2176 16

879 423 969 476 v1.
1027 421 1318 476 Contra
1377 423 1745 476 Faustum
1800 423 1928 476 lib.
1986 423 2159 476 XXII.
2549 427 2674 490 697

372 620 583 686 solum
630 616 1042 701 propheticiS,
1093 635 1319 681 uerum
1368 617 1562 680 etiam
1612 617 1982 701 apostolicis
2038 617 2275 682 litteris
2316 637 2433 682 nec
2474 617 2683 683 solum

375 725 769 810 quibuslibet
812 723 1069 800 litteris,
1128 743 1354 788 uerum
1403 724 1599 788 etiam
1644 724 1834 788 rebus
1881 723 2168 807 impletis
2218 727 2285 789 et
2334 724 2687 788 clarissima

371 835 518 899 luce
565 831 840 916 perfusis
889 830 1423 912 inpudentissime
1465 830 1863 896 contradicit.
1914 830 2153 912 aliquid
2203 849 2353 913 ergo
2392 829 2682 894 fortassis

376 939 802 1025 diligentioris
841 937 1205 1020 requirebat
1239 937 1614 1002 intentionis
1651 936 1849 1002 Iudae
1884 937 2149 1015 factum,
2190 938 2266 1000 ut
2300 937 2457 1000 haec
2493 935 2683 1000 forni—

373 1049 560 1126 caria,
623 1065 784 1129 quae
843 1043 1164 1128 significat
1220 1043 1558 1108 ecclesiam
1618 1043 1693 1107 de
1754 1042 2092 1127 gentilium
2153 1042 2679 1125 superstitionum

373 1153 835 1240 prostitutione
882 1151 1220 1216 collectam
1264 1151 1330 1214 in
1379 1149 1605 1213 habitu
1644 1149 1932 1214 mulieris
1968 1149 2168 1227 illius,
2211 1168 2374 1231 quae
2412 1149 2686 1213 Thamar

376 1262 696 1346 appellata
741 1261 862 1334 est,
909 1259 1132 1340 posset
1178 1257 1478 1340 agnosci3
1537 1256 1643 1320 hic
1701 1257 1916 1320 autem
1974 1274 2119 1320 eum
2176 1254 2315 1338 ipsa
2372 1254 2683 1338 scriptura

378 1389 446 1434 se
506 1345 762 1451 aperiat<
805 1384 1078 1447 cumque
1138 1365 1571 1447 apostolorum
1640 1363 2136 1429 consonantibus
2210 1361 2445 1427 litteris
2518 1362 2681 1426 inlu-

377 1477 630 1554 stretur,
699 1472 852 1556 quid
917 1471 1022 1536 hic
1085 1470 1358 1536 ulterius
1422 1470 1813 1534 inmoramur
1875 1487 1949 1534 ac
1994 1488 2119 1534 non
2166 1469 2295 1533 iam
2361 1468 2679 1546 uidemus,

377 1582 544 1664 quod
591 1582 793 1645 restat
839 1579 916 1644 de
961 1578 1203 1643 famulo
1252 1577 1354 1642 dei
1389 1577 1634 1661 Moyse,
1674 1576 1829 1659 quid
1875 1577 2065 1641 etiam
2110 1577 2253 1660 ipsa
2298 1575 2679 1660 significent,

377 1707 535 1772 quae
582 1687 861 1752 Faustus
911 1686 1197 1752 obiecit?

465 1797 571 1862 90.
624 1793 809 1873 Quod
860 1794 1028 1858 enim
1059 1795 1320 1858 fratrem
1358 1793 1701 1858 defendens
1750 1792 1987 1858 occidit
2019 1791 2433 1877 Aegyptium,
2474 1791 2678 1857 cuiuis

375 1902 678 1966 facillime
727 1901 1006 1968 occurrit
1051 1901 1430 1966 iniuriosum
1478 1900 1663 1966 nobis
1708 1900 1773 1963 in
1820 1899 1941 1963 hac
1987 1898 2491 1983 peregrinatione
2551 1897 2679 1960 dia-

375 2009 596 2073 bolum
644 2027 680 2072 a
728 2008 982 2073 domino
1035 2007 1287 2072 Christo
1336 2006 1521 2072 nobis
1570 2006 1850 2072 defensis
1900 2005 2121 2072 occidi.
2192 2005 2360 2088 quod
2414 2023 2568 2070 uero
2613 2004 2677 2067 in

380 2133 565 2180 arena
631 2115 844 2182 obruit
909 2115 1384 2198 interemptum,
1448 2113 1863 2178 manifestum
1928 2117 2030 2178 est
2084 2113 2224 2178 eius
2280 2113 2406 2176 iam
2460 2111 2679 2177 morti-

381 2222 586 2286 cinam
632 2222 1058 2305 praesentiam
1104 2222 1169 2286 in
1220 2222 1311 2287 eis
1347 2222 1568 2299 latere,
1611 2221 1719 2303 qui
1756 2241 1881 2287 non
1916 2220 2157 2285 habent
2193 2220 2421 2285 stabile
2458 2219 2679 2284 funda-

374 2332 683 2418 mentum.
751 2329 918 2393 unde
978 2329 1315 2394 ecclesiam
1373 2329 1670 2394 dominus
1727 2348 1920 2412 super
1970 2331 2216 2410 petram
2274 2327 2569 2392 aedificat
2614 2330 2680 2392 et

378 2456 508 2514 eoS,
569 2436 677 2518 qui
735 2435 1004 2500 audiunt
1057 2437 1324 2500 uerbum
1383 2436 1521 2501 eius
1580 2437 1646 2500 et
1699 2435 1961 2512 faciunt,
2029 2437 2331 2519 conparat
2380 2435 2677 2519 prudenti

375 2542 536 2620 uiro,
585 2542 696 2624 qui
744 2543 1037 2607 aedificat
1083 2543 1342 2608 domum
1392 2562 1574 2607 suam
1624 2561 1816 2626 super
1856 2546 2121 2627 petram,
2180 2562 2257 2607 ne
2311 2542 2675 2626 temptatio·

378 2649 565 2714 nibus
635 2650 821 2714 cedat
886 2653 951 2714 et
1016 2654 1304 2726 corruat3
1382 2650 1530 2715 illos
1598 2651 1851 2729 autem,
1921 2649 2029 2732 qui
2094 2649 2362 2713 audiunt
2426 2651 2489 2712 et
2552 2667 2675 2713 non

375 2755 640 2836 faciunt,
691 2759 992 2840 conparat
1039 2757 1239 2821 stulto
1289 2756 1647 2821 aedificanti
1694 2776 1884 2838 super
1930 2775 2201 2834 arenam,
2243 2755 2428 2820 cuius
2475 2758 2676 2838 temp-

375 2865 511 2927 tata
558 2863 786 2929 domus
832 2863 1016 2928 ruina
1059 2863 1136 2927 fit
1180 2883 1428 2948 magna.

469 2970 573 3032 91.
645 2965 830 3046 Quod
879 2988 1030 3033 uero
1081 2969 1426 3051 expoliauit
1469 2969 1822 3052 Aegyptios
1868 2969 2050 3034 iussu
2099 2968 2342 3032 domini
2397 2967 2500 3031 dei
2554 2968 2676 3046 sui,

379 3075 538 3139 nihil
603 3075 728 3140 nisi
791 3075 1148 3140 iustissime
1211 3076 1520 3152 iubentiS,
1590 3076 1740 3158 quid
1806 3076 2353 3160 praefigurauerit,
2421 3075 2548 3138 iam
2612 3075 2677 3138 in

382 3182 762 3264 quibusdam
835 3182 1016 3247 libris
1040 3233 1054 3260 ,
1133 3202 1292 3264 quos
1359 3183 1436 3249 de
1513 3183 1799 3248 doctrina
1874 3182 2217 3248 christiana
2288 3181 2678 3266 praenotaui,

382 3290 691 3369 quantum
737 3287 897 3351 mihi
945 3291 1099 3352 tunc
1147 3289 1442 3366 occurrit,
1500 3308 1602 3353 me
1657 3290 1867 3354 recolo
1922 3289 2238 3372 posuisse,
2301 3287 2471 3370 quod
2528 3307 2677 3353 auro

377 3398 443 3458 et
507 3397 768 3478 argento
829 3396 892 3459 et
944 3397 1130 3460 ueste
1189 3395 1649 3480 Aegyptiorum
1716 3395 2109 3479 significatae
2175 3395 2305 3460 sint
2367 3394 2679 3477 quaedam

557 3645 623 3697 15
662 3645 726 3697 cf.
763 3645 860 3698 Ex.
897 3643 949 3710 2,
986 3643 1056 3696 12
1203 3645 1272 3698 22
1311 3645 1376 3701 ef.
1415 3644 1611 3699 Matth.
1660 3646 1709 3710 7,
1750 3645 1821 3698 24
1857 3661 1974 3715 sqq.
2122 3645 2192 3699 23
2240 3645 2307 3699 cf.
2350 3645 2443 3699 Ex.
2486 3645 2536 3710 3,
2576 3645 2679 3710 223
2714 3671 2719 3674 ·

379 3731 460 3794 11,
501 3731 568 3795 23
611 3732 697 3794 12,
735 3731 804 3786 35
841 3747 921 3802 sq.
1031 3732 1102 3786 25
1141 3731 1208 3786 de
1248 3731 1414 3787 doctr.
1454 3733 1561 3787 chr.
1600 3733 1651 3798 2,
1690 3733 1760 3787 40

448 3899 480 3952 3
538 3899 1014 3970 inprudentissime
1070 3900 1170 3954 SG
1369 3899 1539 3970 aliqui
1604 3903 1647 3956 C
1790 3903 1826 3956 4
1861 3901 2172 3972 requirebat
2228 3901 2595 3972 diligentioris
2640 3902 2688 3956 (J

380 3989 412 4041 5
453 3992 531 4056 (et
569 3989 657 4057 17)
697 3989 991 4042 aecclesiam
1036 3989 1082 4042 0
1224 3991 1256 4042 6
1295 3991 1738 4060 prostitutionem
1765 3990 1819 4044 L
1954 3993 1987 4044 7
2026 3989 2229 4061 posset]
2270 4007 2379 4044 non
2408 3993 2594 4060 posset
2622 3991 2679 4056 S,

384 4079 510 4142 (non
548 4093 593 4130 8.
633 4078 692 4146 l.)
728 4077 780 4132 G
815 4078 992 4148 poscit
1029 4077 1062 4130 b
1153 4079 1188 4132 9
1227 4079 1570 4133 immoramur
1610 4083 1751 4148 (mur
1784 4095 1828 4133 ε.
1868 4079 1905 4133 l.
1943 4097 1981 4132 a
2016 4095 2085 4136 m.
2123 4079 2171 4148 1)
2203 4078 2250 4134 S
2355 4079 2425 4133 12
2454 4079 2606 4133 cuius
2640 4080 2688 4134 0

381 4166 448 4219 16
484 4167 812 4236 presentiam
857 4166 906 4220 0
1105 4167 1356 4222 stabilem
1395 4169 1446 4223 L
1659 4169 1725 4224 19
1763 4185 1917 4223 suam
1954 4185 2055 4224 om.
2096 4169 2128 4222 b
2337 4169 2407 4224 20
2448 4169 2605 4238 cedat
2643 4170 2687 4223 Ο

379 4255 448 4308 22
485 4254 644 4310 domo
684 4254 731 4310 S
764 4255 953 4321 domos
992 4257 1044 4321 (o
1083 4271 1221 4310 corr.
1261 4273 1327 4310 ex
1365 4261 1420 4324 u)
1467 4257 1520 4311 G
1684 4257 1753 4311 23
1792 4258 1877 4312 sui
1914 4275 2017 4313 om.
2064 4256 2111 4312 G
2279 4259 2349 4312 24
2386 4257 2681 4328 prefigura-

380 4345 522 4398 uerit
549 4343 594 4396 {J
698 4344 770 4398 25
805 4344 1092 4414 prenotaui
1126 4343 1174 4398 0
1197 4346 1423 4416 „notaui
1453 4345 1528 4398 L¹
1640 4345 1709 4400 27
1730 4363 1824 4414 pr.
1854 4351 1909 4400 et
1936 4363 2040 4401 om.
2070 4347 2178 4400 LO
2309 4345 2611 4417 significate
2631 4346 2685 4400 L
