3159 4984
474 450 610 511 270
1178 445 1230 498 S.
1287 444 1559 498 Aureli
1617 442 2057 513 Augustini

477 662 618 707 rum
669 642 996 706 homiuum
1046 661 1169 705 non
1215 642 1464 703 tantum
1512 639 1751 723 lingua,
1800 637 1911 703 sed
1952 642 2016 702 et
2052 639 2188 702 uita
2222 638 2590 722 prophetica
2624 639 2767 703 fuit.

466 748 750 813 carnalis
800 751 1013 811 autem
1061 746 1336 829 populus
1383 745 1716 828 promissis
1764 744 1935 809 uitae
1981 744 2331 827 praesentis
2382 745 2767 811 inhaerebat.

481 854 557 919 de
606 875 730 937 quo
769 857 981 918 tamen
1024 852 1212 917 etiam
1255 852 1489 935 populo
1529 850 1943 915 nihilominus
1982 850 2501 935 significabantur
2534 852 2767 917 futura.

569 961 694 1027 Sed
755 980 872 1025 uos
938 960 1066 1024 ista
1132 978 1254 1025 non
1319 956 1717 1041 intellegitis,
1786 958 1953 1039 quia,
2023 957 2193 1022 sicut
2252 959 2561 1042 propheta
2616 959 2773 1024 dixit

485 1068 676 1145 „nisi
742 1065 1264 1134 credideritis,
1332 1083 1474 1128 non
1541 1063 2088 1146 intellegetis.“
2170 1083 2296 1129 non
2369 1065 2535 1129 enim
2612 1064 2768 1129 estis
2820 1084 2845 1123 ⁵

479 1176 710 1239 eruditi
775 1173 838 1238 in
905 1192 1097 1257 regno
1166 1172 1504 1239 caelorum.
1571 1170 1635 1233 id
1703 1173 1803 1234 est
1864 1170 1927 1233 in
1995 1171 2267 1235 ecclesia
2322 1170 2558 1236 Christi
2620 1190 2771 1235 uera

468 1282 828 1355 catholica3
882 1279 1052 1362 quod
1100 1280 1154 1343 si
1203 1278 1450 1351 essetiS,
1494 1278 1570 1342 de
1619 1276 1861 1341 diuitiis
1910 1282 2267 1341 sanctarum
2316 1278 2768 1361 scripturarum

475 1408 600 1453 non
651 1388 858 1453 solum
907 1406 1074 1451 noua
1120 1386 1232 1450 sed
1283 1386 1474 1449 etiam
1521 1386 1745 1448 uetera
1787 1384 2167 1467 proferretis.
2216 1385 2353 1467 ipse
2394 1386 2623 1468 quippe
2664 1386 2769 1450 do-

469 1495 687 1559 minus
737 1493 928 1558 dicit:
988 1495 1392 1575 propterea
1439 1491 1677 1555 omnis
1728 1492 1975 1555 scriba
2023 1490 2371 1583 eruditus
2418 1492 2490 1555 in
2538 1512 2767 1576 regno

477 1603 861 1666 caelorum
909 1599 1195 1665 similis
1245 1600 1362 1663 est
1406 1597 1691 1663 homini
1745 1597 2289 1680 patrifamilias
2345 1599 2760 1680 proferenti
2798 1619 2846 1656 ιο

466 1709 562 1773 de
610 1708 974 1772 thesauro
1033 1726 1167 1771 suo
1225 1723 1417 1770 noua
1473 1708 1548 1769 et
1600 1708 1882 1771 uetera.
1950 1707 2015 1768 et
2059 1704 2199 1769 ideo
2250 1705 2402 1769 dum
2450 1705 2587 1770 sola
2630 1725 2769 1787 pro-

473 1816 675 1880 missa
713 1814 814 1878 dei
851 1832 1020 1878 noua
1055 1815 1268 1877 tenere
1305 1832 1422 1877 uos
1463 1812 1872 1887 arbitramini,
1912 1812 2305 1877 remansistis
2341 1812 2405 1876 in
2444 1814 2769 1877 uetustate

475 1921 683 1986 carnis
716 1924 780 1985 et
808 1921 1160 1986 nouitatem
1191 1919 1527 1984 induxistis
1560 1920 1806 1985 erroris,
1842 1919 1918 1983 de
1958 1937 2082 2001 qua
2118 1920 2401 1984 nouitate
2441 1919 2769 2002 apostolus

363 2096 368 2099 .
478 2029 674 2095 dicit:
723 2028 1081 2110 profanas
1131 2030 1378 2091 autem
1427 2026 1831 2091 uerborum
1871 2026 2259 2091 nouitates
2300 2026 2534 2101 euita;
2586 2027 2759 2089 mul-

473 2142 630 2201 tum
693 2136 885 2200 enim
943 2134 1364 2217 proficiunt
1423 2133 1508 2197 ad
1565 2134 2035 2216 inpietatem,
2094 2136 2167 2197 et
2222 2152 2461 2198 sermo
2512 2152 2763 2197 eorum
2802 2150 2850 2187 15

474 2243 689 2307 sicut
765 2260 1032 2305 cancer
1105 2242 1362 2324 serpit.
1442 2259 1522 2304 ex
1599 2240 1872 2323 quibus
1950 2242 2067 2304 est
2140 2242 2615 2325 Hymenaeus
2693 2245 2762 2304 et

473 2349 852 2417 Philetus,
915 2348 1042 2429 qui
1100 2348 1298 2412 circa
1352 2348 1761 2413 ueritatem
1818 2348 2360 2412 aberrauerunt
2414 2347 2760 2414 dieentes

474 2454 1122 2519 resurrectionem
1169 2455 1310 2519 iam
1359 2456 1635 2519 factam
1684 2474 1871 2531 esse,
1922 2457 1995 2518 et
2032 2454 2262 2518 fidem
2302 2456 2761 2536 quorundam

473 2563 1039 2627 subuerterunt.
1092 2581 1162 2625 ex
1211 2581 1336 2643 qua
1381 2580 1544 2625 uena
1588 2561 1889 2625 falsitatis
1927 2580 2044 2625 uos
2083 2580 2337 2625 manare
2378 2562 2764 2646 cognoscite.

464 2668 584 2750 =qui
641 2668 852 2733 dicitis
908 2687 1075 2733 nunc
1133 2688 1272 2732 esse
1328 2668 1851 2733 resurrectionem
1908 2668 2348 2733 tantummodo
2416 2669 2765 2732 animarum
2797 2682 2849 2719 ²⁰

470 2794 585 2859 >per
639 2774 1174 2858 praedicationem
1230 2774 1540 2849 ueritatis,
1602 2794 1935 2857 corporum
1991 2778 2225 2850 autem,
2285 2795 2472 2857 quam
2525 2774 2765 2858 praedi-

473 2885 788 2946 cauerunt
851 2882 1147 2965 apostoli.
1215 2880 1491 2945 suturam
1557 2881 1827 2963 negatis.
1905 2881 2057 2963 quid
2123 2884 2335 2945 autem
2400 2881 2770 2965 spiritaliter

475 2988 830 3053 secundum
878 2988 1198 3054 hominem
1237 2989 1619 3061 interiorem,
1661 2988 1769 3069 qui
1806 2991 2148 3052 renouatur
2180 2989 2245 3052 in
2285 2988 2605 3072 agnitione
2643 2985 2764 3061 dei.

473 3094 746 3177 potestis
786 3093 1087 3177 cogitare,
1130 3113 1275 3157 eum
1312 3114 1423 3176 per
1468 3095 1859 3158 uetustatem
1908 3093 2109 3157 carnis
2158 3096 2223 3157 et
2264 3112 2377 3177 per
2422 3093 2763 3158 carnalium

474 3219 688 3263 rerum
735 3198 1065 3283 imagines,
1117 3200 1347 3281 quibus
1394 3203 1572 3264 totus
1622 3218 1789 3263 error
1836 3202 2051 3263 uester
2084 3198 2460 3274 inuoluitur,
2497 3218 2598 3263 res
2637 3218 2766 3263 cor·
2798 3212 2850 3252 2⁶

475 3324 700 3389 porcas
766 3324 890 3369 non
957 3306 1362 3387 possessione
1427 3305 1721 3381 teneatis,
1790 3304 1901 3369 sed
1955 3304 2397 3387 phantasmate
2454 3304 2763 3387 sapiatis?

473 3413 708 3473 terram
755 3411 921 3474 enim
972 3411 1508 3477 chananaeorum.
1556 3428 1715 3492 quae
1760 3410 2097 3475 manifesta
2144 3413 2278 3474 erat
2324 3413 2389 3474 et
2431 3410 2765 3475 manifeste

621 3604 654 3655 5
682 3602 771 3656 Es.
803 3603 852 3667 7,
883 3604 916 3657 9
1008 3606 1040 3657 9
1066 3604 1264 3657 Matth.
1296 3604 1377 3667 13,
1409 3604 1476 3655 52
1573 3604 1639 3655 14
1668 3602 1719 3654 Π
1749 3601 1885 3655 Tim.
1915 3603 1963 3665 2,
1990 3602 2054 3654 16
2084 3618 2200 3671 sqq.
2277 3601 2345 3654 23
2375 3600 2439 3653 cf.
2471 3598 2586 3655 Col.
2616 3600 2667 3665 3,
2700 3600 2765 3653 10

553 3727 577 3778 1
619 3725 907 3797 prophetia
947 3726 987 3789 (i
1023 3743 1065 3780 s.
1107 3728 1163 3797 Ζ.)
1209 3727 1257 3781 G
1303 3726 1510 3796 profuit
1556 3726 1619 3780 S¹
1802 3726 1833 3777 2
1882 3724 1993 3779 uite
2039 3724 2308 3795 presentis
2364 3723 2412 3777 G
2552 3723 2763 3777 inhere-

2486 3796 2525 3827 dl

473 3840 574 3895 bat
620 3841 824 3897 LCSG
1003 3844 1036 3895 3
1073 3842 1462 3897 nihilhominus
1508 3841 1554 3895 G
1732 3842 1763 3894 5
1819 3840 2141 3910 intellegitis
2197 3838 2249 3893 L
2430 3840 2461 3890 7
2518 3839 2667 3893 uitiis
2722 3838 2769 3893 S

476 3930 509 3983 8
547 3930 832 4000 proferetis
868 3931 942 3983 L¹
1095 3932 1154 3983 11
1197 3930 1450 3983 thesauro
1488 3930 1563 3983 L¹
1677 3932 1743 3984 16
1781 3930 2077 3999 hymeneus
2114 3928 2335 3983 LSMG
2373 3928 2687 3998 hymeneius
2723 3928 2770 3981 G

479 4018 544 4071 17
582 4018 783 4089 fyletus
840 4020 938 4074 SG
993 4020 1174 4074 filetus
1228 4019 1354 4071 LM
1504 4020 1566 4073 19
1625 4018 1951 4072 subuertunt
1989 4018 2095 4071 LC'
2268 4034 2483 4071 manere
2540 4016 2759 4070 L0¹M²

463 4108 539 4161 ·21
605 4108 1033 4178 predicationem
1099 4108 1183 4178 (ca
1241 4124 1284 4161 8.
1343 4108 1411 4175 Ζ.)
1471 4106 1517 4161 S
1586 4106 1993 4177 predititionem
2064 4108 2145 4161 G¹
2220 4106 2643 4177 predicationem
2719 4106 2767 4159 C

473 4196 724 4251 ueritatis
761 4197 839 4267 (es
879 4198 935 4250 in
971 4198 1018 4251 is
1057 4196 1214 4267 corr.)
1259 4196 1306 4250 0
1435 4194 1508 4249 24
1546 4196 1836 4266 potestatis
1874 4195 1927 4248 L
2062 4196 2129 4249 25
2170 4195 2316 4266 quib'
2358 4195 2432 4267 (b’
2469 4210 2512 4249 s.
2552 4196 2588 4248 l.
2628 4194 2757 4247 add.

473 4300 541 4338 m.
581 4285 640 4354 2)
679 4284 731 4338 L
875 4286 944 4338 26
981 4284 1230 4356 possione
1269 4284 1318 4339 S
1415 4350 1422 4357 ,
1463 4284 1787 4338 fantasmate
1827 4283 1979 4339 LSG
2122 4284 2189 4337 27
2229 4285 2619 4338 chananeorum
2660 4282 2765 4335 LC

467 4372 868 4427 chananeorum
908 4373 964 4432 (h
1000 4390 1044 4427 a.
1085 4374 1141 4440 l.)
1181 4372 1249 4425 M
