3159 4984
438 465 571 526 510
1126 464 1178 515 S.
1238 462 1513 515 Aureli
1570 464 2012 533 Augustini

432 678 545 741 per
611 658 955 722 aduentum
1028 658 1263 723 Christi
1325 658 1747 741 inplerentur.
1816 659 2022 723 adbuc
2090 660 2596 724 obseruarentur.
2675 660 2742 722 in

434 766 681 828 nullum
732 767 945 829 autem
994 784 1223 829 nomen
1272 765 1621 848 religionis,
1674 784 1789 829 seu
1835 785 2081 829 uerum.
2133 784 2246 829 seu
2295 765 2549 830 falsum.
2600 784 2741 830 coa-

434 872 637 951 gulari
686 871 977 935 homines
1036 874 1327 954 possunt,
1386 872 1509 937 nisi
1567 872 1778 954 aliquo
1837 872 2314 955 signaculorum
2371 873 2479 935 uel
2536 891 2742 936 sacra-

432 980 789 1043 mentorum
832 978 1187 1043 uisibilium
1226 979 1543 1044 consortio
1585 979 2024 1063 conligentur:
2075 998 2346 1060 quorum
2385 998 2740 1043 sacramen-

432 1088 643 1148 torum
702 1084 801 1148 uis
860 1084 1359 1149 inenarrabiliter
1412 1086 1589 1149 ualet
1643 1086 1990 1168 plurimum
2051 1089 2115 1149 et
2171 1086 2316 1149 ideo
2378 1088 2742 1167 contempta
2797 1106 2838 1143 ε.

434 1190 781 1273 sacrilegos
826 1192 997 1257 facit.
1046 1192 1219 1273 inpie
1260 1192 1492 1275 quippe
1534 1193 1982 1259 contemnitur.
2026 1193 2161 1256 sine
2203 1211 2326 1273 qua
2363 1211 2486 1255 non
2525 1197 2740 1274 potest

432 1297 650 1379 perfici
698 1298 922 1379 pietas.

525 1406 627 1467 12.
696 1405 1148 1469 Uerumtamen
1210 1405 1359 1486 quia
1413 1405 1698 1469 uisibilia
1756 1410 2150 1469 sacramenta
2213 1405 2472 1487 pietatis
2528 1406 2739 1469 inesse.

431 1514 703 1593 possunt
750 1512 939 1575 etiam
988 1511 1197 1594 inpiis.
1240 1512 1408 1575 sicut
1444 1512 1747 1575 habuisse
1788 1516 2076 1576 sanctum
2116 1512 2502 1594 baptismum
2546 1511 2740 1574 etiam

429 1638 690 1701 magum
742 1618 1110 1683 Simoneum
1159 1618 1455 1701 legimuS.
1505 1619 1670 1681 fiunt
1715 1619 1900 1685 tales,
1954 1620 2176 1700 quales
2228 1619 2559 1700 apostolus
2610 1617 2740 1681 ait:
2787 1637 2851 1671 ιο

432 1724 800 1788 habentes
858 1723 1173 1788 formam
1230 1724 1579 1807 pietatis.
1649 1726 2016 1788 uirtutem
2084 1728 2332 1788 autem
2401 1725 2564 1787 eius
2623 1725 2740 1785 ab·

430 1834 820 1914 negantes,
888 1832 1096 1895 uirtus
1164 1834 1377 1895 autem
1444 1831 1702 1914 pietatis
1763 1834 1862 1895 est
1917 1832 2058 1895 finis
2120 1832 2458 1923 praecepti.
2516 1830 2581 1894 id
2639 1836 2744 1893 est

432 1940 660 2002 caritas
711 1939 785 2001 de
836 1940 1020 2003 corde
1075 1958 1233 2021 puro
1303 1941 1367 2002 et
1424 1937 1812 2003 conscicntia
1867 1940 2034 2002 bona
2089 1942 2152 2001 et
2207 1938 2329 2000 fide
2389 1958 2508 2001 non
2567 1938 2740 2002 ficta.

430 2044 596 2107 unde
648 2046 974 2126 apostolus
1014 2046 1262 2111 Petrus.
1316 2064 1461 2108 cum
1511 2044 1588 2108 de
1638 2046 2028 2108 sacramento
2079 2062 2277 2108 arcae.
2326 2042 2388 2105 in
2438 2062 2562 2124 qua
2597 2042 2740 2105 Noe

432 2150 662 2213 domus
712 2169 747 2213 a
795 2149 1036 2213 diluuio
1084 2151 1354 2213 liberata
1402 2153 1517 2219 est.
1565 2151 1955 2231 loqueretur.
2025 2150 2133 2214 sic
2183 2152 2255 2213 et
2301 2168 2456 2225 uos,
2510 2148 2738 2229 inquit.
2789 2168 2846 2205 15

434 2257 674 2320 simili
724 2256 961 2321 forma
1006 2257 1387 2339 baptisma
1432 2258 1691 2321 saluos
1740 2257 1945 2322 facit.
2017 2260 2083 2321 et
2135 2275 2212 2321 ne
2273 2256 2396 2320 sibi
2443 2256 2739 2319 sufficere

431 2366 727 2443 putarent
792 2363 1047 2427 uisibile
1114 2368 1600 2427 sacramentum.
1668 2384 1780 2445 per
1847 2364 2014 2445 quod
2081 2364 2400 2426 habebant
2463 2362 2738 2425 formam

429 2469 706 2549 pietatis
768 2476 831 2533 et
886 2490 997 2552 per
1051 2472 1253 2535 malos
1312 2491 1518 2535 mores
1574 2472 1819 2553 perdite
1887 2470 2162 2534 uiuendo
2228 2470 2534 2534 uirtutem
2595 2468 2738 2532 eius

432 2576 837 2659 abnegarent.
899 2578 1197 2641 continuo
1258 2578 1567 2642 subiecit:
1637 2598 1776 2642 non
1839 2577 2084 2642 carnis
2143 2576 2524 2659 depositio
2585 2594 2738 2639 sor—

429 2682 671 2749 dium.
724 2683 851 2749 sed
902 2685 1423 2749 conscientiae
1471 2686 1708 2749 bonae
1757 2684 2284 2767 interrogatio,
2779 2706 2847 2742 20

524 2792 624 2854 13.
674 2790 945 2855 Proinde
996 2791 1199 2873 prima
1244 2796 1656 2856 sacramenta.
1702 2810 1860 2872 quae
1911 2790 2412 2855 obseruabantur
2460 2793 2524 2853 et
2571 2789 2736 2853 cele—

426 2897 771 2961 brabantur
818 2918 888 2961 ex
934 2898 1097 2981 lege.
1148 2899 1660 2980 praenuntiatiua
1711 2902 1887 2961 erant
1935 2896 2172 2962 Christi
2219 2896 2510 2961 uenturi:
2570 2914 2736 2977 quae

430 3022 575 3067 cum
645 3022 761 3068 suo
820 3004 1098 3068 aduentu
1159 3004 1449 3069 Christus
1506 3005 1902 3087 inpleuisset.
1965 3005 2178 3068 ablata
2234 3006 2402 3067 sunt.
2469 3006 2534 3067 et
2586 3002 2735 3067 ideo

430 3108 661 3185 ablata,
712 3110 861 3191 quia
906 3112 1184 3192 inpleta;
1252 3132 1373 3175 non
1425 3113 1590 3175 enim
1641 3112 1819 3175 uenit
1862 3110 2070 3195 legem
2129 3112 2398 3175 soluere.
2459 3109 2570 3172 sed
2627 3108 2736 3171 ad-

433 3216 693 3298 inplere.
746 3221 809 3279 et
856 3218 981 3279 alia
1030 3221 1181 3281 sunt
1216 3218 1512 3286 instituta
1548 3219 1789 3282 uirtute
1829 3219 2085 3285 maiora.
2125 3216 2407 3280 utilitate
2446 3216 2731 3281 meliora.
2781 3236 2848 3273 ε’)

432 3325 579 3386 actu
617 3322 919 3389 faciliora.
960 3344 1219 3389 numero
1258 3326 1573 3403 pauciora..
1616 3328 1942 3406 tamquam
1981 3324 2228 3388 iustitia
2265 3324 2410 3387 fidei
2451 3323 2729 3386 reuelata

612 3562 677 3614 10
716 3562 833 3617 Act.
866 3564 914 3627 8,
948 3565 1013 3618 13
1100 3565 1160 3618 11
1194 3566 1246 3619 Π
1274 3566 1409 3621 Tim.
1441 3568 1490 3631 3,
1524 3567 1557 3620 5
1643 3566 1708 3620 13
1740 3566 1804 3618 cf.
1837 3566 1864 3618 l
1891 3566 2028 3619 Tim.
2063 3568 2109 3622 1.
2141 3566 2174 3617 5
2255 3565 2318 3618 19
2347 3562 2374 3616 Ι
2403 3564 2547 3619 Petr.
2580 3566 2629 3623 3.
2663 3568 2732 3619 21

502 3752 536 3801 :2
574 3751 723 3804 illum
767 3758 924 3817 (corr.
960 3770 1030 3808 m.
1070 3758 1101 3806 1
1134 3754 1208 3823 ⁸in
1255 3754 1487 3819 nullum)
1542 3754 1668 3817 LG,
1710 3755 1797 3823 (m.
1838 3755 1871 3806 2
1909 3752 2069 3817 illud)
2109 3751 2184 3804 M
2325 3751 2606 3821 religionis
2649 3751 2762 3821 (gi,

430 3856 472 3894 s,
515 3841 577 3905 l.)
612 3840 659 3895 S
798 3844 831 3893 4
872 3843 1214 3911 conligentur
1257 3843 1322 3896 01
1469 3846 1503 3895 ε’)
1540 3842 1694 3896 ualet
1730 3845 1792 3915 (⁸.
1834 3842 1868 3895 l.
1907 3859 1976 3894 m.
2018 3846 2074 3909 2)
2123 3840 2169 3893 C
2311 3842 2622 3908 contempta.
2674 3849 2730 3908 (p

430 3948 472 3984 s.
514 3930 548 3984 Ζ.
586 3946 655 3983 m.
694 3934 745 3997 1)
782 3929 835 3982 L
964 3932 994 3983 6
1034 3932 1434 4001 contempnitur
1476 3932 1527 3983 G
1565 3930 1967 4001 contempnitur
2007 3935 2060 3999 (p
2099 3946 2142 3983 s,
2184 3930 2240 3995 l.)
2285 3928 2332 3981 0
2527 3930 2658 3996 quia
2689 3926 2740 3981 S

435 4021 501 4074 10
547 4036 861 4091 symoneum
916 4020 963 4073 0
1004 4021 1209 4075 simone
1259 4021 1289 4073 b
1421 4022 1489 4075 12
1534 4021 1594 4075 id
1642 4023 1727 4073 est
1775 4020 1849 4089 (st
1892 4036 1935 4073 s.
1987 4018 2020 4071 1.
2071 4018 2200 4071 add.
2252 4035 2318 4071 m.
2369 4019 2428 4078 2)
2478 4016 2531 4068 L
2576 4016 2633 4068 id
2689 4016 2738 4067 C

435 4114 501 4165 14
540 4112 730 4166 archae
774 4111 832 4163 (h
870 4126 987 4179 erp.
1026 4128 1094 4164 m.
1134 4114 1196 4177 2)
1234 4110 1285 4163 L
1325 4110 1482 4181 arche
1522 4108 1567 4164 S
1678 4110 1742 4162 15
1795 4108 1962 4162 simili
2010 4107 2191 4176 inquit
2242 4105 2288 4160 S
2397 4107 2462 4160 16
2501 4105 2634 4158 facit
2676 4119 2730 4156 fa

430 4204 493 4255 in
536 4218 647 4256 ras.
698 4218 766 4254 m.
818 4200 869 4269 2)
922 4200 973 4252 L
1152 4200 1221 4255 18
1269 4198 1514 4270 perditae
1562 4198 1642 4250 L²
1697 4197 1906 4267 perdite
1957 4196 2004 4251 S
2179 4196 2242 4249 21
2293 4195 2440 4248 inter
2475 4194 2729 4247 obserua-

432 4292 631 4345 bantur
678 4297 726 4343 et
772 4308 831 4343 cx
877 4295 1021 4357 spat.
1074 4304 1195 4346 uac.
1243 4290 1277 4341 4
1329 4288 1486 4343 litter.
1534 4289 1599 4340 in
1647 4286 1748 4341 SG
1929 4288 1997 4339 22
2047 4285 2218 4354 „lege
2267 4284 2340 4355 (le
2385 4284 2502 4338 uid.
2543 4285 2636 4348 er.)
2677 4283 2739 4336 P

432 4380 843 4451 pronuntiatiua
882 4379 979 4430 &G
1127 4378 1194 4431 23
1234 4377 1417 4431 ablata
1457 4377 1532 4446 (la
1570 4392 1636 4430 ex
1676 4376 1752 4429 lui
1799 4376 1844 4429 G
1987 4376 2055 4427 24
2093 4374 2302 4428 soluere
2341 4372 2522 4443 legem
2559 4370 2730 4426 SGM
