3159 4984
520 481 647 544 770
854 482 881 496 ”
1224 477 1277 530 S.
1324 475 1604 530 Aureli
1659 472 2106 543 Augustini
2208 432 2212 436 >

519 692 671 737 uero
718 673 1167 748 lucrandorum
1210 671 1449 755 refugit
1494 670 1784 746 aliorum,
1843 666 2176 732 decalciati
2236 666 2415 731 illius
2480 685 2606 731 non
2653 665 2802 749 figu-

520 783 727 844 ratum
786 780 1189 864 significabit,
1248 778 1359 844 sed
1413 778 1477 842 in
1536 797 1606 842 se
1659 777 1978 861 inpletum
2035 773 2316 857 portabit
2382 774 2812 857 obprobrium.

612 889 715 951 11.
787 885 1003 965 Quid?
1071 885 1241 968 quod
1308 889 1373 949 et
1434 883 1678 968 pascha
1731 901 1768 946 a
1821 880 2005 947 nobis
2072 881 2269 945 obicit
2333 880 2637 946 celebrari
2701 897 2818 944 nec

522 994 691 1076 quod
754 994 844 1056 ita
910 996 984 1057 ut
1046 992 1267 1057 Iudaei
1334 990 1726 1056 celebramus
1788 989 2077 1054 insultat.
2147 1007 2294 1053 cum
2359 1007 2544 1052 ouem
2609 989 2818 1072 magis

522 1120 637 1166 nos
684 1101 1032 1164 habeamus
1077 1101 1142 1164 in
1190 1119 1257 1164 re
1301 1099 1656 1182 praesentis
1696 1096 2031 1180 euangelii,
2070 1115 2194 1161 non
2231 1095 2297 1158 in
2335 1095 2556 1158 umbra
2593 1094 2819 1171 futuri,
2859 1115 2912 1153 -ε

524 1205 787 1288 eiusque
863 1205 1250 1274 occisionem
1326 1223 1472 1269 cum
1548 1202 1781 1268 cotidie
1845 1205 1986 1267 tum
2049 1202 2320 1266 maxime
2385 1201 2822 1267 anniuersaria

524 1313 953 1378 sollemnitate
998 1330 1123 1376 non
1168 1313 1506 1375 uenturam
1553 1310 2052 1393 praesignemus,
2103 1309 2215 1374 sed
2259 1309 2495 1372 factam
2543 1325 2822 1372 comme-

523 1439 885 1498 moremus,
951 1418 1095 1484 ideo
1164 1437 1313 1483 sane
1380 1417 1515 1482 dies
1580 1419 1856 1500 paschae
1921 1415 2374 1482 sollemnitatis
2429 1418 2682 1480 nostrae
2739 1413 2820 1477 ad

528 1525 695 1590 diem
744 1524 1187 1590 celebrationis
1234 1524 1628 1589 umbraticae
1673 1523 2053 1588 Iudaeorum
2109 1542 2234 1588 non
2291 1523 2584 1600 occurrit,
2631 1525 2705 1586 ut
2757 1525 2822 1584 et

526 1632 916 1698 dominicum
982 1632 1147 1697 diem
1174 1682 1189 1710 ,
1256 1650 1381 1714 quo
1446 1629 1742 1695 Christus
1807 1629 2184 1706 resurrexit,
2252 1629 2816 1711 conplecteremffr.
2855 1646 2912 1684 ru

530 1759 751 1823 azyma
794 1759 947 1805 uero
996 1738 1106 1821 qui
1149 1740 1363 1802 rectae
1409 1736 1557 1800 fidei
1605 1735 1934 1801 christiani
1981 1740 2152 1813 sunt,
2201 1755 2323 1801 non
2378 1736 2443 1800 in
2505 1735 2818 1799 fermento

527 1846 767 1911 ueteris
813 1845 1009 1928 uitae,
1049 1846 1171 1910 hoc
1219 1847 1319 1909 est
1364 1843 1671 1921 malitiae,
1721 1843 1834 1908 sed
1879 1843 1944 1907 in
1990 1842 2194 1925 ipsius
2239 1842 2389 1906 fidei
2432 1841 2706 1906 ueritate
2755 1845 2820 1904 et

536 1953 899 2018 sinceritate
937 1952 1331 2028 custodiunt,
1369 1971 1492 2016 non
1534 1952 1780 2033 septem
1819 1949 2068 2028 diebuS,
2107 1949 2220 2014 sed
2258 1949 2430 2014 omni
2469 1948 2606 2012 die:
2649 1947 2818 2030 quod

533 2059 962 2142 significatum
1010 2060 1110 2123 est
1152 2077 1415 2122 numero
1463 2057 1710 2122 dierum
1758 2057 2134 2139 septenario,
2175 2076 2300 2139 quo
2339 2056 2572 2122 cotidie
2611 2054 2821 2120 omnis

532 2165 818 2230 uoluitur
882 2164 1035 2229 dies.
1104 2164 1276 2247 quod
1339 2165 1462 2229 etsi
1517 2164 1914 2246 aliquantum
1977 2163 2372 2228 laboriosum
2428 2165 2529 2228 est
2579 2163 2645 2227 in
2701 2163 2824 2228 hoc
2862 2179 2918 2216 ¹⁵

526 2272 805 2350 saeculo,
845 2271 1143 2354 quoniam
1182 2274 1456 2354 angusta
1493 2274 1558 2336 et
1595 2273 1731 2334 arta
1767 2271 1875 2334 uia
1912 2273 2031 2348 est,
2063 2289 2224 2352 quae
2261 2271 2442 2335 ducit
2475 2269 2554 2334 ad
2593 2269 2819 2342 uitam,

524 2396 767 2443 merces
814 2381 1027 2442 tamen
1076 2381 1247 2443 certa
1294 2379 1605 2442 seruatur.
1673 2396 1820 2440 nam
1867 2376 2004 2458 ipse
2049 2377 2230 2442 labor
2275 2376 2674 2460 significatus
2723 2379 2822 2442 est

524 2485 659 2549 illis
705 2482 1011 2568 picridiis,
1062 2485 1232 2567 quod
1280 2484 1748 2566 aliquantulum
1797 2483 2133 2547 subamara
2177 2484 2325 2549 sint.

615 2593 717 2655 12.
786 2592 1211 2657 Pentecosten
1269 2591 1484 2668 etiam,
1543 2591 1609 2654 id
1667 2593 1767 2654 est
1821 2609 1859 2653 a
1901 2590 2198 2672 passione
2244 2593 2312 2654 et
2353 2589 2820 2655 resurrectione

527 2698 765 2764 domini
832 2697 1437 2781 quinquagesimum
1501 2697 1691 2776 diem,
1750 2716 1876 2779 quo
1931 2696 2116 2762 nobis
2173 2700 2466 2762 sanctum
2523 2697 2820 2779 spiritum
2859 2715 2915 2752 2⁰

424 2797 431 2804 ’
523 2805 943 2889 paracletum,¹
991 2823 1177 2886 quem
1228 2805 1625 2887 promiserat,
1671 2805 1872 2870 misit.
1922 2803 2090 2886 quod
2137 2805 2422 2870 futurum
2473 2804 2664 2867 etiam
2707 2815 2824 2886 per

523 2911 905 2976 Iudaeorum
959 2910 1199 2994 pascha
1256 2911 1687 2995 significatum
1742 2915 1861 2987 est,
1919 2930 2065 2976 cum
2130 2909 2660 2995 quinquagesimo
2719 2908 2820 2974 die

522 3020 671 3101 post
725 3016 1217 3082 celebrationem
1273 3018 1415 3083 ouis
1472 3019 1722 3083 occisae
1776 3019 2038 3101 Moyses
2096 3018 2296 3102 digito
2356 3017 2457 3083 dei
2513 3017 2816 3099 scriptam

701 3192 765 3245 11
807 3191 873 3245 cf.
910 3192 937 3246 1
976 3189 1094 3247 Cor.
1134 3193 1183 3253 5,
1222 3190 1256 3245 8
1413 3193 1479 3245 15
1518 3191 1586 3244 cf.
1621 3191 1822 3246 Matth.
1861 3193 1912 3256 7,
1949 3193 2018 3245 13
2166 3192 2231 3246 19
2270 3191 2338 3246 cf.
2377 3191 2495 3248 Act.
2535 3191 2585 3248 2.
2631 3191 2654 3243 1
2697 3207 2818 3260 sqq.

524 3279 593 3334 22
632 3279 698 3334 cf.
734 3280 829 3334 Ex.
870 3279 1075 3334 19-31

599 3405 623 3456 1
669 3402 951 3457 decalciati
990 3403 1118 3457 LM
1134 3423 1146 3457 :
1189 3404 1491 3458 discalciati
1545 3404 1643 3459 SG
1703 3405 1928 3460 calceati
1983 3406 2032 3460 G
2136 3409 2170 3459 2
2207 3405 2540 3475 significauit
2587 3405 2822 3460 LPMG

525 3490 855 3563 significabit
888 3497 944 3558 (u
984 3509 1119 3550 corr.
1156 3495 1217 3546 in
1252 3493 1287 3546 b
1328 3511 1396 3547 m.
1434 3495 1489 3562 2)
1528 3494 1574 3548 S
1775 3496 2020 3566 portauit
2056 3495 2184 3550 LM
2387 3495 2419 3549 3
2459 3494 2611 3564 quid]
2651 3494 2746 3564 qui
2785 3493 2818 3547 b

526 3581 787 3652 celebrari
820 3579 868 3634 0
1038 3583 1158 3651 nec]
1194 3597 1263 3636 ne
1293 3581 1391 3636 SG
1537 3584 1571 3637 5
1608 3585 1875 3654 presentis
1909 3585 1956 3640 0
2129 3591 2234 3638 iion
2274 3585 2368 3654 (fv
2398 3585 2530 3638 add.
2551 3582 2636 3636 m.
2677 3584 2734 3648 2)
2765 3581 2818 3636 1,

528 3672 587 3739 in
622 3672 680 3725 in
724 3671 772 3724 G
872 3671 907 3724 6
944 3670 1169 3725 cottidie
1198 3670 1433 3726 L'GGS
1457 3672 1720 3742 qvottidie
1753 3677 1802 3740 (c
1827 3674 1891 3727 in
1920 3692 1954 3743 q
1983 3689 2118 3728 corr.
2150 3679 2200 3728 et
2229 3691 2262 3726 v
2287 3689 2551 3744 super-scr.
2584 3691 2649 3726 m.
2679 3672 2736 3738 2)
2768 3670 2823 3725 L

528 3761 561 3814 9
606 3758 908 3813 ambraciae
952 3759 1089 3824 DS,
1138 3761 1221 3826 (in
1266 3777 1367 3830 my.
1408 3760 1669 3833 nbratice)
1713 3762 1764 3817 G
1801 3761 2132 3816 umbraticae
2179 3763 2228 3833 (c
2275 3763 2340 3816 in
2375 3767 2402 3816 t
2438 3778 2574 3816 corr.
2613 3769 2668 3816 et
2703 3778 2734 3833 c
2771 3777 2821 3820 s.

530 3851 565 3903 Ζ.
605 3848 735 3902 add.
770 3865 841 3902 m.
879 3847 931 3911 2)
970 3849 1019 3900 L
1059 3847 1390 3903 umbraticae
1432 3854 1478 3916 (t
1514 3867 1557 3904 s.
1599 3851 1658 3914 l.)
1696 3851 1751 3905 P
1803 3851 2093 3905 umbratici
2142 3852 2212 3920 (τί
2259 3867 2304 3905 ε.
2353 3852 2388 3907 Ζ.
2426 3853 2488 3905 in
2521 3867 2624 3920 my.
2661 3851 2820 3920 siquo

526 3955 558 3991 r
608 3937 803 4008 adscr.)
840 3935 910 3989 Μ
1125 3938 1186 3991 11
1240 3936 1413 3992 azima
1448 3938 1677 3994 L¹GSG
1935 3943 2080 3994 recte
2118 3939 2220 3993 LS
2261 3945 2440 3995 rectae
2490 3945 2538 4006 (e
2586 3955 2630 3994 ε.
2671 3939 2732 4006 ἶ.)
2779 3939 2828 3994 C

536 4024 813 4079 christiani
852 4025 938 4091 (ne
974 4024 1037 4076 in
1072 4023 1149 4093 ni)
1188 4023 1235 4078 S
1360 4027 1424 4080 13
1463 4027 1565 4080 VII
1602 4027 1650 4081 S
1776 4027 1842 4081 14
1879 4027 2101 4083 cottidie
2145 4029 2296 4084 LSG
2407 4029 2472 4083 17
2511 4029 2704 4082 mercis
2743 4027 2820 4082 L«

533 4113 599 4168 18
636 4112 899 4183 pygridiis
944 4111 1105 4177 GSG,
1147 4113 1203 4181 (i.
1244 4128 1288 4167 e.
1328 4113 1536 4187 Iactuce
1573 4116 1822 4185 agreibes
1861 4118 1900 4188 (i
1936 4133 1980 4172 8.
2021 4117 2078 4186 l.)
2115 4119 2179 4172 in
2214 4118 2338 4189 my.)
2369 4120 2434 4173 M
2549 4117 2620 4172 20
2658 4118 2822 4187 quin·

531 4201 937 4271 quagensimum
974 4201 1106 4254 LP¹
1143 4200 1686 4272 quinquagensimum
1724 4205 1804 4258 Ρ2
2054 4213 2188 4275 post
2224 4205 2364 4261 diem
2405 4207 2536 4262 add.
2575 4205 2822 4261 celebra-

529 4306 646 4342 mus
702 4290 782 4343 ed.
836 4289 1029 4343 Maur.
1211 4295 1334 4362 εἶιῑι
1390 4297 1503 4346 εἰδῶ
1561 4293 1608 4347 Ο
1739 4295 1803 4347 21
1845 4295 2167 4364 paraclitum
2206 4295 2260 4348 L
2295 4295 2628 4366 paraclytum
2673 4293 2827 4352 086-

532 4375 601 4426 22
638 4375 1119 4445 quinquagensimo
1158 4378 1210 4430 L
1321 4379 1387 4432 23
1427 4379 1844 4450 celebrationem
1885 4381 1930 4435 C
