3159 4984
974 442 1063 495 VI.
1104 440 1399 497 Contra
1455 442 1828 497 Faustum
1883 441 2014 497 lib.
2061 440 2186 495 XII.
2588 444 2710 506 347

426 636 781 719 significare
828 636 952 701 nisi
991 640 1234 702 aetates
1272 637 1559 717 singulas
1601 637 1891 703 saeculi?
1939 636 2106 701 unde
2145 637 2272 701 ista
2309 638 2484 701 sexta
2522 638 2716 699 aetas.

423 762 583 825 quae
634 744 945 827 conpletis
996 744 1359 827 quingentis
1407 763 1612 826 usque
1672 744 1752 808 ad
1807 747 2134 809 sescentos
2193 743 2606 827 significatur,
2653 742 2716 807 in

422 850 932 915 manifestatione
981 851 1353 935 euangelica
1390 850 1728 915 ecclesiam
1769 850 2117 923 construit:
2168 851 2234 913 et
2267 849 2410 913 ideo
2451 849 2559 930 qui
2597 849 2716 913 sibi

421 955 497 1019 ad
555 956 761 1020 uitam
819 956 1117 1035 consulit,
1176 957 1264 1021 sit
1316 957 1503 1020 uelut
1558 956 1934 1039 quadratum
1998 956 2267 1039 lignum,
2326 958 2592 1039 paratus,
2640 954 2717 1018 ad

346 1088 374 1128 ⁵
424 1082 606 1127 omne
673 1082 831 1147 opus
897 1064 1136 1128 bonum
1205 1066 1270 1128 et
1323 1064 1518 1128 intret
1572 1063 1636 1126 in
1695 1062 1999 1127 fabricam
2057 1064 2380 1127 sanctam:
2449 1062 2592 1144 quia
2655 1066 2718 1125 et

420 1169 741 1235 secundus
787 1150 1027 1235 mensis
1076 1170 1223 1234 anni
1270 1169 1735 1237 sescentesimi.
1785 1189 1910 1251 quo
1957 1169 2154 1233 intrat
2187 1169 2326 1235 Noe
2373 1170 2436 1233 in
2487 1188 2715 1234 arcam.

421 1275 685 1340 eandem
736 1277 1046 1344 senariam
1094 1279 1370 1340 aetatem
1419 1276 1758 1359 significat.
1828 1276 1952 1341 duo
2012 1276 2178 1340 enim
2235 1294 2487 1340 menses
2545 1294 2716 1339 sexa-

420 1382 675 1464 genario
740 1402 1005 1448 numero
1074 1383 1577 1459 concluduntur:
1649 1402 1686 1446 a
1741 1383 1988 1449 senario
2053 1386 2268 1447 autem
2333 1402 2597 1448 numero
2655 1385 2719 1447 et

420 1490 745 1573 sexaginta
791 1491 1319 1574 cognominantur
1366 1494 1431 1555 et
1476 1489 1752 1555 sescenti
1800 1493 1863 1554 et
1908 1509 2014 1554 sex
2057 1490 2238 1553 milia
2284 1494 2348 1554 et
2394 1490 2719 1573 sexaginta

324 1620 379 1661 ιο
418 1595 596 1659 milia
642 1599 707 1661 et
754 1600 1044 1663 sescenta
1087 1598 1263 1662 milia
1311 1599 1376 1661 et
1421 1597 1788 1673 sescenties,
1847 1600 1911 1662 et
1957 1596 2259 1679 quicquid
2307 1597 2603 1679 deinceps
2651 1596 2713 1659 in

418 1702 761 1769 maioribus
812 1705 1082 1769 summis
1130 1725 1243 1788 per
1289 1704 1559 1769 eundem
1611 1703 1950 1767 articulum
1999 1723 2300 1769 numerus
2355 1704 2422 1767 in
2467 1692 2714 1768 infinita

416 1807 800 1874 incrementa
846 1812 1193 1896 consurgit.

509 1917 609 1979 19.
677 1918 761 1981 Et
816 1918 987 1999 quod
1042 1918 1391 1983 uicesimus
1451 1920 1517 1982 et
1573 1918 1888 1999 septimus
1947 1917 2084 1981 dies
2145 1918 2381 1981 mensis
2442 1936 2715 1983 comme-

418 2026 716 2097 moratur,
758 2024 837 2087 ad
876 2024 1162 2089 eiusdem
1202 2023 1620 2107 quadraturae
1659 2022 2188 2107 significationem
2226 2024 2521 2106 pertinet,
2553 2043 2712 2107 quae

324 2154 375 2192 15
420 2127 546 2191 iam
592 2128 658 2192 in
707 2130 1031 2212 quadratis
1077 2131 1272 2215 lignis
1322 2130 1607 2215 exposita
1653 2134 1771 2195 est.
1823 2130 1935 2194 sed
1981 2130 2087 2194 hic
2133 2130 2516 2204 euidentius,
2565 2131 2714 2213 quia

416 2252 529 2300 nos
577 2235 656 2299 ad
706 2256 891 2302 omne
940 2256 1100 2321 opus
1146 2240 1385 2303 bonum
1432 2240 1710 2320 paratos,
1747 2236 1814 2300 id
1862 2240 1960 2301 est
2009 2237 2282 2319 quodam
2329 2238 2518 2303 modo
2567 2258 2723 2303 con-.

414 2342 753 2422 quadratos
818 2344 1069 2408 trinitas
1124 2344 1373 2428 perficit
1428 2343 1492 2408 in
1539 2344 1864 2421 memoria,
1922 2363 2046 2425 qua
2103 2343 2292 2408 deum
2347 2344 2707 2420 recolimus,

410 2446 473 2510 in
513 2448 972 2535 intellegentia,
1013 2470 1141 2533 qua
1178 2450 1648 2534 cognoscimus,
1687 2451 1751 2515 in
1789 2451 2144 2527 uoluntate,
2186 2470 2309 2533 qua
2347 2451 2702 2535 diligimus:

410 2555 533 2619 tria
582 2557 749 2621 enim
798 2561 896 2621 ter
942 2562 1007 2622 et
1052 2559 1173 2623 hoc
1221 2562 1319 2622 ter
1365 2558 1526 2621 fiunt
1572 2557 1802 2641 uiginti
1854 2561 2119 2641 septem,
2162 2558 2270 2639 qui
2318 2561 2417 2623 est
2462 2560 2708 2622 numeri

321 2684 374 2723 su
413 2663 669 2727 ternarii
716 2664 1081 2746 quadratus.
1151 2665 1321 2747 quod
1377 2665 1659 2748 septimo
1710 2683 1926 2729 mense
1983 2682 2126 2729 arca
2181 2665 2366 2742 sedit,
2433 2666 2554 2731 hoc
2611 2669 2707 2729 est

410 2770 747 2852 requieuit,
798 2773 877 2836 ad
923 2772 1101 2837 illam
1152 2773 1575 2857 septimanam
1635 2772 1917 2855 requiem
1975 2772 2358 2857 significatio
2404 2773 2704 2839 recurrit:

413 2881 476 2940 et
540 2877 689 2958 quia
752 2878 1019 2961 perfecti
1083 2878 1514 2961 requiescunt,
1575 2878 1666 2943 ibi
1732 2896 1983 2960 quoque
2046 2878 2224 2943 illius
2290 2879 2706 2960 quadraturae

410 3002 713 3049 numerus
760 2985 1045 3051 iteratur.
1114 3004 1261 3049 nam
1306 2985 1620 3050 uicesima
1665 2986 1940 3068 septima
1997 2985 2097 3049 die
2155 2986 2418 3051 secundi
2470 2985 2707 3049 mensis

409 3091 921 3156 commendatum
989 3095 1090 3157 est
1146 3093 1267 3157 hoc
1324 3094 1813 3158 sacramentum.
1841 3168 1854 3179 ¹
1883 3095 1949 3156 et
2001 3112 2222 3157 rursus
2280 3092 2588 3158 uicesima
2643 3093 2708 3156 et

308 3216 364 3255 25
410 3197 681 3281 septima
746 3200 847 3263 die
913 3201 1171 3283 septimi
1233 3200 1474 3265 mensis
1542 3198 1762 3263 eadem
1821 3199 2285 3264 commendatio
2345 3198 2709 3265 confirmata

407 3306 525 3376 est,
576 3322 725 3368 cum
775 3324 918 3370 arca
964 3306 1300 3387 requieuit.
1371 3304 1540 3388 quod
1600 3304 1770 3369 enim
1826 3304 2222 3387 promittitur
2275 3305 2340 3369 in
2398 3324 2528 3387 spe.
2587 3305 2709 3368 hoc

404 3409 739 3475 exhibetur
783 3412 847 3475 in
894 3431 980 3476 re.
1048 3430 1232 3495 porro
1283 3410 1432 3493 quia
1478 3410 1620 3494 ipsa
1667 3410 1940 3492 septima
1985 3410 2237 3492 requies
2289 3431 2432 3475 cum
2484 3414 2707 3475 octaua

400 3518 860 3582 resurrectione
910 3518 1316 3601 coniungitur
1344 3554 1429 3564 --
1459 3534 1663 3598 neque
1696 3515 1863 3579 enim
1891 3517 2136 3582 reddito
2187 3536 2445 3601 corpore
2495 3517 2710 3582 finitur

576 3690 646 3745 20
684 3691 748 3745 cf.
788 3690 923 3747 Gen.
960 3690 1010 3752 8,
1050 3694 1085 3744 4
1124 3733 1137 3746 .
1181 3693 1245 3743 14

474 3818 495 3868 l
552 3816 725 3870 etates
766 3816 811 3868 C
952 3816 985 3869 2
1033 3819 1311 3869 sexcentos
1350 3816 1557 3869 Sam>
1705 3818 1736 3869 3
1776 3818 2074 3871 construxit
2118 3818 2164 3869 C
2304 3819 2337 3869 4
2387 3820 2634 3887 paratum
2675 3816 2706 3869 b

395 3906 429 3959 6
464 3904 835 3958 sescentesimi
856 3904 917 3959 0¹
949 3904 1321 3959 sexcentesimi
1341 3904 1548 3959 SGMb
1659 3906 1688 3957 7
1719 3922 1811 3960 sex
1838 3904 1933 3973 agi
1959 3920 2181 3958 numero
2208 3904 2252 3957 S
2270 3903 2457 3973 sexagi
2486 3919 2705 3956 numero

400 4011 624 4065 numero
668 3994 720 4048 G
848 3993 1183 4063 sexaginario
1221 3993 1292 4046 M
1402 3993 1469 4047 10
1508 3994 1772 4065 sescenta]
1813 3994 2047 4048 sescenti
2087 3994 2136 4048 L
2175 3996 2396 4046 secenta
2435 3992 2500 4045 C¹
2635 3992 2706 4046 VI

394 4083 603 4137 centies
624 4083 668 4137 S
778 4082 844 4135 13
874 4081 1199 4135 uicensimus
1222 4080 1270 4133 L
1384 4081 1451 4133 14
1480 4097 1583 4150 que
1607 4082 1652 4135 G
1763 4082 1831 4135 16
1861 4080 2154 4150 quadratos
2179 4080 2279 4135 SG
2395 4080 2459 4134 18
2490 4080 2620 4151 quia
2643 4080 2708 4132 ζ’1

394 4172 467 4226 20
505 4172 665 4226 archa
708 4170 766 4239 (h
802 4186 846 4225 ε.
887 4171 943 4237 l.)
986 4168 1031 4222 C
1171 4169 1239 4224 21
1290 4169 1648 4239 septimanam
1695 4170 1838 4239 Euq.
1889 4170 1990 4237 (ed.
2029 4167 2193 4223 Knoll
2237 4186 2298 4237 p.
2338 4168 2494 4237 261):
2535 4172 2704 4239 septi-

396 4278 539 4316 mam
588 4262 683 4317 lib.
722 4261 755 4315 b
901 4260 971 4313 22
1019 4258 1343 4329 quadrature
1384 4258 1426 4311 C
1568 4259 1638 4312 23
1679 4260 1976 4314 uicensima
2020 4261 2072 4313 L
2225 4248 2299 4313 ‘et
2335 4260 2566 4328 septima
2607 4259 2704 4313 SG

392 4352 461 4404 24
500 4351 769 4420 nigesima
804 4350 875 4403 M
911 4350 1197 4403 uicensima
1234 4349 1287 4419 (n
1329 4348 1419 4415 er.)
1459 4348 1509 4401 L
1649 4348 1716 4400 26
1757 4346 1916 4401 archa
1955 4346 1998 4400 C
2153 4349 2222 4401 28
2261 4349 2610 4402 resurrection
2656 4350 2702 4403 L
