3159 4984
495 489 624 552 582
1182 488 1234 537 S.
1294 484 1570 538 Aureli
1627 484 2046 553 Augustini

490 679 794 743 naturalis
853 682 985 741 tam
1041 696 1275 762 magna
1332 680 1399 742 et
1451 680 1582 741 tam
1639 680 1864 760 potens
1930 679 2312 760 eloquentia,
2380 700 2546 745 nunc
2608 684 2794 744 tanto

492 786 707 850 studio
756 805 829 851 ac
876 785 1096 849 labore
1152 785 1257 849 uix
1312 804 1509 867 parua
1566 788 1631 849 et
1688 786 1932 869 exigua.
2001 804 2036 851 o
2094 804 2283 867 quam
2339 805 2573 871 magna
2623 788 2798 852 bona

490 893 913 957 conmixtione
960 892 1113 956 boni
1161 891 1440 975 perdidit
1486 910 1642 975 gens
1688 892 2090 955 tenebrarum

579 999 681 1063 11.
758 998 891 1064 Iste
955 999 1096 1081 ipse
1157 1000 1439 1063 Faustus
1503 998 1568 1062 in
1633 1000 1755 1064 hoc
1827 1000 1968 1081 ipso
2043 1019 2372 1076 sermone,
2447 1002 2549 1065 cui
2624 1020 2797 1065 nunc

489 1106 861 1190 respondeo,
912 1106 1122 1170 multa
1174 1106 1436 1170 sibimet
1468 1105 1806 1171 ‘contraria
1859 1107 2185 1190 eleganter
2239 1108 2552 1191 obponere
2607 1107 2798 1172 uisus
2863 1126 2894 1163 ⁵

490 1217 628 1279 est:
698 1214 1038 1278 sanitatem
1094 1216 1159 1277 et
1213 1212 1673 1290 infirmitatem,
1733 1213 1979 1297 copiam
2039 1217 2102 1278 et
2157 1216 2527 1299 egestatem,
2575 1214 2798 1278 album

494 1324 558 1385 01
603 1319 879 1403 nigrum,
936 1319 1215 1383 calidum
1265 1321 1329 1384 et
1373 1318 1699 1403 frigidum,
1740 1320 1926 1384 dulce
1975 1323 2042 1384 et
2087 1340 2409 1385 amarum:
2456 1322 2520 1384 in
2559 1322 2800 1404 quibus

496 1426 722 1493 omitto
773 1426 848 1491 de
896 1426 1041 1491 albo
1091 1430 1157 1490 et
1202 1426 1382 1511 nigro
1432 1426 1674 1507 aliquid
1723 1426 1968 1505 dicere,
2017 1430 2128 1491 aut
2176 1428 2232 1491 si
2269 1428 2474 1492 ullum
2511 1446 2798 1493 momen-

490 1536 633 1597 tum
678 1532 830 1598 boni
880 1536 945 1597 et
988 1533 1144 1597 mali
1192 1535 1293 1597 est
1338 1533 1402 1596 in
1452 1534 1794 1609 coloribus,
1833 1536 1909 1597 ut
1954 1535 2169 1598 album
2219 1534 2433 1600 dicant
2477 1534 2555 1599 ad
2602 1535 2802 1600 deum

490 1639 825 1723 pertinere,
874 1639 1128 1723 nigrum
1178 1641 1391 1703 autem
1443 1641 1521 1704 ad
1566 1641 1778 1724 hylen.
1839 1660 1984 1705 cum
2033 1642 2246 1705 omnia
2292 1660 2524 1724 genera
2565 1642 2803 1707 uolati-
2845 1660 2894 1694 κ·

490 1746 652 1810 1111111
726 1746 912 1829 hylen
1000 1764 1250 1810 creasse
1324 1746 1734 1829 perhibeant,
1801 1747 1856 1811 si
1923 1746 2138 1811 album
2205 1747 2483 1812 colorem
2555 1748 2800 1831 plumis

497 1872 715 1918 eorum
772 1852 927 1916 deus
968 1853 1259 1935 aspersit,
1300 1854 1411 1917 ubi
1446 1853 1738 1917 latebant
1775 1855 1969 1931 corui,
2010 1856 2260 1937 quando
2301 1854 2491 1939 cygni
2527 1854 2802 1919 candore

491 1958 734 2042 perfusi
810 1960 1009 2023 sunt?
1075 1958 1233 2023 item
1300 1961 1376 2023 de
1434 1959 1640 2024 calido
1698 1963 1763 2025 et
1817 1962 2045 2045 frigido
2105 1961 2408 2045 deputare
2464 1981 2585 2027 non
2635 1980 2803 2043 opus

494 2068 632 2139 est:
681 2068 1026 2146 utrumque
1076 2066 1242 2128 enim
1292 2069 1725 2148 temperanter
1770 2067 2126 2132 adhibitum
2177 2069 2452 2142 salubre,
2490 2069 2807 2149 intempe-

494 2173 707 2234 ranter
774 2173 989 2234 autem
1052 2171 1480 2253 perniciosum
1547 2175 1667 2240 est.
1745 2175 1954 2237 cetera
2006 2173 2363 2238 uideamus.
2439 2175 2678 2239 bonum
2737 2176 2809 2236 et
2841 2186 2890 2224 ¹³

496 2278 757 2352 malum,
827 2277 996 2359 quod
1060 2277 1125 2340 in
1183 2278 1407 2361 primis
1464 2280 1628 2343 forte
1683 2300 1914 2367 ponere
1973 2280 2195 2345 debuit
2247 2282 2312 2344 in
2367 2281 2599 2346 iisdem
2653 2300 2803 2345 con·

498 2382 731 2450 trariis,
780 2384 871 2446 ita
916 2382 1174 2447 uidetur
1219 2384 1537 2466 posuisse,
1593 2389 1669 2449 111
1723 2389 2049 2468 tamquam
2097 2388 2418 2471 generalia
2463 2388 2664 2452 uellet
2707 2388 2806 2451 in-

496 2488 738 2572 tellegi,
790 2488 1039 2579 scilicet
1084 2491 1160 2552 ut
1204 2489 1284 2553 ad
1330 2488 1572 2554 bonum
1620 2490 1936 2574 pertineat
1981 2493 2240 2571 sanitas,
2297 2494 2501 2576 copia,
2557 2495 2805 2559 album.

500 2595 795 2671 calidum,
846 2596 1053 2671 dulce,
1103 2596 1181 2659 ad
1228 2598 1466 2661 malum
1517 2600 1733 2661 autem
1779 2599 2138 2675 infirmitas,
2188 2606 2463 2685 egestas,
2520 2602 2804 2685 nigrum,

497 2702 819 2786 frigidum.
873 2721 1175 2781 amarum,
1228 2723 1413 2787 quam
1464 2706 1735 2787 inperite
1785 2706 2380 2781 etinconsiderate,
2427 2709 2647 2773 uideat
2693 2710 2813 2792 qni
2844 2720 2897 2755 ²⁰

503 2810 803 2891 potuerit.
865 2829 981 2894 ego
1030 2814 1244 2875 autem
1291 2832 1369 2879 ne
1416 2812 1659 2877 homini
1707 2815 2083 2878 calumniari
2127 2819 2334 2898 puter,
2383 2816 2543 2881 nihil
2591 2817 2806 2883 obicio

500 2914 576 2979 de
624 2916 769 2979 albo
820 2918 886 2980 et
930 2916 1134 3000 nigro,
1186 2917 1389 2983 calido
1438 2922 1504 2983 et
1548 2920 1801 3003 frigido,
1852 2921 1927 2985 de
1968 2922 2141 2987 dulci
2179 2925 2244 2986 01
2281 2942 2490 2988 amaro
2533 2926 2598 2987 et
2633 2924 2808 2988 sani-

494 3024 694 3085 tatem
744 3025 933 3105 atque
980 3024 1417 3089 infirmitatem
1455 3027 1901 3109 praescribam.
1951 3028 2005 3093 si
2045 3030 2210 3093 enim
2252 3030 2468 3093 album
2508 3034 2574 3094 et
2610 3030 2810 3095 dulce

500 3128 625 3192 duo
672 3129 840 3192 bona
887 3134 1058 3206 sunt,
1107 3131 1357 3215 nigrum
1408 3137 1622 3197 autem
1663 3138 1728 3198 et
1765 3129 2044 3199 amarum
2087 3136 2211 3202 duo
2249 3138 2438 3213 mala,
2478 3138 2808 3219 quomodo

498 3234 773 3316 plurima
821 3254 948 3299 uua
995 3238 1325 3321 omnisque
1374 3240 1547 3304 olina
1582 3241 1996 3325 nigrescendo
2037 3242 2367 3320 dulcescit,
2404 3244 2470 3309 id
2509 3248 2610 3308 est
2647 3245 2812 3309 mali
2851 3251 2906 3289 ¹⁵

501 3340 781 3422 amplius
828 3342 1118 3409 habendo
1166 3343 1241 3409 fit
1284 3347 1559 3412 melior?
1622 3348 1780 3411 item
1830 3348 1884 3412 si
1933 3349 2057 3414 duo
2104 3350 2272 3415 bona
2317 3353 2469 3417 sunt
2515 3352 2692 3416 calor
2741 3356 2810 3415 et-

491 3448 763 3517 ·sanitas.
832 3448 957 3513 duo
1022 3470 1176 3517 uero
1232 3454 1401 3517 mala
1454 3454 1655 3537 frigus
1713 3458 1779 3518 et
1830 3455 2188 3533 infirmitaS,
2248 3476 2360 3522 cur
2423 3458 2807 3521 calescendo

578 3720 601 3770 1
646 3722 702 3771 et
738 3719 870 3790 tarn]
914 3720 1070 3774 &iam
1106 3722 1208 3777 SG
1352 3724 1386 3776 4
1422 3723 1607 3777 fautus
1645 3723 1691 3777 S
1814 3726 1846 3778 5
1886 3726 2153 3796 eliganter
2191 3730 2258 3781 L¹
2273 3726 2465 3781 06111ι
2595 3730 2628 3781 9
2665 3728 2802 3783 110111

506 3806 543 3869 (1
583 3822 647 3860 ex
683 3806 737 3875 u)
782 3808 830 3861 O
972 3810 1038 3864 12
1076 3826 1255 3864 earum
1296 3812 1382 3866 Lb
1564 3814 1732 3882 corui]
1770 3816 1974 3885 corpori
2013 3816 2292 3880 MP¹G,L
2327 3816 2444 3885 (sed
2477 3832 2550 3870 m.
2591 3822 2616 3871 1
2658 3833 2802 3872 corr.

502 3896 565 3947 in
602 3896 767 3963 corui)
885 3898 1037 3967 cycni
1074 3896 1227 3953 81M·
1328 3901 1393 3952 13
1430 3900 1707 3971 disputare
1752 3902 1831 3956 Cb
1927 3906 1990 3956 14
2030 3904 2334 3958 adhibitum
2373 3905 2430 3977 (h
2465 3922 2507 3961 ε.
2549 3908 2609 3969 l.)
2651 3904 2806 3959 Lm

508 3985 573 4037 15
619 3984 969 4054 pernitiosum
1008 3984 1107 4041 SG
1284 3989 1345 4041 16
1394 3988 1602 4043 hisdem
1643 3990 1699 4052 C,
1742 3992 1800 4057 (h
1837 4008 1880 4044 s.
1921 3993 1956 4046 l.
1993 4011 2063 4047 m.
2105 3994 2155 4063 1)
2195 3993 2248 4047 L
2429 3996 2490 4047 21
2537 3994 2710 4049 0111110
2759 3998 2806 4045 (’

508 4072 577 4126 22
607 4074 706 4127 alt.
736 4072 802 4127 de
835 4079 898 4141 (8.
930 4076 964 4129 Ζ.
998 4092 1131 4129 am.
1166 4080 1215 4143 1)
1246 4076 1298 4128 L
1326 4093 1427 4132 om.
1456 4080 1501 4131 C
1643 4084 1701 4133 et
1729 4082 2021 4135 sanitatem
2048 4087 2212 4153 atque
2239 4084 2614 4138 infirmitatem
2643 4102 2800 4155 prae-

509 4187 737 4242 scribam
782 4190 1006 4257 scripsi.-
1051 4195 1108 4244 et
1154 4192 1389 4246 sanitate
1435 4196 1600 4262 atque
1647 4194 1960 4250 infirmitate
2009 4198 2330 4267 prescribam
2384 4198 2432 4252 0
2473 4204 2530 4253 et
2567 4168 2802 4254 sanitati

508 4306 669 4373 atque
709 4275 1010 4359 infirmitati
1048 4306 1405 4375 praescribam
1448 4312 1497 4374 (e
1535 4326 1604 4361 m.
1648 4312 1673 4363 1
1715 4317 2002 4378 superscr.)
2040 4312 2093 4365 L
2139 4318 2195 4367 et
2243 4314 2364 4385 (om.
2403 4312 2524 4381 SG)
2572 4315 2797 4369 sanitati

510 4394 673 4461 atque
711 4392 1011 4447 infirmitati
1050 4395 1409 4465 praescribam
1448 4398 1670 4453 SPMG
1779 4401 1846 4453 25
1883 4401 2226 4471 nigriscendo
2265 4402 2338 4456 L¹
