3159 4984
445 420 574 485 248
839 417 893 471 S.
929 416 1126 471 Aureli
1167 416 1467 487 Augustini
1506 413 1709 470 Contra
1745 413 2033 484 epistulam
2070 412 2427 468 fundamenti.

446 614 596 679 Iesu
646 612 901 690 Christi,
961 613 1069 695 qui
1127 613 1254 677 ait:
1302 611 1514 677 beati
1565 610 2123 689 mundicordes,
2182 610 2533 695 quoniam
2588 610 2739 694 ipsi

449 719 664 786 deum
709 719 1107 785 uidebunt.
1175 736 1300 783 non
1349 718 1516 782 enim
1566 735 1675 782 eos
1726 718 1946 784 oculos
1996 718 2074 783 ad
2118 718 2282 783 illud
2325 719 2565 784 bonum
2610 736 2737 783 cer-

448 826 726 891 nendum
789 824 1150 909 praeparari
1201 826 1470 908 oportet,
1539 824 1771 906 quibus
1839 824 2115 891 cernitur
2165 826 2292 890 ista
2343 826 2453 889 lux
2514 825 2742 891 diffusa

451 952 563 1016 per
605 933 804 1010 locoS,
855 934 921 996 et
956 950 1082 997 non
1120 930 1358 1013 ubique
1397 931 1664 1015 integra,
1705 931 1817 995 sed
1856 930 2043 995 aliam
2080 934 2321 1015 partem
2358 931 2463 996 hic
2499 932 2739 997 habens

453 1042 516 1104 et
581 1038 730 1104 alibi
795 1039 1008 1104 aliam.
1073 1056 1298 1102 uerum
1356 1037 1542 1102 illum
1602 1041 1932 1120 aspectum
1991 1039 2315 1122 aciemque
2370 1056 2738 1122 purgemuS,
2802 1055 2831 1095 ⁵

450 1165 576 1228 qua
639 1146 936 1223 cernitur,
1005 1148 1312 1227 quantum
1375 1144 1440 1209 in
1505 1145 1624 1210 hac
1690 1145 1825 1213 uita
1882 1146 2055 1224 licet,
2122 1145 2276 1228 quid
2337 1145 2423 1209 sit
2476 1144 2737 1219 iustum,

451 1254 602 1335 quid
665 1254 861 1337 pium,
931 1271 1102 1336 quae,
1161 1252 1247 1317 sit
1303 1252 1649 1335 sapientiae
1714 1252 2157 1337 pulchritudo:
2226 1272 2385 1335 quae
2452 1252 2739 1335 quisquis

452 1361 676 1438 cernit,
751 1360 1083 1444 praeponit
1157 1360 1348 1443 longe
1416 1360 1701 1425 omnium
1763 1360 2065 1426 localium
2130 1359 2478 1443 spatiorum
2542 1359 2738 1442 pleni-

449 1466 658 1531 tudini
697 1470 761 1531 et
799 1466 1015 1543 sentit,
1054 1468 1130 1530 ut
1165 1465 1291 1531 ista
1327 1468 1562 1541 cernat,
1602 1486 1725 1531 non
1763 1485 1876 1549 per
1910 1467 2195 1532 locorum
2234 1466 2439 1550 spatia
2477 1466 2739 1530 diffundi

450 1575 649 1639 aciem
697 1574 928 1640 mentis
979 1592 1151 1649 suae,
1202 1572 1314 1637 sed
1359 1572 1725 1654 incorporea
1771 1572 2055 1656 potentia
2100 1573 2388 1637 stabiliri.
2776 1588 2827 1627 1⁰

541 1684 648 1745 43.
690 1680 808 1746 Cui
847 1680 1133 1762 aspectui
1170 1678 1466 1763 quoniam
1503 1679 1784 1743 multum
1816 1683 1966 1746 sunt
1992 1679 2249 1745 inimica
2274 1679 2735 1762 phantasmata,

452 1807 612 1871 quae
660 1788 737 1851 de
785 1786 1020 1852 carnali
1057 1805 1248 1851 sensu
1285 1788 1490 1849 tracta
1524 1785 1893 1869 imaginarie
1932 1785 2234 1871 cogitatio
2272 1790 2487 1851 nostra
2523 1790 2739 1851 uersat

453 1898 517 1959 et
566 1895 864 1971 continet,
916 1892 1310 1958 detestemur
1353 1892 1544 1957 istam
1591 1892 1921 1970 haeresim,
1964 1912 2123 1976 quae
2172 1912 2431 1959 suorum
2477 1892 2737 1977 phanta-

451 2003 726 2067 smatum
788 2000 980 2064 fidem
1045 2002 1266 2064 secuta
1332 2001 1396 2063 et
1471 1998 1753 2063 diuinam
1810 1998 2232 2064 substantiam
2287 2018 2400 2083 per
2451 2000 2737 2065 locorum

453 2107 659 2189 spatia
704 2105 998 2188 quamuis
1045 2104 1290 2169 infinita
1335 2105 1520 2170 uelut
1563 2105 1894 2171 informem
1950 2107 2184 2172 molem
2242 2105 2495 2172 disiecit
2549 2109 2737 2188 atque
2776 2122 2827 2162 ιε

455 2212 705 2277 diffudit
759 2216 825 2277 et
881 2232 1020 2276 eam
1078 2230 1149 2276 ex
1204 2230 1332 2275 una
1383 2214 1560 2294 parte
1618 2211 1959 2289 truncauit,
2026 2215 2099 2276 ut
2152 2211 2467 2277 inueniret
2524 2212 2738 2277 locum

453 2317 642 2394 malo,
691 2318 860 2399 quod
906 2316 1120 2383 uidere
1167 2335 1291 2381 non
1347 2316 1560 2400 potuit
1613 2336 1737 2382 non
1794 2336 1933 2383 esse
1990 2320 2299 2393 naturam,
2358 2316 2471 2382 sed
2525 2320 2741 2381 contra

454 2427 762 2503 naturam,
831 2428 896 2489 et
956 2423 1169 2508 ipsum
1235 2423 1476 2487 malum
1542 2427 1721 2488 tanta
1785 2425 1994 2507 specie
2061 2428 2126 2489 01
2183 2425 2403 2490 formis
2462 2427 2526 2488 et
2584 2442 2738 2506 pace

451 2532 728 2613 partium
772 2531 836 2595 in
886 2530 1157 2615 singulis
1213 2529 1456 2594 naturis
1515 2529 1773 2614 uigente
1831 2531 2173 2609 decorauit,
2232 2531 2379 2613 quia
2444 2531 2579 2595 sine
2639 2530 2741 2595 his

452 2637 635 2704 bonis
682 2638 923 2701 nullam
970 2638 1220 2720 poterat
1266 2636 1545 2719 cogitare
1602 2640 1913 2714 naturam,
1970 2640 2047 2702 ut
2091 2657 2165 2703 ea
2208 2638 2395 2716 mala,
2445 2656 2605 2719 quae
2650 2635 2741 2700 ibi
2777 2652 2831 2693 ὀ

450 2744 869 2828 reprehendit,
927 2741 1486 2808 innumerabilium
1541 2743 1851 2808 bonorum
1910 2744 2091 2827 copia
2156 2743 2562 2827 sepeliantur.
2630 2741 2743 2806 sed

452 2851 644 2915 huius
681 2849 1027 2916 uoluminis
1066 2849 1191 2914 iste
1231 2848 1316 2915 sit
1350 2848 1689 2925 terminus;
1729 2848 1793 2913 in
1834 2850 2058 2914 ceteris
2098 2853 2310 2915 cetera
2346 2849 2483 2914 eius
2523 2849 2743 2913 delira-

453 2960 666 3022 menta
712 2956 828 3022 deo
875 2956 1286 3039 permittente
1333 2958 1524 3038 atque
1573 2955 1917 3021 adiuuante
1966 2959 2331 3040 arguentur.

632 3097 660 3149 1
699 3094 894 3151 Matth.
935 3096 985 3161 5,
1023 3094 1057 3148 8

527 3222 550 3271 1
591 3217 981 3272 mundocordes
1003 3217 1082 3293 νΗ
1119 3216 1318 3271 1111111ᾱο
1350 3216 1505 3271 001·ᾱο
1535 3218 1567 3271 b
1678 3218 1711 3271 3
1748 3217 1948 3271 luxista
1984 3217 2221 3271 cernitur
2256 3218 2307 3271 T
2412 3220 2444 3271 5
2486 3222 2542 3272 01
2576 3234 2677 3272 om.
2708 3218 2741 3271 b

450 3308 612 3363 aliam
677 3306 807 3359 alibi
871 3306 938 3359 H
951 3306 1002 3358 T
1018 3306 1124 3361 VR
1367 3306 1399 3359 6
1465 3306 1590 3376 qua]
1659 3323 1795 3375 quae
1864 3306 1931 3359 H
1935 3306 1947 3337 ¹
2012 3324 2116 3377 quo
2182 3306 2301 3361 1120
2517 3306 2743 3376 iustum]

447 3397 615 3450 istum
649 3394 734 3448 Ηι
845 3396 875 3447 7
914 3394 1182 3465 sapientie
1225 3394 1278 3447 T
1379 3395 1413 3449 8
1449 3394 1805 3465 plenitudinis
1844 3396 1889 3465 (s
1926 3412 1969 3450 a.
2010 3396 2045 3449 l.
2086 3412 2123 3449 a
2158 3412 2227 3448 m.
2258 3398 2306 3462 1)
2338 3395 2404 3449 H
2512 3396 2574 3449 11
2616 3398 2744 3449 sunt

451 3500 551 3539 om.
572 3483 629 3543 P
731 3482 949 3537 inimica
967 3482 1146 3538 suntb
1231 3484 1297 3537 12
1322 3483 1524 3537 carnali
1548 3486 1640 3551 (na
1668 3500 1803 3538 corr.
1826 3484 1966 3538 amni
1985 3501 2053 3540 m.
2086 3484 2242 3538 2311
2344 3483 2661 3554 imaginarie
2698 3482 2749 3536 T

453 3572 519 3627 13
546 3572 871 3626 heresemH
893 3571 1169 3627 haeresem
1187 3572 1245 3627 P
1353 3572 1418 3625 14
1447 3575 1677 3642 sequuta
1695 3573 1752 3625 P
1860 3574 1925 3627 15
1955 3572 2168 3627 disiecit
2183 3573 2259 3625 P¹
2370 3574 2435 3626 16
2456 3576 2661 3627 etz-eam
2682 3570 2749 3625 H

451 3665 513 3716 ut
561 3664 681 3729 (ατ.
731 3678 795 3715 ex
839 3662 942 3729 uit)
990 3661 1057 3716 H
1229 3663 1297 3716 21
1347 3662 1637 3731 rephendit
1690 3662 1740 3715 T
1950 3662 2303 3733 sepelliantur
2346 3662 2403 3716 P
2579 3662 2647 3715 22
2686 3663 2743 3715 in

449 3767 552 3806 om.
598 3751 654 3805 P
796 3753 974 3821 cetera
1027 3752 1078 3805 T
1218 3752 1287 3805 23
1346 3754 1641 3823 arguantur
1696 3752 1763 3805 H
1769 3752 1945 3807 VGSb
2093 3770 2216 3823 aug.
2256 3752 2416 3822 episc.
2466 3750 2738 3819 aeclesiae}

449 3839 746 3895 catholicae
781 3840 876 3894 lib.
919 3841 925 3911 Ι
969 3839 1228 3894 aduersus
1286 3857 1422 3909 quae
1471 3840 1828 3911 fundalmenti
1885 3840 2081 3896 dicitur
2138 3840 2530 3910 delisramentis
2584 3838 2747 3909 plena

451 3945 564 3999 exp.
605 3928 772 4000 (litter
805 3930 1035 3996 uncial.)
1063 3930 1172 3998 sol.
1215 3932 1296 3983 86
1328 3930 1386 3983 Ρ
1419 3928 1611 3983 aurelii
1648 3930 1927 3999 augustini
1979 3936 2166 3985 contra
2212 3930 2368 4001 epist.
2406 3928 2744 3983 fundamenti

445 4017 843 4072 manicheorum
900 4018 1086 4089 explic.
1149 4018 1281 4085 (litt.
1335 4019 1571 4085 uncial.)
1608 4018 1717 4085 fol.
1771 4022 1849 4073 48
1892 4018 1962 4073 Η
2012 4020 2065 4073 S.
2102 4019 2231 4073 Aur.
2288 4018 2429 4089 Aug.
2486 4017 2743 4071 aduersus

447 4106 752 4161 manicheos
809 4110 996 4161 contra
1053 4105 1336 4177 epistolam
1393 4105 1734 4160 fundamenti
1789 4106 1928 4161 liber
1983 4108 2118 4177 expl.
2154 4108 2263 4176 sol.
2310 4111 2386 4160 10
2418 4106 2475 4162 R
2510 4104 2746 4176 Explicit

444 4212 586 4267 liber
617 4200 706 4269 §i
753 4200 830 4285 (Ἦ
875 4213 948 4284 L)
999 4214 1277 4284 augustini
1324 4216 1511 4268 eontra
1559 4213 1793 4284 epistola
1828 4213 2167 4268 fundamenti
2206 4213 2603 4269 manicheorum
2632 4212 2741 4280 sol.

449 4300 550 4355 197
597 4302 649 4355 ’.ι’
668 4302 776 4369 soz.
815 4303 918 4357 112
955 4302 1009 4356 L
