3159 4984
815 458 878 512 V.
929 458 1214 515 Contra
1263 460 1693 530 epistulam
1740 460 2252 517 fundamenti.
2543 467 2669 529 225

477 656 581 720 26.
650 652 818 733 Quid
863 658 1266 739 expectamus
1315 655 1590 739 amplius
1613 659 1643 720 ⁴?
1698 660 1989 721 tenemus
2039 656 2225 733 enim,
2276 656 2443 739 quod
2489 658 2665 723 iuxta

385 762 556 826 latus
604 765 754 825 erat.
821 760 1137 842 quomodo
1201 762 1362 825 libet
1421 762 1550 825 iam
1596 760 1815 845 fingite
1882 761 2115 844 figuras
2172 766 2239 827 et
2293 763 2665 845 qualialibet

385 868 754 931 liniamenta
814 866 1172 937 describite,
1237 868 1440 931 moles
1507 870 1674 931 certe
1730 867 1843 931 illa
1894 867 2183 932 inmensa
2234 870 2437 933 terrae
2493 870 2671 934 tene-

384 974 637 1038 brarum
685 976 799 1038 aut
838 977 1012 1039 recto
1058 974 1256 1039 latere
1312 973 1773 1058 adiungebatur
1828 977 2029 1039 terrae
2080 974 2243 1039 lueis
2302 978 2413 1040 aut
2468 994 2663 1041 curuo

321 1102 348 1139 5
385 1083 498 1145 aut
540 1082 850 1145 tortuoso.
918 1080 1032 1146 sed
1077 1081 1134 1147 si
1178 1083 1488 1158 tortuoso,
1537 1084 1605 1146 et
1646 1082 1760 1145 illa
1814 1084 2033 1147 saneta
2086 1085 2253 1147 terra
2306 1084 2669 1148 tortuosum

289 1632 346 1671 1⁰

288 2166 341 2205 15

383 1186 575 1251 habet
637 1188 844 1263 latus3
922 1206 1066 1251 nam
1133 1188 1190 1253 si
1252 1188 1392 1271 ipsa
1452 1190 1699 1253 rectum
1762 1188 1957 1253 habet
2015 1189 2185 1254 latus
2252 1191 2317 1253 et
2377 1192 2669 1255 tortuoso

383 1293 572 1357 huius
617 1294 814 1359 latero
861 1295 1162 1378 tangitur,
1207 1295 1595 1377 interpatent
1628 1314 1933 1361 cauernae
1971 1295 2280 1377 quaedam
2316 1294 2663 1378 profundae

382 1418 494 1483 per
535 1400 852 1465 infinitum
896 1400 1116 1466 inanes
1161 1421 1278 1467 nec
1313 1402 1439 1465 iam
1479 1421 1669 1484 supra
1702 1405 1935 1467 terram
1972 1404 2222 1467 tantum
2258 1402 2663 1467 tenebrarum

381 1506 652 1571 inanitas
701 1510 855 1581 erat,
903 1506 1072 1571 sicut
1117 1506 1334 1571 audire
1381 1506 1765 1573 solebamus.
1814 1507 1985 1590 quod
2032 1508 2087 1572 si
2130 1507 2224 1573 ita
2270 1510 2387 1584 est,
2428 1510 2661 1589 quanto

382 1612 612 1677 melius
661 1616 814 1689 erat,
861 1618 936 1677 ut
983 1632 1050 1677 se
1097 1614 1420 1695 aliquanto
1463 1614 1721 1698 longius
1777 1616 1945 1679 terra
1998 1614 2257 1679 luminis
2311 1617 2670 1681 remoueret

380 1724 570 1802 atque
614 1720 726 1785 illa
769 1720 1042 1785 inanitas
1089 1723 1268 1785 tanta
1311 1721 1670 1799 interesset,
1718 1740 1795 1787 ne
1844 1722 2099 1787 omnino
2146 1725 2369 1806 posset
2413 1740 2449 1785 a
2492 1725 2665 1787 tene-

378 1828 630 1891 brarum
694 1829 862 1891 terra
922 1828 1056 1891 ulla
1131 1846 1203 1892 ex
1264 1831 1441 1911 parte
1507 1828 1826 1913 contingi!
1900 1829 2097 1893 immo
2164 1828 2355 1893 etiam
2417 1831 2668 1893 tantum

380 1934 658 2015 spatium
721 1936 972 2016 pateret
1031 1934 1238 2000 inanis
1295 1936 1769 2019 profunditatis,
1826 1938 1901 2000 ut
1956 1936 2011 2001 si
2067 1954 2191 2019 qua
2236 1936 2446 2020 gentis
2488 1935 2664 2000 illius

378 2043 658 2105 oreretur
699 2038 1068 2122 inprobitas,
1118 2040 1370 2105 etiamsi
1413 2044 1651 2107 temere
1698 2042 2015 2107 transilire
2070 2042 2136 2107 in
2190 2043 2370 2105 illam
2425 2041 2671 2105 uellent

377 2146 692 2230 principes
737 2147 1139 2212 tenebrarum
1183 2184 1272 2194 -
1318 2147 1616 2230 quoniam
1662 2167 1777 2213 nec
1823 2150 2037 2213 uolare
2092 2152 2328 2233 posunt
2374 2166 2653 2231 corpora,

333 2252 500 2317 'nisi
546 2271 688 2317 aere
735 2272 1031 2335 corporeo
1081 2256 1532 2338 subportentur
1575 2292 1684 2333 —,
1732 2274 1845 2338 per
1900 2254 2063 2319 illud
2122 2255 2305 2319 inane
2361 2253 2665 2338 praecipi-

375 2359 496 2423 tati
542 2363 626 2437 et,
675 2359 824 2443 quia
873 2360 1196 2425 infinitum
1255 2361 1552 2427 deorsum
1608 2380 1836 2427 uersus
1894 2365 2085 2438 esset,
2129 2360 2213 2425 ad
2259 2362 2509 2425 nullum
2556 2362 2665 2425 ali-

377 2466 624 2548 quando
671 2466 937 2533 fundum
983 2468 1445 2550 pemenientes‚
1495 2468 1747 2533 etiamsi
1796 2487 2050 2551 semper
2106 2471 2372 2551 possent
2425 2468 2665 2543 uiuere,

389 2590 734 2654 numquam
796 2576 1037 2649 tamen,
1106 2573 1257 2638 dum
1321 2573 1617 2639 deorsum
1693 2593 1944 2658 semper
2011 2574 2327 2653 feruntur,
2405 2575 2668 2657 possent

378 2690 618 2745 nocere.
703 2680 758 2744 si
831 2682 1044 2745 autem
1119 2700 1314 2747 curuo
1377 2682 1574 2747 latere
1640 2681 2123 2765 adiungebatur,
2186 2685 2354 2747 terra
2415 2699 2665 2763 quoque

378 2784 542 2850 lucis
591 2804 785 2852 curuo
836 2805 974 2851 eam
1021 2787 1165 2851 sinu
1223 2787 1594 2853 deformiter
1648 2789 2012 2873 recipiebat.
2080 2790 2193 2853 aut
2246 2788 2301 2853 si
2354 2788 2665 2853 introrsus

377 2890 504 2955 ista
567 2892 751 2975 quasi
815 2892 1025 2977 specie
1079 2894 1314 2958 theatri
1375 2914 1569 2959 curua
1628 2898 1781 2975 erat,
1840 2913 2099 2960 curnam
2156 2898 2359 2976 terrae
2407 2878 2665 2958 luminis

377 3000 620 3080 partem
681 2999 798 3063 tali
863 3001 1008 3065 sinu
1072 3003 1392 3084 receptam
1457 3020 1580 3067 non
1654 3002 1867 3067 minus
1934 3001 2201 3067 deformi
2264 2998 2665 3085 copulatione

379 3105 896 3189 amplectebatur.
937 3108 1050 3171 aut
1077 3107 1133 3173 si
1161 3107 1288 3173 ista
1314 3126 1585 3173 curuum
1620 3108 1898 3173 habebat
1936 3109 2109 3174 latus
2148 3112 2213 3173 et
2246 3108 2360 3173 illa
2394 3110 2660 3182 rectum,

377 3232 501 3277 non
565 3232 638 3277 ex
691 3216 828 3280 toto
888 3232 1026 3278 eam
1079 3214 1278 3279 latere
1335 3213 1717 3298 adtingebat.
1796 3218 1861 3279 et
1924 3215 2145 3297 utique
2208 3214 2443 3279 melius
2508 3214 2663 3287 erat,

379 3318 547 3383 sicut
610 3338 802 3404 supra
865 3320 1010 3396 dixi,
1077 3324 1152 3385 ut
1213 3322 1390 3385 nulla
1454 3340 1526 3385 ex
1566 3325 1765 3405 ‘parte
1831 3321 2228 3405 contingeret
2287 3322 2661 3400 tantumque

374 3425 556 3490 inane
601 3426 960 3503 interesset,
1027 3431 1101 3492 ut
1157 3430 1222 3491 et
1274 3428 1446 3493 iusto
1499 3428 1841 3493 interuallo
1899 3430 2233 3509 utramque
2288 3430 2519 3491 terram
2566 3442 2661 3491 se-

445 3650 478 3703 2
515 3649 672 3720 libet]
709 3650 910 3706 habeat
947 3653 978 3706 b
1151 3653 1183 3706 3
1219 3654 1492 3707 inmensae
1529 3654 1598 3707 H
1602 3654 1653 3707 T
1660 3652 1834 3707 VCSb
1871 3653 2118 3706 inmensa
2142 3657 2273 3720 post
2310 3650 2651 3705 tenebrarum

372 3756 414 3791 n
456 3738 508 3792 T
644 3742 818 3793 terrae
875 3755 977 3793 om.
1029 3740 1082 3793 T
1207 3741 1240 3793 6
1275 3746 1480 3795 rectum
1517 3740 1723 3795 habeat
1762 3742 1793 3795 b
1905 3740 1935 3795 7
1988 3739 2251 3811 profunde
2312 3740 2363 3793 T
2465 3738 2499 3791 8
2536 3736 2644 3801 iam

374 3846 474 3883 om.
515 3828 704 3882 TVLb
782 3828 848 3883 10
874 3828 1091 3899 longius
1122 3830 1160 3900 (i
1199 3846 1264 3884 ex
1301 3848 1328 3883 e
1367 3846 1502 3885 corr.
1540 3848 1609 3885 m.
1648 3831 1697 3896 1)
1735 3830 1803 3883 H
1872 3830 1937 3883 11
1975 3846 2075 3883 nec
2121 3830 2171 3883 T
2250 3830 2316 3883 13
2352 3830 2539 3882 inanes
2576 3824 2662 3879 H¹

378 3920 442 3971 14
481 3922 720 3972 oreretur
754 3916 840 3969 Ηι
880 3918 1106 3972 oriretur
1141 3917 1262 3971 1121»
1443 3919 1500 3972 in
1536 3919 1687 3973 illam
1723 3918 1995 3973 transilire
2034 3920 2065 3973 b
2212 3919 2279 3971 16
2316 3932 2569 3987 corporea
2594 3914 2663 3967 H

371 3998 752 4103 praecipitatet
789 4034 944 4102 (corr.
980 4050 1049 4086 m.
1077 4038 1127 4101 1)
1157 4032 1214 4086 P
1233 4032 1576 4103 praecipitati
1608 4036 1672 4105 (ti
1699 4035 1763 4087 in
1786 4034 1922 4104 ras.)
1950 4034 2019 4088 Η
2042 4033 2302 4104 pcipitate
2334 4033 2364 4085 b
2438 4032 2504 4084 17
2535 4044 2655 4083 uer-

372 4139 490 4175 sum
527 4123 559 4177 b
691 4123 755 4176 19
791 4124 1106 4192 numquam]
1141 4120 1304 4191 noqd'
1353 4121 1454 4175 VL
1594 4122 1660 4178 21
1702 4127 1799 4178 aut
1834 4124 1947 4187 sint
1982 4140 2195 4194 prorsus
2236 4122 2315 4175 ita
2350 4119 2441 4175 Η2
2478 4121 2575 4173 aut
2610 4118 2656 4171 si

370 4219 488 4268 tum
513 4214 788 4265 tortuosus
815 4212 924 4263 ista
943 4210 990 4264 S
1125 4211 1360 4264 intorsus
1398 4210 1453 4265 V
1557 4213 1629 4266 22
1657 4228 1821 4267 curua
1850 4214 1906 4282 (u
1933 4228 2055 4281 sup.
2086 4228 2201 4279 exp.
2235 4226 2262 4263 e
2288 4224 2389 4264 ser.
2418 4224 2487 4263 m.
2517 4207 2567 4275 1)
2595 4206 2664 4261 H

371 4300 440 4355 23
477 4300 598 4355 sinu
635 4300 736 4355 tali
781 4300 886 4353 CV
1009 4298 1234 4353 deformi
1272 4316 1372 4354 om.
1420 4300 1472 4354 T
1585 4300 1945 4371 copulatione]
1986 4299 2327 4370 copulatione
2366 4298 2469 4361 P13
2506 4312 2655 4350 man.

361 4390 543 4458 paulo
578 4404 681 4444 rec.
724 4408 752 4441 0
790 4390 852 4441 in
891 4406 926 4441 u
964 4404 1098 4444 corr.
1138 4406 1171 4458 p
1213 4390 1270 4441 in
1308 4406 1348 4453 r,
1387 4388 1404 4441 l
1445 4405 1514 4443 er.
1626 4390 1694 4441 27
1735 4393 1789 4443 et
1827 4406 1927 4443 om.
1967 4390 2022 4441 P

423 4512 557 4552 XXV.
587 4514 709 4561 Aug.
739 4517 850 4552 sect.
880 4514 920 4553 6.
2466 4494 2524 4545 15
