3159 4984
1016 434 1107 488 vl.
1146 431 1437 487 Contra
1493 433 1863 486 Faustum
1919 431 2048 485 lib.
2106 430 2229 497 ΧΠ.
2628 433 2751 495 331

466 629 756 694 omnibus
803 627 981 693 libris
1018 627 1387 693 testimonia
1423 627 1755 711 proferam,
1796 626 2026 707 quibus
2067 625 2395 690 ostendam
2435 624 2759 690 Christum

466 754 605 801 esse
678 734 1106 817 praedictum;
1184 734 1297 799 sed
1370 733 1561 799 huius
1637 732 1910 798 hominis
1983 732 2314 797 leuitatem
2381 730 2761 816 grauissimo

467 842 861 907 auctoritatis
896 841 1170 925 pondere
1210 844 1549 908 conteram.
1588 840 1682 904 ita
1717 841 1949 924 quippe
1987 860 2112 904 non
2150 839 2383 921 accipit
2419 837 2760 921 prophetas

465 949 810 1027 Hebraeos,
847 952 923 1012 ut
960 948 1241 1031 accipere
1282 966 1350 1013 se
1387 951 1600 1012 tamen
1639 948 2010 1031 profiteatur
2047 946 2390 1030 apostolos,
2433 944 2764 1027 apostolus

404 1081 432 1119 ⁵
467 1058 681 1121 autem
717 1056 977 1132 Paulus,
1028 1056 1104 1120 de
1152 1075 1275 1138 quo
1326 1075 1472 1121 cum
1520 1074 1588 1119 se
1637 1056 1771 1138 ipse
1818 1058 2144 1136 tamquam
2194 1072 2265 1117 ex
2303 1053 2570 1117 aduersa
2607 1070 2762 1115 uoce

467 1163 938 1247 interrogasset,
996 1166 1211 1227 utrum
1270 1182 1416 1227 eum
1474 1162 1808 1245 acciperet,
1866 1160 2230 1244 respondit:
2301 1163 2375 1224 et
2429 1154 2764 1226 maxime..

471 1269 623 1352 quid
678 1269 754 1334 de
810 1269 1069 1335 illorum
1123 1269 1457 1353 prophetia
1514 1270 1702 1344 dicat,
1753 1269 2104 1333 audiamus.
2171 1267 2480 1343 Paulus,
2537 1264 2765 1348 inquit,

472 1395 737 1441 seruus
778 1376 1068 1442 Christi
1105 1380 1427 1442 uocatus
1477 1376 1877 1459 apostolus
1925 1377 2381 1459 segregatus
2428 1374 2502 1437 in
2551 1390 2764 1436 euan-

472 1483 755 1565 gelium
804 1483 942 1556 dei,
984 1484 1180 1565 quod
1228 1487 1398 1548 ante
1446 1484 1907 1567 promiserat
1950 1503 2080 1567 per
2125 1481 2536 1566 prophetas
2587 1497 2766 1544 suos

380 1588 542 1651 min
602 1590 1011 1673 scripturis
1068 1591 1359 1655 sanctis
1418 1592 1502 1656 de
1559 1590 1732 1656 filio
1792 1609 1953 1665 suo,
2023 1590 2147 1673 qui
2214 1590 2468 1653 factus
2526 1589 2645 1651 est
2701 1586 2767 1649 ei

474 1719 559 1777 ex„
601 1700 881 1764 semine
927 1699 1174 1763 Dauid
1222 1698 1635 1764 secundum
1685 1715 1998 1764 carnem.
2050 1695 2203 1779 quid
2247 1696 2394 1759 uult
2441 1694 2766 1777 amplius?

473 1806 595 1871 nisi
656 1806 817 1871 forte
881 1806 1003 1872 hoc
1068 1806 1144 1871 de
1212 1805 1353 1870 aliis
1419 1805 1738 1888 aliquibus
1801 1804 2151 1888 prophetis,
2218 1822 2341 1867 non
2401 1802 2476 1866 de
2533 1801 2767 1865 nostris

471 1912 779 1977 Hebraeis
827 1913 1067 1977 dictum
1108 1912 1337 1978 uolunt
1371 1910 1679 1996 intellegi.
1730 1911 1843 1975 sed
1881 1928 2261 1992 quamquam
2300 1928 2411 1991 per
2449 1906 2766 1989 quoslibet

475 2019 714 2083 dictum
762 2018 865 2097 sit,
916 2020 991 2083 de
1036 2019 1149 2084 illo
1196 2022 1407 2083 tamen
1456 2018 1588 2082 filio
1638 2018 1738 2081 dei
1772 2016 2161 2100 >promissum
2201 2018 2301 2080 est
2337 2014 2765 2097 euangelium.

388 2144 437 2182 ιε’»
476 2125 583 2206 qui
626 2125 833 2190 factus
882 2129 981 2191 est
1028 2126 1085 2190 ei
1134 2146 1202 2190 ex
1251 2126 1491 2190 semine
1538 2124 1750 2189 Dauid
1797 2124 2144 2189 secundum
2185 2140 2456 2199 carnem,
2492 2121 2559 2185 in
2599 2120 2766 2203 quod

376 2256 381 2259 ·
477 2232 875 2317 euangelium
914 2284 917 2289 .
951 2235 1353 2316 segregatum
1418 2250 1487 2295 se
1552 2232 1710 2297 dicit
1771 2231 2132 2315 apostolus,
2206 2230 2476 2295 istorum
2551 2231 2766 2292 autem

472 2341 766 2424 perfidiae
813 2341 934 2406 hoc
981 2340 1067 2405 sit
1113 2339 1514 2417 contrarium,
1578 2338 1747 2421 quod
1793 2337 2142 2403 secundum
2189 2336 2311 2402 hoc
2360 2337 2762 2419 euangelium

474 2448 785 2513 oredimus
822 2448 1027 2511 filium
1066 2446 1166 2512 dei
1201 2446 1443 2511 factum
1481 2464 1552 2510 ex
1592 2445 1832 2511 semine
1860 2444 2068 2508 Dauid
2106 2444 2455 2508 secundum
2493 2462 2762 2516 carnem,

471 2558 682 2619 tamen
728 2554 1039 2636 apertiora
1086 2556 1489 2637 cognoscant,
1541 2552 1772 2634 quibus
1831 2550 2381 2615 euidentissimum
2437 2551 2763 2634 prophetis

376 2674 431 2712 20
470 2661 776 2725 Hebraeis
839 2660 1280 2725 testimonium
1342 2659 1709 2743 perhibetur
1771 2677 1883 2741 per
1938 2677 2083 2722 eum
2141 2658 2520 2740 apostolum,
2580 2659 2762 2722 cuius

470 2768 845 2833 auctoritate
895 2767 1309 2850 superborum
1358 2766 1628 2830 istorum
1676 2765 1842 2831 colla
1885 2765 2270 2847 frangantur.

558 2876 619 2939 3.
687 2873 1131 2948 Ueritatem,
1189 2873 1415 2954 inquit,
1476 2872 1644 2937 dico
1699 2873 1772 2935 in
1833 2870 2159 2947 ChristO,
2229 2890 2370 2936 non
2438 2872 2762 2935 mentior

468 2984 951 3046 contestante
1018 2981 1199 3044 mihi
1257 2979 1736 3045 conscientia
1787 2996 1948 3043 mea
2000 2977 2073 3041 in
2133 2978 2412 3061 spiritu
2471 2981 2755 3053 sancto,

468 3090 641 3170 quia
713 3088 1049 3153 tristitia
1124 3091 1241 3152 est
1310 3086 1498 3151 mihi
1574 3105 1838 3170 magna
1912 3088 1985 3150 et
2059 3086 2466 3150 continuus
2545 3085 2758 3150 dolor

368 3210 422 3247 ²⁹»
467 3195 672 3261 cordi
717 3215 900 3260 meo.
970 3196 1318 3279 optabam
1376 3194 1567 3258 enim
1629 3212 1764 3277 ego
1821 3193 1984 3275 ipse
2043 3192 2440 3255 anathema
2497 3211 2662 3256 esse
2721 3212 2758 3255 a

464 3302 768 3369 Christo
806 3321 935 3385 pro
974 3302 1345 3366 fratribus
1384 3301 1569 3365 meis
1612 3300 1956 3383 cognatis
1997 3299 2409 3365 secundum
2439 3318 2753 3373 carnem,

461 3409 587 3491 qui
634 3412 811 3474 sunt
855 3408 1336 3487 Israhelitae,
1387 3427 1702 3490 quorum
1751 3408 1866 3471 est
1910 3406 2217 3489 adoptio
2269 3408 2344 3469 et
2388 3406 2634 3489 gloria
2682 3409 2755 3471 et

457 3518 922 3581 testamenta
969 3518 1043 3579 et
1088 3515 1287 3599 legis
1337 3514 1802 3581 constitutio
1851 3516 1924 3577 et
1973 3512 2420 3593 obsequium
2478 3517 2550 3576 et
2595 3532 2749 3596 pro-

458 3622 891 3697 missiones;
953 3641 1265 3704 quorum
1319 3624 1576 3705 patres
1636 3623 1710 3685 et
1765 3640 1845 3685 ex
1904 3620 2178 3701 quibus
2231 3618 2586 3683 Christus
2647 3640 2749 3684 se-

362 3740 417 3778 ³⁰
457 3728 777 3793 eundum
827 3747 1141 3804 carnem,
1192 3728 1319 3810 qui
1367 3730 1750 3810 estsuper
1787 3726 2033 3791 omnia
2072 3726 2254 3791 deus
2293 3724 2746 3791 benedictus

629 3936 662 3991 6
696 3935 793 3990 lib.
830 3936 909 3991 XI
948 3938 975 3989 1
1089 3936 1120 3989 7
1158 3936 1312 3989 Rom.
1355 3935 1402 3999 1,
1443 3934 1469 3987 1
1511 3952 1629 4005 sqq.
1739 3932 1810 3987 22
1845 3934 2000 3988 Rom.
2039 3934 2090 3999 9,
2133 3934 2158 3987 l
2197 3950 2318 4004 sqq.

522 4078 555 4133 3
584 4080 793 4150 accepit
819 4078 880 4134 δ’
989 4081 1024 4133 4
1060 4078 1287 4133 hebreos
1323 4076 1371 4132 0
1475 4078 1507 4131 5
1537 4078 1622 4147 ex]
1651 4072 1771 4131 cum
1803 4076 1852 4131 0
1975 4078 2008 4131 6
2047 4094 2169 4131 eum
2205 4093 2306 4133 om.
2349 4077 2448 4132 SG
2555 4076 2588 4129 8
2628 4076 2743 4129 iesu

452 4167 637 4222 christi
704 4168 771 4221 M
978 4170 1297 4239 segregatus
1357 4168 1473 4236 (gre
1548 4182 1614 4221 ea:
1687 4182 1770 4220 cre
1837 4166 1997 4234 corr.)
2064 4164 2112 4220 S
2325 4166 2386 4219 11
2431 4164 2646 4235 quiuult
2691 4166 2742 4218 L

451 4258 519 4312 13
574 4257 788 4313 hebreis
840 4258 888 4311 Ο
1080 4257 1218 4312 uelit
1265 4255 1433 4311 SMG
1614 4255 1686 4310 20
1740 4254 1913 4309 ebreis
1966 4254 2013 4309 G
2062 4272 2164 4309 om.
2213 4256 2244 4308 b
2445 4254 2618 4317 eunde
2678 4254 2740 4305 15¹¹

454 4346 520 4399 24
557 4347 738 4401 tristia
778 4345 853 4401 6¹
982 4346 1053 4399 28
1088 4348 1420 4401 testamenta
1450 4346 1481 4399 b
