3159 4984
865 406 924 459 V.
974 406 1264 462 Contra
1321 408 1749 479 epistulam
1803 408 2317 463 fundamenti.
2579 384 2703 473 23'1

435 601 814 677 exoriuntur,
883 604 948 665 et
999 604 1570 686 temperamentum
1622 607 1721 669 est
1767 609 1987 687 aptum
2036 606 2231 670 saluti
2286 609 2353 670 et
2407 605 2713 688 quaedam

437 708 770 773 concordia
841 728 1177 775 numerosa
1251 709 1498 774 ordinat
1568 712 1760 792 atque
1834 711 1899 775 in
1974 712 2285 777 unitatem
2353 712 2723 797 coaedificat

435 815 720 881 membra
773 816 1170 880 nascentium
1229 816 1486 881 sibimet
1537 818 1815 883 inuicem
1870 818 2325 885 moderationis
2371 837 2527 902 pace
2576 838 2719 884 con-

437 924 745 1007 gruentia.
812 942 973 1006 quae
1021 924 1234 989 omnia
1279 924 1421 1006 quis
1467 944 1591 991 non
1638 926 1972 1009 intellegat
2014 926 2251 991 maiore
2296 925 2485 990 laude
2532 944 2723 1008 quam

374 1050 400 1087 ⁵
437 1031 727 1096 tenebras
773 1030 1239 1114 uituperatione
1287 1030 1656 1116 dignanda}>
1721 1033 2013 1116 uitupero
2060 1033 2148 1097 ibi
2194 1035 2408 1097 tecum
2458 1052 2723 1097 caenum

435 1136 763 1201 turbidum
808 1156 1134 1218 aquarum,
1171 1137 1364 1202 lauda
1406 1138 1494 1202 ibi
1539 1157 1793 1203 mecum
1840 1143 1905 1203 et
1946 1140 2153 1223 ipsam
2201 1140 2478 1224 speciem
2524 1141 2722 1223 quali-

434 1246 760 1327 tatemque
808 1263 1110 1327 aquarum
1159 1250 1224 1310 et
1266 1246 1765 1312 inhabitatorum
1818 1248 2175 1311 natantium
2236 1247 2523 1313 membra
2576 1267 2719 1314 con-

438 1350 748 1434 gruentia,
823 1352 1024 1416 uitam
1101 1371 1330 1436 corpus
1395 1355 1823 1419 continentem
1890 1357 1957 1419 et
2016 1358 2341 1439 regentem
2408 1357 2473 1419 et
2536 1373 2720 1419 omne

435 1460 1004 1541 temperamentum
1054 1460 1156 1523 sui
1201 1460 1449 1543 generis
1496 1460 1851 1525 ualetudini
1896 1461 2470 1527 adcommodatum.
2528 1480 2719 1544 quan-

347 1580 400 1619 10
435 1564 676 1630 tumuis
705 1566 874 1629 enim
905 1584 1100 1648 aquas
1129 1584 1431 1632 caenosas
1469 1566 1882 1650 turbidasque
1910 1568 2351 1652 reprehendaS‚
2382 1588 2455 1633 eo
2483 1571 2720 1644 tamen,

436 1673 604 1755 quod
648 1674 812 1737 tales
861 1692 1058 1756 aquas
1106 1673 1284 1752 dicia,
1333 1677 1410 1739 ut
1467 1675 1813 1739 animantia
1871 1694 1989 1740 sua
2039 1678 2304 1760 possent
2348 1680 2414 1740 et
2458 1674 2716 1759 gignere

435 1786 500 1843 et
545 1781 884 1859 continere,
933 1782 1214 1865 speciem
1269 1782 1400 1847 illis
1447 1782 1931 1865 qualiscumque
1980 1783 2259 1867 corporis
2316 1786 2381 1847 et
2434 1780 2710 1866 partium

435 1888 944 1963 similitudinem,
985 1907 1110 1972 qua
1143 1890 1207 1953 in
1245 1908 1438 1953 unam
1473 1890 1827 1955 formantur
1859 1894 2287 1974 pacanturque
2325 1890 2719 1972 qualitatem,

435 1994 674 2061 auferre
741 2014 867 2061 non
930 1998 1136 2078 pote8‚
1204 1996 1354 2078 quia
1408 1996 1465 2060 si
1523 1996 1889 2067 abstuleris,
1954 1997 2205 2061 nullum
2271 1996 2391 2060 erit
2452 2015 2719 2079 corpus:

344 2118 394 2157 1⁵
435 2120 594 2183 quae
642 2101 870 2177 omnia,
920 2102 976 2165 si
1024 2120 1090 2166 es
1137 2102 1350 2179 hom0‚
1400 2103 1599 2167 sentis
1646 2122 1787 2167 esse
1822 2102 2157 2169 laudanda.
2208 2104 2272 2167 et
2308 2102 2717 2185 quantumuis

431 2210 688 2273 illorum
733 2208 1227 2274 inhabitatorum
1281 2210 1615 2275 saeuitiam
1662 2213 1729 2275 et
1770 2210 1936 2275 inter
1982 2228 2050 2275 se
2096 2210 2377 2293 impetus
2422 2208 2720 2273 dilacera-

431 2317 624 2381 tionis
655 2320 720 2381 et
747 2317 1124 2383 uastationis
1155 2336 1512 2401 exaggeres,
1544 2337 1671 2383 non
1704 2318 1797 2382 eis
1825 2321 2039 2382 tamen
2078 2317 2306 2382 adimis
2344 2334 2717 2382 numerosos

430 2424 774 2489 formarum
819 2424 1147 2501 termin05‚
1196 2424 1428 2506 quibus
1476 2424 1601 2490 sibi
1649 2425 1905 2508 singula
1949 2444 2168 2489 eorum
2216 2441 2477 2506 corpora
2520 2442 2713 2486 mem-

429 2531 688 2594 brorum
731 2530 1049 2613 parilitate
1104 2534 1330 2615 pacata
1385 2535 1554 2608 sunt,
1614 2535 1679 2595 et
1732 2536 2302 2614 temperamentum
2359 2529 2606 2605 salutis,
2655 2531 2720 2592 et

345 2650 401 2689 ²⁰
430 2636 831 2703 moderamen
879 2637 1122 2701 animae
1169 2642 1380 2720 partes
1429 2639 1530 2703 sui
1577 2639 1857 2722 corporis
1912 2640 1975 2702 in
2032 2637 2345 2702 unitatem
2400 2636 2716 2701 amicitiae

433 2744 926 2827 concordiaeque
999 2746 1382 2829 redigentis:
1457 2764 1619 2829 quae
1694 2747 1750 2811 si
1822 2746 2099 2810 humano
2176 2762 2370 2809 sensu
2430 2740 2720 2819 intueris,

431 2849 613 2915 uides
659 2851 806 2933 plus
855 2870 994 2915 esse
1041 2851 1358 2917 laudanda
1403 2871 1591 2935 quam
1638 2853 1752 2917 illa
1796 2849 2233 2935 uituperanda‚
2290 2868 2450 2931 quae
2498 2847 2715 2931 displi-

433 2961 594 3021 cent.
645 2958 937 3041 uitupero
972 2958 1066 3022 ibi
1100 2962 1317 3023 tecum
1354 2960 1677 3025 horrorem
1712 2962 2071 3036 uentorum,
2109 2956 2301 3021 lauda
2333 2956 2426 3021 ibi
2460 2972 2717 3021 mecum

433 3064 770 3129 eorundem
790 3067 1130 3129 uentorum
1165 3066 1528 3149 spirabilem
1555 3067 1994 3149 nutricemque
2024 3067 2315 3129 naturam
2344 3064 2409 3129 et
2437 3062 2715 3147 speciem

342 3182 396 3221 2⁵
433 3170 712 3252 corporis
761 3170 1201 3235 conuenientia
1243 3172 1522 3254 partium
1559 3171 1912 3239 continuati
1948 3174 2139 3253 atque
2179 3169 2429 3235 diffusi:
2478 3168 2708 3251 quibus

430 3276 620 3341 rebus
669 3276 964 3340 omnibus
1007 3275 1156 3341 illos
1199 3275 1656 3343 inhabitatores
1703 3296 1855 3342 suos
1901 3279 2193 3360 poterant
2238 3278 2303 3340 et
2348 3276 2607 3359 gignere
2654 3276 2721 3337 et

313 3388 332 3402 ’
435 3382 600 3447 alere
668 3386 732 3446 et
794 3382 1134 3467 salubriter
1197 3384 1516 3449 continere
1581 3400 1926 3466 eorumque
1989 3383 2506 3459 inhabitatorum,
2572 3400 2717 3445 cum

434 3494 660 3564 cetera,
709 3506 868 3571 quae
916 3488 981 3552 in
1030 3488 1324 3554 omnibus
1361 3488 1787 3555 animantibus
1826 3489 2147 3571 superiore
2182 3488 2425 3553 ratione
2461 3484 2719 3550 laudata

507 3714 532 3767 1
575 3713 739 3785 quda.
774 3712 844 3767 H
875 3712 1105 3784 quedam
1149 3712 1200 3767 T
1366 3713 1400 3767 2
1439 3712 1724 3767 coedificat
1765 3711 1817 3766 T
1974 3714 2008 3767 3
2046 3711 2151 3766 sibi
2188 3712 2221 3766 b
2381 3712 2417 3765 4
2454 3708 2645 3764 maiori
2682 3708 2715 3762 b

433 3804 466 3857 5
503 3802 800 3874 dignanda]
837 3802 1088 3858 donanda
1129 3803 1180 3857 T
1321 3804 1356 3857 9
1391 3802 1685 3857 ualitudini
1732 3800 1816 3856 Vb
1964 3801 2031 3855 10
2058 3818 2279 3855 cenosas
2305 3800 2362 3853 P
2499 3814 2712 3869 reprae-

427 3892 634 3947 hendas
652 3892 765 3948 PT
844 3894 907 3947 11
930 3892 1094 3963 quod]
1115 3892 1282 3963 quiP
1421 3896 1478 3946 et
1498 3896 1629 3947 ante
1646 3892 1869 3963 gignere
1888 3908 1989 3947 om.
2021 3891 2074 3945 V
2159 3891 2225 3944 12
2243 3890 2393 3944 illius
2411 3888 2481 3943 H
2486 3887 2715 3943 VOSRb

435 3981 501 4035 13
546 3984 810 4051 pacantur
859 3980 1020 4035 TVI,
1163 3982 1232 4036 15
1276 3997 1397 4036 omo
1451 3981 1524 4035 Τι
1672 3982 1739 4034 16
1786 3996 1843 4034 se
1880 3996 1981 4035 om.
2016 3978 2263 4035 RSGVb
2407 3976 2714 4032 dilacerati-

433 4086 562 4124 ones
605 4070 656 4123 T
664 4068 796 4123 Vob
904 4070 972 4123 17
1009 4069 1346 4124 uastationes
1389 4070 1440 4123 T
1447 4068 1580 4123 vob
1690 4068 1759 4123 20
1796 4068 2029 4137 animae]
2066 4067 2269 4122 formae
2304 4063 2717 4122 HTVGSLRb

434 4158 500 4211 21
539 4158 800 4216 redieritis
835 4158 905 4214 H
1043 4159 1111 4213 22
1147 4158 1246 4213 illa
1280 4175 1382 4213 om.
1423 4158 1455 4213 b
1602 4159 1670 4212 24
1708 4156 1959 4213 eorudem
2002 4158 2055 4211 T
2186 4158 2255 4211 25
2292 4154 2645 4225 congruentia
2682 4154 2715 4206 b

434 4247 502 4301 26
540 4252 598 4303 et
633 4248 798 4318 alere]
835 4252 894 4304 et
930 4249 1072 4303 alere
1121 4252 1172 4315 (e
1216 4264 1336 4304 uoc.
1383 4252 1440 4303 et
1483 4264 1528 4303 s.
1578 4249 1614 4302 1.
1663 4264 1703 4301 a
1744 4264 1815 4302 m.
1861 4251 1917 4315 1)
1964 4246 2033 4300 H
2208 4246 2275 4301 27
2322 4244 2619 4314 horumque
2663 4242 2715 4296 T

436 4337 504 4391 28
541 4337 805 4407 superiori
833 4337 866 4391 b
