3159 4984
937 461 1030 515 VI.
1088 460 1379 516 Contra
1432 460 1805 514 Faustum
1859 459 1991 512 lzb.
2047 458 2200 514 XIII.
2605 462 2734 526 389

446 657 793 721 manibus
840 657 1219 721 fabricata
1268 656 1513 721 omnia
1560 656 2032 721 abscondent
2083 656 2157 719 in
2215 656 2607 738 speluncis
2666 657 2740 719 et

448 764 522 829 in
579 763 944 829 scissuris
1023 768 1404 848 petrarum
1465 767 1537 827 et
1591 764 1664 827 in
1724 762 2072 827 cauernis
2136 756 2403 827 terrae'
2461 780 2498 825 a
2551 761 2736 826 facie

450 871 750 937 timoris
827 872 1111 936 domini
1188 874 1262 936 et
1326 890 1363 934 a
1426 871 1830 935 maiestate
1904 868 2228 934 uirtutis
2305 869 2497 942 eiuS,
2576 886 2738 932 cum

452 979 871 1043 surrexerit
919 978 1398 1063 confringere
1445 980 1742 1042 terram.
1809 977 1948 1040 illa
2004 975 2194 1040 enim
2245 975 2363 1040 die
2409 974 2740 1060 proiciet

389 1106 414 1141 ⁵
455 1085 672 1149 homo
722 1086 1332 1151 abominationes
1381 1103 1648 1149 aureas
1707 1088 1780 1148 et
1839 1084 2260 1167 argenteaS‚
2319 1101 2503 1165 quas
2550 1082 2738 1145 fece-

453 1196 645 1267 runt,
696 1194 779 1256 ut
824 1191 1229 1255 adorarent
1277 1209 1846 1275 superuacanea
1895 1194 1967 1254 et
2013 1191 2247 1257 noxia.
2298 1192 2364 1255 et
2407 1190 2570 1254 forte
2614 1188 2738 1252 iste

454 1301 735 1383 gentilis,
804 1320 993 1383 quem
1061 1300 1549 1370 catechizamus,
1610 1319 1797 1381 quem
1855 1298 2012 1362 dixit
2065 1298 2344 1363 Faustus
2402 1316 2550 1362 cum
2605 1297 2738 1359 risu

456 1408 813 1471 dicturum:
898 1427 1058 1484 „non
1136 1406 1320 1472 credo
1393 1406 1722 1490 prophetis
1796 1405 2174 1481 Hebraeis,“
2260 1404 2474 1487 aliqua
2545 1422 2738 1468 manu

453 1512 759 1576 fabricata
803 1512 975 1577 idola
1022 1512 1356 1577 abscondit
1409 1512 1474 1575 in
1534 1512 1839 1593 spelunca
1895 1512 2006 1574 aut
2064 1510 2128 1574 in
2193 1511 2472 1576 scissura
2525 1512 2739 1592 petrae

368 1636 418 1674 ιο
460 1622 571 1683 aut
620 1620 688 1684 in
746 1638 1016 1683 cauerna
1069 1622 1271 1684 terrae
1331 1622 1442 1682 aut
1498 1619 1774 1701 aliquem
1839 1618 2114 1682 amicum
2181 1638 2369 1683 suum
2437 1620 2561 1682 scit
2621 1618 2741 1681 hoc

455 1725 683 1791 fecisse
750 1729 863 1790 aut
925 1727 989 1789 in
1057 1726 1319 1791 ciuitate
1374 1727 1480 1789 uel
1534 1726 1600 1793 in
1647 1724 1844 1790 fundo
1893 1744 2009 1791 suo
2059 1726 2183 1790 scit
2227 1725 2466 1789 factum
2517 1742 2658 1788 esse
2705 1740 2743 1787 a

456 1832 615 1896 facie
660 1832 910 1898 timoris
960 1833 1218 1912 domini,
1268 1833 1379 1915 qui
1422 1852 1534 1917 per
1577 1851 1761 1917 reges
1808 1836 2011 1898 terrae
2071 1832 2420 1896 secundum
2481 1830 2743 1895 eandem

458 1940 851 2022 prophetiam
903 1940 1033 2004 iam
1081 1940 1204 2005 sibi
1260 1940 1617 2005 seruientes
1675 1958 1868 2021 seque
1927 1940 2259 2003 adorantes
2317 1924 2744 2003 seuerissimis

456 2046 709 2129 legibus
738 2050 970 2110 terram
1001 2048 1362 2131 confringit,
1394 2047 1459 2110 id
1490 2049 1591 2111 est
1619 2046 1852 2110 terreni
1883 2046 2088 2111 cordis
2119 2046 2352 2130 frangit
2390 2044 2740 2108 audaciam.

372 2167 420 2204 1⁵
463 2154 777 2234 quomodo
828 2173 975 2237 ergo
1025 2154 1196 2219 dicat
1251 2172 1409 2229 „non
1459 2153 1644 2219 credo
1692 2153 2016 2236 prophetis
2064 2152 2432 2229 Hebraeis,“
2488 2170 2634 2217 cum
2683 2155 2747 2214 et

458 2259 521 2321 in
570 2278 639 2323 se
684 2260 827 2343 ipso
876 2262 1245 2341 conpletum
1294 2260 1455 2324 forte
1504 2262 1866 2344 cognoscat,
1917 2260 2084 2341 quod
2142 2260 2289 2324 olim
2349 2259 2744 2341 praedictum

462 2369 560 2430 est
606 2385 643 2429 a
686 2368 1017 2450 prophetis
1066 2368 1425 2431 Hebraeis?

555 2476 655 2538 10.
700 2475 913 2558 Magis
963 2475 1312 2539 uerendum
1351 2478 1502 2551 erat,
1542 2494 1620 2538 ne
1657 2476 1836 2537 tanta
1870 2492 2082 2537 rerum
2121 2474 2443 2537 euidentia
2480 2473 2745 2537 circum-

460 2581 642 2645 fusus
717 2582 987 2647 fortasse
1056 2580 1321 2661 diceret,
1387 2585 1807 2665 posteaquam
1871 2581 1999 2644 ista
2061 2600 2172 2661 per
2232 2578 2544 2643 mundum
2608 2577 2744 2641 fieri

371 2718 421 2759 ρο
464 2690 827 2770 coeperunt,
876 2688 1257 2753 christianos
1304 2684 1420 2753 ha's
1467 2689 1718 2752 litteras
1768 2688 2200 2770 conposuisse,
2232 2689 2329 2750 ut
2383 2690 2526 2749 ante
2585 2684 2743 2748 diui-

460 2793 633 2859 nitus
678 2794 1003 2877 praedicta
1046 2797 1441 2877 putarentur,
1492 2814 1567 2858 ne
1618 2794 1800 2876 quasi
1855 2797 2091 2857 temere
2151 2792 2521 2856 humanitus
2577 2791 2749 2853 facta

463 2904 1033 2965 contemnerentur.
1100 2902 1222 2966 hoc
1286 2902 1637 2966 uerendum
1705 2904 1824 2967 est.
1891 2901 2014 2965 nisi
2080 2902 2251 2964 esset
2304 2899 2432 2963 late
2489 2916 2746 2982 sparsus

460 3006 712 3089 lateque
769 3012 959 3072 notus
1017 3010 1292 3092 populus
1340 3008 1741 3083 Iudaeorum,
1822 3007 1975 3072 Cain
2039 3007 2148 3072 ille
2215 3006 2397 3090 signo
2464 3008 2746 3087 accepto,

462 3132 537 3177 ne
585 3115 662 3179 ab
702 3115 916 3197 aliquo
954 3116 1391 3191 interficiatur,
1434 3117 1497 3179 et
1533 3115 1642 3178 ille
1682 3113 1879 3179 Cham
1920 3132 2144 3178 seruus
2183 3112 2444 3177 fratrum
2487 3132 2748 3177 suorum

370 3236 423 3275 2⁵
463 3221 772 3302 portando
836 3222 1062 3297 libros,
1131 3222 1361 3304 quibus
1426 3222 1524 3285 illi
1590 3221 1985 3297 erudiantur,
2049 3221 2187 3304 ipse
2255 3222 2564 3285 oneretur.
2641 3238 2751 3302 per

464 3346 680 3391 eorum
746 3329 979 3412 quippe
1044 3329 1295 3393 codices
1360 3329 1703 3412 probamus
1772 3347 1893 3391 non
1951 3346 1984 3391 a
2041 3327 2223 3392 nobis
2287 3329 2612 3408 tamquam
2671 3326 2748 3389 de

640 3520 709 3573 23
747 3520 813 3572 cf.
853 3518 988 3573 Gen.
1025 3528 1075 3579 4,
1116 3520 1185 3571 15
1264 3508 1364 3571 '24
1403 3518 1469 3571 cf.
1510 3516 1644 3573 Gen.
1687 3518 1767 3577 11,
1809 3518 1877 3569 25

532 3664 565 3715 2
602 3663 659 3715 in
698 3667 827 3713 ante
880 3659 1121 3713 cauernis
1176 3674 1219 3711 8.
1260 3658 1295 3712 Ζ.
1332 3676 1401 3714 m.
1440 3662 1473 3711 1
1508 3658 1561 3711 L
1760 3657 1930 3711 faciae
1968 3658 2044 3710 L¹
2201 3660 2235 3711 4
2275 3659 2627 3712 exsurrexerit
2666 3664 2762 3723 (ex.

460 3770 501 3805 8.
541 3752 575 3805 l.
612 3768 683 3803 m.
718 3748 768 3817 1)
813 3748 860 3802 0
989 3750 1022 3801 5
1060 3747 1527 3814 abhominationes
1564 3747 1614 3801 S
1644 3746 2112 3801 abhominationes
2156 3746 2350 3801 GGM2
2494 3764 2630 3816 quae
2669 3747 2744 3800 L¹

462 3856 564 3909 que
626 3840 673 3893 G
722 3856 827 3909 que
882 3837 913 3890 b
1098 3837 1128 3890 7
1186 3837 1537 3890 catecizamus
1595 3835 1964 3890 S2L¹M¹GG²
2017 3837 2370 3890 catezizamus
2427 3836 2745 3890 S¹L²M²G1

462 3930 495 3982 8
553 3932 631 3990 (et
680 3929 761 3983 15.
814 3928 896 3993 17)
950 3926 1167 3979 hebreis
1219 3926 1267 3979 0
1368 3926 1437 3979 13
1492 3926 1848 3979 seuerissimis
1905 3928 1984 3995 (se
2029 3942 2072 3978 3.
2122 3926 2157 3978 l.
2203 3942 2272 3978 m.
2321 3924 2369 3994 1)
2420 3925 2472 3977 L
2517 3925 2736 3978 uerissi-

461 4019 563 4072 mis
609 4018 777 4072 SMG
831 4015 1168 4071 uerissimilis
1212 4015 1298 4068 Pb
1484 4015 1549 4067 14
1605 4015 1878 4068 audatiam
1932 4014 1980 4067 0
2161 4014 2221 4067 18
2279 4014 2652 4079 ueneraendum
2706 4012 2753 4067 O

463 4107 533 4161 20
577 4109 835 4177 ceperunt
885 4107 932 4160 G
1072 4102 1392 4159 christianos
1440 4106 1507 4169 (s.
1558 4105 1592 4157 l.
1643 4120 1680 4155 a
1722 4120 1790 4157 m.
1841 4106 1906 4169 2)
1947 4104 1993 4157 S
2131 4102 2318 4155 literas
2364 4102 2411 4155 0
2513 4102 2582 4154 22
2623 4118 2747 4155 con-

464 4199 866 4266 tempnerentur
900 4196 1023 4257 (ult.
1060 4210 1095 4246 n
1133 4210 1176 4246 s,
1217 4194 1276 4259 Ζ.)
1320 4192 1367 4245 G
1400 4194 1905 4262 contempnerentur
1941 4192 2092 4245 LGS
2267 4192 2336 4244 23
2383 4190 2664 4245 iudeorum
2711 4190 2756 4245 C

464 4286 531 4337 24
586 4284 939 4338 interfitiatur
982 4282 1029 4336 G
1248 4298 1363 4336 cam
1420 4280 1740 4335 S¹LGM¹G
1921 4281 1989 4334 25
2055 4280 2322 4351 oneretur]
2389 4282 2640 4357 onoretur
2677 4280 2748 4334 L'

462 4374 752 4427 honeretur
795 4373 842 4426 G
873 4375 1155 4425 coneretur
1191 4370 1314 4425 8¹62
