3159 4984
982 438 1071 490 VI.
1121 437 1412 493 Contra
1468 439 1840 492 Faustum
1895 439 2026 494 lib.
2084 440 2227 494 XVI.
2599 442 2726 506 477

445 629 555 693 sed
603 649 821 695 eorum
868 632 1037 696 sacta
1084 634 1407 698 sectando.
1456 633 1577 699 hoc
1617 652 1764 716 ergo
1807 633 1931 697 dici
1969 637 2191 715 posset
2225 637 2381 698 tunc
2419 635 2746 717 proselyto

445 736 838 815 circumciso,
888 738 1057 820 quod
1104 739 1343 803 Paulus
1393 740 1586 803 dicit:
1647 739 2133 804 circumcisio
2185 740 2481 821 quidem
2533 740 2744 823 prod-

444 848 579 923 est,
631 846 694 909 si
741 847 988 929 legem
1036 846 1449 911 custodias.
1502 848 1651 929 quia
1697 866 1848 912 uero
1895 848 2007 912 ille
2051 848 2113 911 in
2165 867 2287 912 non
2329 847 2746 912 custodienda

440 951 580 1036 lege
634 952 1002 1034 pharisaeos
1055 952 1446 1031 imitabatur,
1494 953 1690 1017 fiebat
1743 954 1916 1019 filius
1974 954 2332 1038 gehennae3
2390 956 2742 1037 propterea,

377 1079 403 1117 5
441 1060 749 1139 quantum
807 1057 1090 1130 arbitror,
1150 1058 1341 1141 duplo
1400 1077 1589 1140 quarn
1647 1060 1764 1137 illi,
1824 1059 1974 1142 quia
2037 1059 2158 1125 hoc
2213 1061 2594 1143 neglegebat
2647 1060 2738 1123 in-

439 1165 632 1247 plere,
673 1165 843 1247 quod
877 1164 1133 1247 propria
1167 1166 1501 1229 uoluntate
1541 1169 1930 1250 susceperat,
1970 1186 2094 1231 non
2135 1186 2206 1231 ex
2239 1166 2491 1231 Iudaeis
2531 1170 2739 1246 natue,

441 1271 553 1336 sed
601 1274 825 1354 sponte
874 1272 1150 1335 Iudaeus
1196 1271 1429 1336 factuS.

530 1380 633 1441 30.
713 1376 880 1456 Quid
946 1382 1161 1443 autem
1228 1379 1434 1444 dicere
1498 1381 1787 1455 uoluisti,
1857 1380 1991 1444 sine
2055 1384 2348 1464 respectu
2414 1381 2738 1459 iniuriose,

441 1486 609 1568 quod
663 1486 967 1569 Moyses
1024 1485 1415 1551 helluonis
1482 1487 1554 1549 in
1620 1487 1919 1551 modum
1987 1488 2470 1570 disceptator
2526 1487 2740 1552 sedet

354 1610 405 1645 10
439 1593 805 1674 iubetque
864 1592 1017 1655 alia
1088 1591 1387 1673 quidem
1464 1592 1918 1676 abligurrini
1981 1612 2113 1675 pro
2193 1593 2522 1670 mundis,
2591 1594 2742 1657 alia

438 1718 616 1764 uero
663 1717 792 1780 pro
841 1684 1227 1763 inmundis
1275 1716 1363 1761 ne
1412 1698 1758 1782 contingi
1807 1699 2153 1781 quidem?
2213 1720 2360 1764 cum
2409 1701 2488 1764 ad
2536 1701 2737 1764 hellu—

438 1824 619 1869 onem
667 1806 788 1870 hoc
827 1804 1029 1887 magis
1067 1804 1400 1887 pertineat,
1440 1807 1514 1867 ut
1549 1805 1727 1867 nulla
1764 1805 2102 1883 discernat,
2143 1808 2274 1883 aut,
2318 1807 2372 1870 si
2412 1807 2734 1883 discernit,

436 1912 731 1975 suauiora
778 1910 992 1995 eligat.
1044 1930 1121 1973 an
1170 1912 1289 1975 hoc
1336 1910 1477 1975 ideo
1529 1911 1712 1986 dicis,
1759 1913 1835 1975 ut
1867 1912 2160 1995 inperitis
2201 1914 2588 1977 continentia
2623 1916 2738 1977 tua

434 2019 615 2083 uelut
662 2019 738 2081 ab
786 2019 1044 2082 ineunte
1092 2019 1298 2081 aetate
1345 2016 1630 2081 miranda
1675 2017 1972 2082 uideatur
2017 2020 2204 2101 quasi
2249 2020 2590 2085 nescientis
2629 2022 2738 2085 uel

348 2143 398 2179 1⁵
432 2126 559 2189 iam
608 2125 810 2201 obliti,
860 2126 1092 2207 quanto
1140 2124 1482 2188 iucundius
1532 2125 1740 2207 sapiat
1783 2125 2042 2209 porcina
2097 2146 2289 2208 quam
2347 2128 2734 2191 ueruecinaP

434 2232 545 2296 sed
593 2232 743 2313 quia
790 2234 853 2295 et
897 2231 1022 2295 ista
1059 2232 1317 2315 Moyses
1364 2230 1588 2313 figuris
1635 2231 2024 2314 propheticis
2065 2232 2142 2297 de
2183 2231 2436 2299 Christo
2477 2234 2733 2316 scripsit

430 2338 495 2401 in
542 2338 911 2401 animalium
962 2336 1253 2401 carnibus
1302 2335 1668 2419 significans
1725 2336 2016 2401 homines
2071 2339 2182 2402 uel
2239 2338 2731 2421 incorporandos

434 2444 670 2509 Christi
718 2444 982 2527 corpori,
1032 2443 1201 2525 quod
1249 2448 1350 2507 est
1396 2444 1686 2521 ecclesia,
1725 2444 1833 2508 uel
1868 2444 2281 2528 respuendOS,
2323 2464 2438 2510 uos
2479 2464 2731 2527 quoque

428 2551 595 2614 inter
637 2550 943 2614 inmunda
987 2550 1309 2633 figurauit,
1359 2550 1468 2632 qui
1515 2553 1812 2633 proptera
1849 2550 1996 2614 fidei
2037 2550 2385 2617 catholicae
2424 2571 2548 2615 non
2589 2570 2733 2615 con-

341 2674 395 2712 20
430 2657 687 2735 acuitis,
746 2656 896 2739 quia
948 2674 1067 2721 nec
1120 2656 1456 2721 ruminatis
1513 2658 1782 2721 uerbum
1839 2658 2186 2739 sapientiae
2247 2660 2312 2722 et
2367 2658 2490 2721 duo
2539 2660 2724 2721 testa-

430 2766 664 2842 menta,
722 2767 914 2829 uetus
973 2766 1039 2827 et
1090 2782 1353 2840 nouum,
1411 2782 1536 2827 non
1595 2763 1991 2828 concorditer
2048 2763 2516 2847 distinguentes
2571 2766 2732 2827 tam—

433 2889 623 2952 quam
689 2870 1005 2955 geminam
1072 2871 1377 2954 ungulam
1442 2890 1568 2935 non
1631 2870 1902 2935 habetis.
1971 2870 2114 2953 quis
2183 2874 2398 2933 autem
2455 2870 2616 2934 serat
2669 2872 2732 2933 te

434 2996 683 3059 quoque
728 2977 1052 3041 Adimanti
1097 2977 1301 3041 uestri
1347 2976 1663 3040 fallaciam
1710 2996 1834 3042 non
1882 2977 2189 3060 puduisse
2240 2978 2517 3041 sectari?

524 3085 627 3150 31.
679 3084 857 3148 Dicis
906 3083 1073 3146 enim
1122 3086 1187 3147 et
1231 3086 1305 3145 tu
1351 3082 1778 3159 „Christum
1827 3082 1938 3146 sic
1987 3081 2346 3147 docuisse
2396 3083 2732 3147 ciborum

347 3210 399 3247 εὖ
435 3189 1073 3267 indifferentiam,
1141 3192 1226 3253 ut
1290 3208 1327 3251 a
1392 3188 1551 3253 suis
1621 3188 1921 3269 quidem
1991 3188 2401 3271 discipulis
2481 3209 2731 3254 omnes

434 3315 694 3361 carnes
759 3296 1067 3379 penitus
1134 3298 1580 3372 remoueret,
1651 3294 2186 3359 saecularibus
2253 3315 2432 3361 uero
2499 3298 2732 3379 uulgo

436 3403 886 3468 concederet
943 3402 1214 3479 omnia,
1276 3419 1463 3483 quae
1538 3406 1855 3483 possent
1923 3402 2068 3478 edi,
2141 3401 2364 3484 atque
2433 3403 2734 3466 adseue—

611 3630 643 3679 2
680 3630 833 3681 Rom.
873 3630 922 3691 2,
964 3630 1030 3680 25

506 3789 530 3841 1
586 3788 841 3857 proselito
896 3786 943 3840 G
1118 3790 1151 3841 2
1197 3787 1361 3858 prode
1414 3791 1497 3841 est
1545 3788 1599 3841 L
1779 3792 1813 3841 4
1857 3788 2136 3858 phariseos
2185 3787 2232 3841 S
2372 3788 2617 3856 gehenne
2670 3786 2731 3839 0¹

432 3905 464 3955 5
504 3869 629 3971 qui.²
654 3902 699 3957 S
836 3902 1170 3973 neglegebat
1206 3902 1283 3955 12¹
1398 3904 1461 3956 ¹0
1496 3902 1792 3973 iubetqnae
1823 3902 1896 3955 L²
2043 3902 2352 3972 abligurriri
2384 3902 2444 3967 (li
2474 3916 2541 3955 ea:
2570 3900 2649 3968 lu)
2681 3900 2734 3952 L

430 3991 713 4062 abliguriri
749 3991 781 4045 b
894 3992 955 4044 ll
995 4008 1094 4045 nec
1131 3990 1355 4045 LSMG
1466 3990 1532 4045 14
1568 3990 1725 4044 uelut
1755 3989 1812 4058 (d
1837 3992 1902 4045 in
1937 3996 2117 4045 tcorr.
2145 4008 2215 4044 m.
2244 3992 2296 4060 1)
2328 3988 2375 4044 S
2489 3988 2555 4041 15
2595 3986 2733 4042 obli-

432 4097 636 4149 quante
705 4078 853 4135 8¹6¹
920 4070 1255 4149 obliquantis
1326 4080 1366 4143 (i
1422 4079 1487 4132 in
1547 4082 1684 4147 ras.)
1745 4078 1888 4135 8³6²
2067 4079 2352 4133 iocundius
2408 4076 2734 4132 L²GSGMb

431 4168 715 4223 uerbecina
750 4167 1042 4223 L¹CSMG
1178 4170 1246 4222 16
1286 4168 1614 4240 propheticis
1662 4170 1706 4223 C
1839 4170 1907 4224 19
1944 4168 2250 4223 immunda*
2291 4172 2337 4235 (s
2375 4168 2490 4221 uid.
2531 4168 2624 4231 er.)
2665 4165 2739 4217 M

429 4256 696 4310 immudos
734 4258 765 4309 b
983 4257 1353 4311 conuenientia
1390 4258 1465 4309 L¹
1657 4258 1725 4309 22
1763 4258 1928 4311 ferret
1984 4262 2070 4325 (m.
2111 4262 2141 4311 1
2177 4273 2314 4312 corr.
2369 4258 2434 4309 in
2487 4255 2645 4323 ferat)
2692 4254 2739 4307 (J

430 4346 500 4398 23
529 4345 827 4399 adimanthi
854 4346 1083 4401 LGGM
1184 4345 1449 4399 fallatiam
1496 4346 1596 4401 CG
1705 4348 1770 4398 27
1813 4345 1900 4400 edi
1938 4346 2109 4410 (³1.-1.)
2150 4343 2197 4399 S
2229 4344 2351 4398 aedi
2386 4343 2592 4397 ΗΜΘ
