3159 4984
528 489 655 553 758
1216 487 1268 541 S.
1324 487 1601 542 Aureli
1657 487 2092 558 Augustini
2179 437 2193 457 .

508 701 712 764 ,quam
756 679 1041 759 interest,
1098 679 1221 746 nisi
1269 681 1439 764 quod
1483 681 1816 746 Hebraeus
1871 680 1936 746 in
1994 681 2377 764 quibusdam
2435 680 2822 745 animalibus

522 807 559 852 a
602 807 847 873 pagano
896 787 1215 854 dissentit.
1282 790 1483 852 restat
1539 787 1885 852 christiana
1929 787 2109 866 fides,
2159 785 2342 852 cuius
2391 787 2446 852 si
2490 787 2822 870 proprium

522 896 647 960 hoc
694 914 835 960 esse
880 898 1073 978 putas
1108 894 1268 959 nihil
1305 894 1662 960 existimare
1699 895 2042 978 pollutum,
2078 894 2255 977 prius
2293 897 2412 973 est,
2451 897 2526 958 ut
2560 895 2822 960 fatearis

523 1003 586 1066 in
640 1002 829 1068 uobis
887 1021 1028 1068 esse
1085 984 1403 1066 neminem
1464 999 1900 1068 christianum.
1967 1020 2187 1067 omnes
2236 1001 2404 1066 enim
2449 1000 2618 1085 apud
2673 1021 2820 1072 uos,

525 1111 596 1174 ut
642 1113 853 1174 cetera
896 1109 1218 1184 reticeam,
1266 1108 1602 1173 morticina
1647 1110 1860 1172 tamen
1910 1111 1976 1172 et
2017 1107 2325 1173 inmolata
2377 1107 2818 1190 inquinamen·
2888 1129 2920 1168 ⁵

523 1220 663 1280 tum
728 1216 1092 1282 existimant
1158 1235 1299 1282 esse
1363 1235 1486 1281 non
1548 1234 1858 1300 paruum3
1927 1218 2040 1279 aut
2103 1215 2159 1280 si
2223 1218 2288 1280 et
2351 1235 2386 1279 a
2439 1215 2624 1281 uobis
2680 1215 2822 1280 iure

524 1321 1009 1388 christianitatis
1074 1323 1196 1388 hoc
1262 1323 1495 1406 agitur,
1560 1342 1641 1386 ne
1705 1322 1898 1386 huius
1965 1321 2220 1403 quidem
2287 1340 2433 1406 ergo
2490 1321 2822 1405 religionis

524 1427 841 1495 sententia
888 1431 1005 1506 est,
1055 1447 1217 1512 quae
1265 1447 1517 1494 omnem
1562 1427 1820 1510 penitus
1863 1427 2314 1492 inmundorum
2368 1425 2820 1492 abstinentiam

524 1535 720 1601 tollit.
780 1553 1086 1618 quorsum
1141 1552 1292 1618 ergo
1350 1553 1387 1598 a
1431 1535 1634 1600 Paulo
1691 1532 1758 1598 id
1816 1531 1942 1600 dici
1995 1533 2230 1617 potuit,
2287 1533 2456 1617 quod
2513 1533 2678 1598 nulli
2731 1534 2822 1598 sit

522 1641 813 1726 religioni
880 1641 1315 1706 conueniens?
1382 1643 1618 1706 etenim
1684 1643 2014 1725 apostolus
2077 1659 2201 1706 non
2255 1644 2390 1705 tam
2441 1641 2821 1724 religionem
2857 1661 2918 1699 m

524 1747 697 1812 exuit
759 1766 950 1829 quam
1014 1747 1207 1812 ritum
1266 1749 1565 1826 mutauit,
1625 1767 1770 1814 cum
1827 1767 1899 1814 ex
1945 1749 2180 1814 Iudaeo
2235 1749 2444 1813 factus
2501 1751 2602 1814 est
2655 1747 2822 1812 chri-

527 1854 792 1922 stianuS.
844 1856 910 1917 at
953 1873 1107 1920 uero
1156 1854 1263 1937 qui
1310 1855 1431 1921 hoc
1478 1857 1831 1939 capitulum
1878 1854 2155 1939 scripsit,
2203 1854 2460 1918 uidetur
2500 1853 2612 1918 ille
2659 1854 2824 1918 mihi

525 1961 701 2024 nulla
742 1978 1002 2043 prorsus
1048 1947 1354 2046 religione
1400 1961 1602 2027 fuisse
1649 1962 1974 2027 subnixus,
2482 2037 2492 2048 Ι

614 2068 676 2130 3.
738 2064 1136 2150 Quapropter
1180 2068 1236 2133 si
1284 2068 1435 2151 quid
1483 2068 1559 2134 de
1609 2071 1818 2134 cetero
1865 2069 1928 2132 in
1974 2068 2321 2134 laesionem
2348 2071 2620 2132 'nostrae
2667 2067 2822 2132 fidei

524 2173 598 2237 de
664 2172 997 2256 scripturis
1064 2177 1439 2256 quaerentes
1501 2173 1898 2250 inueneritis,
1963 2176 2118 2238 tunc
2179 2172 2437 2238 demum
2500 2173 2566 2236 id
2629 2173 2820 2238 nobis
2848 2191 2904 2231 ιε»

526 2279 840 2362 obponere
896 2281 1305 2356 mementote,
1366 2297 1510 2344 cum
1564 2279 1750 2345 uobis
1815 2279 2218 2362 peruideritis
2282 2296 2408 2343 non
2472 2297 2614 2344 esse
2671 2298 2818 2344 con-

522 2387 788 2451 trarium
838 2434 853 2449 .
906 2385 1443 2468 quemadmodum
1500 2391 1566 2452 et
1619 2388 1803 2465 illud,
1865 2388 2033 2470 quod
2079 2387 2156 2452 de
2202 2387 2391 2452 Petro
2438 2385 2662 2452 soletis
2711 2385 2818 2450 ad-

522 2494 703 2571 ferre,
770 2495 1097 2577 tamquam
1161 2493 1330 2558 idem
1395 2494 1632 2559 uiderit
1695 2494 2032 2578 aliquando
2099 2495 2176 2559 de
2233 2495 2407 2560 caelo
2464 2493 2818 2558 demissum

522 2619 660 2679 uas,
708 2601 769 2664 in
810 2618 934 2682 quo
974 2602 1191 2666 essent
1228 2600 1441 2666 omnia
1476 2619 1710 2686 genera
1745 2602 2117 2667 animalium
2158 2605 2222 2666 et
2259 2605 2584 2685 serpentes
2622 2609 2817 2683 atque

522 2727 596 2772 eo
674 2706 959 2772 adtonito
1039 2711 1105 2772 et
1168 2707 1515 2773 admirante
1582 2727 1704 2774 uox
1770 2709 1988 2773 audita
2051 2709 2138 2774 sit
2201 2708 2418 2774 dicens
2481 2707 2562 2772 ad
2627 2725 2814 2771 eum:
2855 2727 2914 2766 ao

526 2813 777 2890 Petre,
839 2813 1141 2896 quicquid
1205 2813 1268 2878 in
1334 2833 1489 2879 uase
1553 2814 1766 2892 uides,
1833 2818 2078 2880 macta
2133 2818 2207 2880 et
2260 2813 2643 2880 manduca.
2711 2813 2820 2879 cui

456 2965 460 2970 -
524 2919 693 2984 idem
758 2919 1183 3003 respondens:
1252 2920 1575 2998 domine,
1637 2940 2050 3000 commune,
2108 2921 2344 3005 inquit,
2405 2924 2478 2986 et
2531 2921 2818 2985 inmun·

526 3026 695 3090 dum
750 3045 893 3090 non
950 3026 1405 3110 contingam.
1473 3031 1539 3092 et
1593 3029 1826 3092 iterum
1880 3046 2002 3093 uox
2059 3029 2138 3092 ad
2194 3047 2378 3093 eum:
2437 3028 2632 3111 quod
2679 3047 2816 3112 ego

531 3131 1056 3208 sanctificaui,
1129 3133 1567 3198 inmundum
1644 3155 1730 3199 ne
1805 3133 2225 3201 uocaueris.
2311 3135 2483 3217 quod
2557 3134 2814 3217 quidem

524 3240 738 3322 ipsum
784 3239 939 3303 licet
984 3242 1049 3304 et
1093 3258 1206 3322 per
1260 3239 1626 3323 allegoriam
1683 3241 1856 3306 aliud
1913 3241 2215 3325 quiddam
2271 3247 2338 3307 et
2387 3261 2513 3307 non
2569 3241 2814 3307 indiffe·
2857 3259 2908 3297 τε

523 3344 790 3409 rentiam
856 3345 1149 3410 uideatur
1214 3346 1571 3430 significare
1637 3347 1944 3427 ciborum,
2011 3351 2244 3427 tamen,
2301 3348 2451 3431 quia
2505 3348 2690 3415 uobis
2747 3353 2816 3413 et

520 3451 641 3516 hoc
685 3451 779 3515 ita
822 3451 1192 3535 intellegere
1237 3452 1467 3536 placet,
1517 3453 1868 3519 uescamini
1904 3454 2102 3539 igitur
2135 3472 2399 3520 necesse
2437 3459 2538 3520 est
2571 3455 2814 3538 passim

696 3687 731 3740 5
770 3686 835 3739 cf.
875 3685 993 3741 Act.
1038 3686 1119 3748 15,
1159 3687 1227 3740 29
1336 3688 1401 3740 21
1441 3687 1563 3741 Act.
1607 3687 1688 3752 10,
1731 3688 1798 3740 13
1837 3705 1958 3758 sqq.
2066 3688 2136 3760 23
2175 3687 2294 3745 Aet.
2338 3687 2420 3751 10,
2461 3689 2525 3743 11
2565 3705 2681 3760 sqq.

593 3863 622 3915 1
660 3861 889 3916 hebreus
918 3863 972 3916 L
1116 3864 1149 3914 2
1188 3863 1415 3933 paganis
1445 3865 1475 3916 b
1595 3866 1630 3918 4
1667 3863 1959 3934 neminem]
1996 3873 2122 3918 nom
2155 3863 2203 3919 G
2307 3863 2341 3919 8
2379 3866 2630 3934 paenitus
2667 3869 2810 3934 (ap.

516 3966 584 4004 m.
607 3951 665 4020 2)
685 3950 738 4005 L
847 3951 1181 4006 abstinentia
1199 3957 1290 4019 (ev
1313 3969 1350 4006 a
1369 3970 1438 4007 m.
1460 3957 1517 4007 21
1539 3952 1593 4007 L
1666 3955 1698 4008 9
1719 3955 1995 4024 quorsum]
2017 3971 2264 4020 cursuum
2289 3959 2346 4022 (u
2365 3971 2486 4024 esp.
2505 3972 2574 4008 m.
2597 3957 2658 4022 2)
2679 3953 2814 4007 LP³

520 4055 763 4093 cursuum
816 4039 925 4095 G'b
973 4058 1227 4111 quorsum
1278 4041 1351 4094 M
1394 4045 1475 4112 (in
1522 4061 1622 4113 my.
1675 4061 1929 4115 quursum
1979 4061 2073 4114 pro
2135 4060 2226 4098 cur
2284 4044 2360 4098 sic
2409 4059 2662 4113 quorsum
2713 4059 2810 4113 pro

518 4129 785 4198 quomodo
824 4134 881 4183 et
918 4131 1026 4184 alia
1059 4131 1233 4185 multa
1269 4131 1429 4185 huius
1464 4131 1633 4199 modi)
1816 4133 1884 4185 12
1921 4134 2002 4200 at]
2047 4131 2149 4186 hoc
2187 4133 2278 4198 (m.
2317 4131 2352 4184 2
2386 4147 2430 4185 s.
2470 4148 2499 4183 o
2535 4146 2639 4184 scr.
2677 4130 2719 4190 i)
2763 4129 2812 4183 C

520 4217 585 4271 13
614 4217 887 4288 relegione
912 4219 1031 4274 68¹
1219 4221 1281 4273 14
1310 4223 1518 4280 cetero,.=
1548 4221 1595 4288 (s
1625 4221 1740 4274 uid.
1771 4223 1866 4284 er.)
1895 4220 1947 4273 L
2083 4220 2340 4274 lesionem
2367 4219 2416 4274 G
2555 4223 2738 4273 nostre
2763 4217 2814 4272 C

516 4307 586 4359 15
615 4311 901 4375 querentes
947 4307 994 4360 0
1138 4308 1203 4361 18
1250 4307 1527 4362 dimissum
1569 4307 1828 4364 LC'PSG
1971 4309 2040 4362 20
2080 4309 2396 4362 ammirante
2432 4307 2658 4362 LSMG
2691 4309 2808 4360 tam
2881 4301 2891 4309 '

515 4393 747 4447 mirante
786 4393 817 4446 b
954 4396 1021 4448 21
1064 4399 1243 4450 macta
1280 4399 1393 4465 (cta
1428 4411 1544 4464 εωρ.
1587 4401 1642 4450 et
1677 4413 1720 4451 s.
1758 4397 1934 4451 nduca
1970 4399 2094 4464 scr.)
2141 4397 2194 4451 G
2329 4398 2399 4452 24
2435 4395 2714 4451 uocaberis
2753 4393 2808 4448 L
