3159 4984
460 480 590 542 334
1170 478 1221 531 S.
1280 476 1552 531 Aureli
1610 477 2047 546 Augustini

454 693 577 738 non
627 672 962 737 credimus.
1010 671 1319 737 habemus
1367 671 1534 736 enim
1583 671 1904 738 Christum
1953 690 2178 736 uerum
2213 674 2406 755 atque
2444 690 2752 747 ueracem,

454 779 841 861 praedictum
882 798 917 843 a
953 779 1301 862 prophetiS,
1341 778 1738 861 praedictum
1787 780 1863 843 ab
1912 778 2219 862 apostolis
2265 778 2751 862 praedicationis

456 904 607 950 suae
663 886 1033 951 testimonia
1087 903 1161 950 ex
1215 887 1357 970 lege
1414 888 1479 949 et
1530 885 1861 968 prophetis
1919 885 2380 963 exhibentibus,
2441 886 2610 951 sicut
2660 886 2750 949 in-

454 993 951 1058 numerabilibus
996 992 1157 1057 locis
1206 991 1568 1058 ostendunt.
1628 992 1800 1073 quod
1845 993 2086 1057 Paulus
2131 992 2509 1058 breuissime
2556 992 2752 1057 ueris-

454 1099 740 1182 simeque
816 1098 1157 1182 conplexus
1233 1101 1332 1162 est
1404 1098 1660 1163 dicens:
1747 1117 1941 1163 nunc
2017 1100 2267 1163 autem
2346 1098 2507 1163 sine
2581 1100 2752 1183 lege
2816 1116 2845 1156 s

456 1205 761 1270 iustitia
809 1206 927 1270 dei
974 1206 1467 1269 manifestata
1514 1208 1653 1281 est,
1701 1204 2146 1270 testificata
2199 1224 2328 1288 per
2381 1205 2629 1289 legem
2680 1210 2753 1271 et

449 1314 882 1398 prophetas
963 1332 1125 1395 quos
1198 1312 1539 1397 prophetas
1618 1312 1743 1377 nisi
1818 1312 2204 1391 Israhelitas,
2271 1331 2542 1396 quorum
2609 1332 2750 1379 esse

452 1420 847 1504 apertissime
913 1420 1071 1485 dixit
1153 1422 1217 1485 et
1278 1421 1664 1483 testamenta
1747 1422 1812 1482 et
1874 1418 2037 1502 legis
2103 1418 2622 1485 constitutionem
2689 1422 2754 1484 et

450 1527 953 1612 promissiones?
1030 1526 1106 1591 de
1173 1544 1298 1608 quo
1363 1526 1820 1609 promissiones
1884 1526 2009 1591 nisi
2074 1526 2150 1590 de
2210 1526 2513 1591 Christo?
2579 1526 2752 1609 quod

454 1634 729 1701 breuiter
774 1636 896 1699 alio
942 1634 1085 1699 loco
1134 1634 1530 1709 determinat,
1580 1652 1726 1698 cum
1766 1632 1842 1697 de
1883 1631 2134 1698 Christo
2171 1634 2457 1715 loquitur
2493 1633 2746 1699 dicens:
2787 1644 2842 1683 1⁰

454 1729 835 1824 quotquo't
892 1742 1085 1806 enim
1143 1743 1319 1805 sunt
1373 1738 1925 1824 promissiones
1984 1739 2122 1813 dei,
2181 1741 2252 1804 in
2310 1740 2448 1806 illo
2498 1740 2745 1805 etiam.

454 1846 610 1913 dicit
680 1848 835 1912 mihi
903 1848 1144 1911 Paulus
1207 1847 1684 1911 Israhelitarum
1751 1866 1891 1911 esse
1955 1848 2118 1931 legis
2185 1846 2745 1921 constitutionem3

456 1954 610 2019 dicit
672 1954 900 2018 etiam:
978 1953 1161 2019 finis
1237 1954 1431 2017 enim
1502 1954 1705 2038 legis
1777 1952 2132 2019 Christus
2208 1954 2296 2018 ad
2359 1953 2746 2019 iustitiam

454 2062 651 2127 omni
700 2060 1070 2136 credenti;
1129 2060 1285 2125 dicit
1330 2061 1523 2125 etiam
1570 2060 1647 2124 de
1698 2059 1950 2126 Christo
1997 2063 2304 2143 loquens:
2365 2064 2748 2145 quotquot

456 2168 653 2232 enim
702 2171 881 2233 sunt
925 2167 1473 2251 promissiones
1524 2168 1661 2244 dei,
1710 2168 1784 2231 in
1831 2168 1969 2233 illo
2019 2168 2276 2232 etiam:
2343 2171 2408 2232 et
2461 2171 2534 2232 tu
2589 2166 2747 2231 mihi
2783 2174 2840 2214 ¹5

456 2274 613 2339 dicis
659 2274 1028 2339 Israhelitas
1076 2273 1166 2339 de·
1203 2273 1452 2340 Christo
1500 2274 1658 2339 nihil
1703 2274 2087 2357 praedixisse
2133 2275 2524 2359 prophetas?
2590 2272 2746 2355 quid

454 2381 651 2465 igitur
692 2384 913 2457 restat,
952 2381 1076 2447 nisi
1112 2384 1189 2444 ut
1223 2381 1475 2466 eligam,
1515 2383 1730 2444 utrum
1768 2381 2139 2448 Manichaeo
2179 2381 2427 2447 credam
2465 2381 2744 2446 fabulam

448 2506 678 2551 uanam
726 2492 791 2553 et
834 2489 1089 2572 longam
1138 2490 1354 2553 contra
1397 2488 1674 2552 Paulum
1719 2488 2017 2565 narranti,
2076 2506 2152 2551 an
2200 2488 2400 2553 Paulo
2457 2506 2741 2571 praemo-

450 2595 659 2659 nenti:
712 2596 775 2661 si
813 2594 986 2677 quis
1024 2594 1245 2661 uobis
1284 2594 1944 2679 euangelizauerit
1979 2597 2506 2677 praeterquam
2545 2594 2744 2677 quod

450 2702 1159 2787 euangelizauimus
1206 2702 1449 2778 uobiS,
1500 2701 1898 2765 anathema
1943 2701 2089 2765 sit?
2781 2706 2838 2748 ²⁰

538 2811 598 2874 6.
665 2809 789 2876 Hic
862 2809 1022 2875 forte
1080 2808 1329 2874 dicant:
1406 2808 1705 2885 „ostende
1752 2808 1956 2885 nobis,
2014 2808 2125 2873 ubi
2183 2808 2268 2873 sit
2315 2807 2605 2874 Christus
2664 2808 2740 2872 ab

448 2916 799 2982 Israhelitis
837 2910 1161 3000 prophetis
1197 2913 1737 2997 praenuntiatus.“
1793 2914 1979 2994 quasi
2015 2933 2212 2997 parua
2248 2915 2334 2979 sit
2367 2915 2494 2980 ista
2531 2918 2743 2999 aucto-

446 3026 621 3104 ritas,
661 3042 789 3106 qua
825 3023 1046 3088 dicunt
1081 3020 1354 3105 apostoli
1392 3039 1483 3096 ea,
1524 3038 1688 3103 quae
1724 3019 1790 3084 in
1826 3021 2260 3109 Hebraeorum
2296 3021 2744 3104 prophetarum

446 3130 678 3196 litteris
724 3130 1019 3213 legimus,
1060 3130 1123 3193 in
1164 3128 1415 3194 Christo
1464 3146 1604 3192 esse
1652 3130 1980 3212 conpleta3
2029 3130 2136 3193 uel
2185 3129 2356 3211 quod
2403 3128 2559 3194 dicit
2604 3129 2742 3212 ipse

448 3237 742 3303 dominus
808 3235 884 3300 de
950 3254 1019 3301 se
1082 3235 1195 3299 illa
1256 3253 1395 3299 esse
1462 3234 1836 3317 conscripta.
1914 3234 2174 3319 proinde
2250 3235 2543 3318 quisquis
2617 3234 2740 3299 hoc
2772 3237 2829 3278 2⁵

448 3342 780 3410 ostendere
826 3362 950 3407 non
996 3341 1294 3427 potuerit,
1340 3342 1478 3424 ipse
1526 3359 1650 3405 non
1696 3341 2054 3425 intellegit;
2117 3340 2246 3407 'non
2303 3341 2574 3425 apostoli
2631 3345 2743 3405 aut

448 3450 740 3517 Christus
788 3452 899 3513 aut
944 3449 1147 3529 sancti
1194 3448 1443 3513 codices
1489 3447 1902 3515 mentiuntur.
1950 3452 2389 3513 uerumtamen
2427 3451 2503 3512 ut
2537 3448 2742 3513 multa

446 3577 571 3625 non
628 3557 925 3641 colligam
985 3561 1049 3622 et
1102 3557 1222 3621 hoc
1276 3574 1475 3620 unum
1533 3574 2042 3635 commemorem,
2099 3556 2272 3638 quod
2329 3555 2553 3621 eodem
2597 3556 2738 3622 loco

448 3664 776 3751 apostolus
824 3665 1285 3747 consequenter
1330 3662 1520 3728 dicit:
1577 3679 1719 3726 non
1776 3666 2038 3746 potest
2091 3665 2340 3727 autem
2398 3662 2741 3727 excidere

627 3903 659 3955 5
696 3902 850 3957 Rom.
881 3901 933 3965 3,
963 3902 1025 3954 21
1052 3894 1063 3903 ’
1141 3901 1176 3954 8
1215 3900 1281 3955 of.
1310 3900 1465 3954 Rom.
1494 3900 1545 3966 9,
1575 3902 1612 3953 4
1723 3900 1781 3953 11
1816 3899 1872 3954 11
1902 3900 2023 3956 Cor.
2057 3903 2104 3966 1,
2135 3901 2205 3954 20
2315 3898 2381 3951 13
2408 3898 2561 3950 Rom.
2595 3895 2678 3959 10,
2706 3898 2742 3949 4

450 3990 517 4044 19
558 3988 768 4059 Gaul,
806 3990 841 4043 9
951 3989 1020 4043 29
1054 3989 1208 4043 Rom.
1247 3989 1298 4053 9,
1337 3988 1370 4043 6
1408 4005 1527 4059 sqq.

520 4127 553 4179 2
589 4125 959 4197 praedicatum
998 4127 1155 4195 (alt.)
1193 4125 1302 4180 Lo
1404 4126 1438 4180 3
1466 4124 1854 4182 adhibentibus
1890 4126 2136 4182 GSMGb
2244 4130 2277 4183 5
2317 4128 2624 4199 complexus
2662 4127 2740 4181 Β]

451 4217 512 4269 11
535 4215 826 4286 quodquod
855 4215 932 4269 L¹
1042 4215 1131 4269 dei
1161 4218 1226 4283 (s.
1256 4216 1315 4283 Ζ.)
1347 4215 1395 4270 S
1500 4215 1567 4269 12
1596 4216 1814 4286 paulus]
1841 4217 2085 4288 popul'n
2111 4215 2191 4269 L²
2299 4217 2365 4271 13
2387 4214 2572 4286 etiam]
2593 4218 2737 4269 sunt.

446 4304 625 4358 Etiam
669 4320 780 4374 sqq.
830 4305 863 4358 b
1008 4305 1075 4358 17
1124 4304 1335 4371 elegam
1379 4304 1459 4358 L·
1601 4305 1671 4359 22
1716 4305 2086 4374 israhehelitis
2139 4305 2186 4359 0
2324 4305 2740 4376 praenuntiatus

454 4407 603 4464 (prae
642 4408 685 4447 8.
726 4394 782 4462 l.)
820 4393 869 4448 S
972 4393 1042 4447 23
1076 4392 1395 4446 hebreorum
1439 4392 1487 4446 G
1540 4444 1549 4452 ,
1593 4394 1662 4448 25
1697 4394 1800 4448 hoc
1842 4396 1905 4459 (8.
1945 4395 1981 4448 1.
2019 4412 2088 4450 m.
2129 4399 2189 4463 2)
2235 4394 2284 4449 0
