3159 4984
416 480 544 543 508
1132 482 1183 531 S.
1242 477 1515 531 Aureli
1572 477 2012 575 Augustini

416 674 683 751 soluere.
754 673 865 739 sed
932 674 1274 757 adinplere,
1342 673 1732 756 respondeo:
1800 673 1996 737 immo
2059 678 2396 758 propterea
2458 674 2525 739 id
2589 696 2716 739 non

415 780 715 843 obseruat
780 777 1193 848 christianus.
1264 780 1413 861 quia
1477 780 1646 861 quod
1713 780 1843 844 illis
1909 780 2131 863 figuris
2195 781 2714 863 prophetabatur.

412 884 539 947 iam
593 886 886 951 Christus
942 884 1219 969 inpleuit
1274 906 1398 951 non
1455 886 1798 950 admittens
1857 886 1935 950 ad
1993 906 2220 969 corpus
2277 907 2488 957 31111111,
2547 888 2720 970 (111οᾱ

418 1008 646 1074 corpus
726 993 789 1055 in
866 993 1103 1057 sanctis
1182 994 1315 1057 suis
1392 993 1470 1056 ad
1536 992 1740 1056 uitam
1807 996 2124 1057 aeternam
2195 993 2716 1075 praedestinauit.

414 1099 715 1181 quicquid
763 1120 875 1183 per
920 1101 1031 1163 illa
1078 1100 1375 1164 animalia
1436 1101 1499 1164 in
1557 1100 1844 1165 moribus
1898 1100 2230 1165 hominum
2288 1100 2716 1184 significatum
2787 1121 2828 1159 a

417 1214 535 1271 est.
588 1225 733 1269 cum
785 1206 1053 1287 quaeris.
1097 1226 1287 1288 quare
1338 1206 1723 1271 christianus
1771 1226 1894 1271 non
1944 1207 2324 1270 animalibus
2370 1208 2722 1271 immolatis

416 1312 619 1376 carnis
670 1317 734 1376 et
781 1314 1107 1396 sanguinis
1157 1314 1465 1378 sacrificia
1513 1314 1736 1377 offerat
1772 1313 1911 1379 deo.
1953 1313 2007 1377 si
2048 1313 2340 1378 Christus
2377 1334 2501 1379 non
2543 1316 2722 1378 uenit

414 1418 618 1501 legem
702 1422 979 1487 soluere.
1062 1422 1173 1484 sed
1242 1421 1594 1503 adinplere.
1663 1420 2049 1502 respondeo:
2126 1420 2322 1485 immo
2387 1426 2719 1503 propterea

412 1525 619 1617 magis
668 1526 825 1591 haec
874 1528 1261 1591 christianus
1312 1527 1437 1590 iarn
1488 1527 1710 1590 offerre
1761 1546 1882 1590 non
1933 1527 2142 1603 debet.
2202 1527 2349 1608 quia
2406 1546 2496 1591 ea.
2555 1548 2720 1609 quae

414 1632 653 1697 talibus
702 1653 910 1697 rerum
959 1633 1181 1717 figuris
1231 1632 1326 1696 illi
1374 1633 1857 1716 prophetabant,
1917 1633 2354 1697 immolatione
2403 1634 2604 1698 carnis
2655 1642 2720 1697 et
2769 1654 2825 1689 10

414 1740 744 1821 sanguinis
794 1740 893 1803 sui
936 1740 1227 1804 Christus
1274 1741 1564 1823 inpleuit.
1619 1758 1764 1803 cum
1815 1740 2086 1821 quaeriS.
2128 1760 2240 1804 cur
2286 1760 2503 1823 azyma
2549 1744 2724 1807 sicut

415 1843 633 1909 Iudaei
680 1866 803 1909 non
856 1848 1155 1911 obse-ruet¹
1202 1848 1608 1912 christianus
1672 1846 1724 1909 si
1775 1845 2066 1911 Christus
2115 1866 2237 1910 non
2285 1848 2465 1911 uenit
2507 1850 2718 1931 legem

417 1952 683 2028 soluere,
738 1954 847 2018 sed
897 1955 1237 2037 adinplere,
1288 1953 1677 2035 respondeo:
1727 1954 1921 2015 immo
1969 1956 2299 2034 propterea
2345 1955 2550 2037 magis
2597 1955 2721 2019 hoc

416 2077 537 2122 non
590 2060 889 2123 obseruat
936 2061 1337 2136 christiaan
1388 2060 1555 2141 quia.
1608 2059 1776 2139 quod
1812 2059 1926 2121 illa
1962 2059 2162 2143 figura
2202 2060 2719 2141 prophetabatur.

417 2169 761 2249 expurgato
819 2168 1055 2231 ueteris
1115 2167 1285 2230 uitae
1344 2166 1655 2229 fermento
1721 2185 1952 2229 nouam
2021 2168 2222 2229 uitam
2282 2167 2722 2231 demonstrans
2771 2184 2826 2221 ¹⁵

420 2270 709 2336 Christus
758 2273 1047 2354 inpleuit.
1100 2292 1244 2336 cum
1296 2272 1569 2353 quaeris,
1623 2290 1735 2335 cur
1783 2271 1856 2334 de
1908 2291 2088 2335 carne
2139 2272 2285 2355 agni
2334 2272 2720 2336 christianus

418 2379 653 2460 pascha
716 2399 839 2444 non
909 2379 1207 2443 celebret.
1279 2378 1333 2442 si
1397 2378 1689 2443 Christus
1747 2398 1870 2442 non
1931 2380 2110 2443 uenit
2173 2379 2383 2463 legem
2449 2379 2719 2443 soluere.

419 2485 529 2548 sed
571 2486 913 2569 adinplere.
952 2487 1344 2569 respondeo:
1397 2486 1594 2549 immo
1642 2488 1973 2569 propterea
2023 2484 2405 2549 christianus
2451 2486 2578 2548 iam
2627 2485 2722 2548 sic.

416 2592 654 2671 pascha
700 2614 823 2659 non
875 2595 1175 2659 celebrat.
1226 2593 1375 2674 quia
1411 2592 1497 2667 id,
1540 2592 1709 2673 quod
1747 2591 1859 2655 illa
1895 2592 2100 2673 figura
2135 2592 2718 2673 praenuntiabatur.

417 2716 619 2781 agnus
658 2700 1088 2764 inmaculatus
1129 2719 1245 2763 sua
1282 2700 1577 2782 passione
1611 2699 1902 2763 Christus
1940 2697 2228 2780 inpleuit.
2270 2718 2416 2762 cum
2447 2699 2718 2780 quaeris.
2763 2718 2830 2755 Σο

419 2826 605 2887 (1113111
669 2808 748 2872 ob
813 2826 1069 2871 causam
1130 2808 1491 2873 neomenias
1550 2808 1612 2870 in
1672 2807 1816 2889 lege
1877 2806 2206 2869 mandatas
2265 2824 2388 2869 non
2445 2805 2721 2869 celebret

417 2914 822 2993 christianus⁹
893 2915 945 2978 si
1016 2914 1307 2980 Christus
1374 2934 1496 2978 non
1546 2912 1726 2976 uenit
1781 2912 1989 2995 legem
2049 2911 2317 2976 soluere.
2378 2912 2491 2975 sed
2547 2910 2722 2975 adin-

416 3019 609 3103 plere.
655 3021 1068 3103 respondeo:
1136 3022 1330 3084 immo
1398 3023 1732 3102 propterea
1787 3019 1912 3082 iam
1977 3018 2360 3082 christianus
2415 3018 2541 3081 ista
2596 3037 2722 3081 non

418 3127 714 3205 celebrat,
752 3128 899 3208 quia
942 3131 1197 3211 propter
1244 3128 1411 3209 quod
1460 3125 2028 3210 praenuntiandum
2065 3125 2559 3203 celebrabantur,
2592 3126 2720 3188 iam

420 3233 713 3298 Christus
761 3233 1053 3316 inpleuit.
1124 3234 1461 3297 celebratio
1521 3233 1688 3297 enim
1747 3252 1950 3297 nouae
2004 3233 2192 3296 lunae
2239 3232 2722 3314 praenuntiabat
2765 3252 2832 3289 πε»

422 3359 649 3404 nouam
703 3343 1075 3405 creaturam.
1128 3340 1203 3403 de
1254 3359 1378 3421 qua
1427 3340 1581 3403 dicit
1630 3340 1995 3422 apostolus:
2061 3339 2124 3403 si
2173 3358 2316 3421 qua
2363 3339 2602 3422 igitur
2647 3338 2720 3401 in

422 3446 732 3511 Christo
782 3464 975 3510 noua
1022 3450 1390 3512 creatura.
1440 3448 1704 3509 uetera
1749 3444 2250 3519 transierunt3
2302 3463 2472 3509 ecce
2519 3444 2724 3509 fact-a

420 3558 599 3617 sunt
645 3573 855 3618 noua.
908 3572 1049 3617 cum
1102 3554 1375 3635 quaeris,
1426 3571 1539 3616 cur
1582 3551 1698 3615 illa
1743 3552 2142 3633 singularum
2172 3570 2583 3634 quarumque
2627 3552 2718 3615 in·

601 3712 666 3763 15
705 3709 732 3763 I
771 3709 890 3764 Cor.
931 3712 981 3773 5,
1023 3710 1052 3762 7
1165 3711 1233 3763 26
1272 3710 1329 3793 ΙΙ.
1363 3709 1481 3765 Cor.
1523 3710 1573 3773 ὃ,
1617 3710 1681 3761 17

496 3834 708 3888 lidom
747 3834 793 3889 S
896 3834 1367 3904 4praedistinauit
1388 3833 1488 3887 SG
1601 3835 1630 3885 7
1661 3833 1920 3886 sacrifitia
1949 3834 1992 3884 C
2099 3832 2134 3884 8
2165 3832 2375 3886 soluere
2409 3834 2485 3885 (re
2513 3848 2558 3885 s.
2592 3832 2649 3891 l.)
2682 3831 2732 3885 S

420 3956 452 4006 9
491 3952 801 4006 christianis
846 3951 911 4005 0¹
1057 3952 1163 4004 iam
1204 3967 1307 4005 om..
1352 3950 1399 4003 C
1541 3914 1640 4017 qui²
1675 3948 1792 4001 SM
1817 3949 1907 4017 qui
1943 3948 1994 4003 G
2107 3950 2166 4001 11
2205 3965 2341 4017 quur
2367 3947 2492 4000 ML
2631 3964 2730 3999 cur

418 4058 523 4093 non
561 4041 617 4093 in
656 4039 842 4093 azimis
878 4039 1081 4109 pascha
1118 4038 1355 4092 celebret
1392 4038 1719 4091 christianus
1759 4036 1805 4088 S
1929 4036 2103 4089 azima
2136 4036 2238 4088 LG
2329 4036 2394 4088 12
2425 4034 2572 4088 iudei
2611 4034 2734 4087 CM

422 4132 489 4182 14
528 4126 781 4182 obseruet
818 4128 863 4182 S
1026 4128 1092 4181 15
1132 4144 1193 4181 ex
1229 4132 1463 4197 purgato
1503 4126 1549 4179 S
1711 4124 1776 4177 18
1816 4124 2041 4193 implere
2081 4124 2128 4177 S
2291 4126 2354 4176 19
2395 4122 2620 4177 celebr&
2658 4122 2730 4175 8¹

421 4220 489 4271 24
527 4217 766 4287 celebrat
810 4217 857 4269 0
890 4216 1117 4270 celebr&
1156 4216 1218 4270 S¹
1410 4214 1826 4269 celebrabantur
1877 4213 1968 4270 (ba
2014 4229 2056 4266 s.
2110 4214 2166 4273 l.)
2215 4212 2262 4265 0
2474 4212 2543 4264 25
2583 4211 2726 4281 cele-

418 4306 593 4360 1113ῒί0
641 4307 687 4359 C
800 4308 805 4313 ’
865 4308 933 4359 28
991 4322 1128 4375 (111111
1178 4305 1227 4357 L
1374 4303 1840 4358 immunditiarum
1900 4306 1988 4369 (m.
2039 4306 2080 4356 2
2127 4320 2162 4356 11
2214 4306 2339 4358 mut.
2389 4300 2452 4351 in
2497 4318 2548 4351 m
2603 4304 2652 4352 et
2709 4300 2734 4352 i

420 4401 625 4462 aucep.)
670 4394 742 4448 L²
