3159 4984
505 414 642 477 244
1195 412 1248 481 S.
1305 410 1580 465 Aureli
1635 410 2075 482 Augustini

595 608 700 671 38.
769 603 1162 690 Quapropter
1217 605 1508 688 quamuis
1565 606 1655 670 sit
1708 606 1949 670 malum
2006 607 2323 691 corruptio
2382 609 2447 670 et
2502 606 2796 688 quamuis

505 730 631 777 non
679 712 766 777 sit
811 730 848 775 a
895 710 1216 776 conditore
1263 713 1653 786 naturarum,
1704 711 1819 775 sed
1864 730 1936 775 ex
1984 730 2057 776 eo
2106 712 2210 788 sit,
2259 712 2431 795 quod
2476 710 2551 775 de
2598 712 2797 777 nihilo

504 819 711 885 factae
777 820 954 895 sunt,
1029 820 1242 883 tamen
1318 818 1512 881 etiam
1573 817 1720 901 ipsa
1780 816 1893 883 illo
1958 822 2215 902 regente
2282 820 2347 883 et
2409 818 2799 902 gubernante

511 925 741 1002 omnia,
789 944 950 1007 quae
996 924 1170 999 fecit,
1219 924 1312 989 sic
1361 924 1649 990 ordinata
1696 927 1815 1001 est,
1864 929 1940 990 ut
1974 945 2098 991 non
2134 928 2363 990 noceat
2396 925 2521 990 nisi
2556 925 2801 991 naturis

507 1032 742 1097 infimis
790 1031 870 1096 ad
915 1031 1302 1115 subplicium
1352 1030 1793 1096 damnatorum
1842 1033 1907 1097 et
1953 1031 2462 1097 exercitationem
2520 1032 2800 1098 admoni-
2866 1056 2895 1095 ε

509 1140 872 1220 tionemque
917 1138 1341 1216 redeuntium,
1379 1139 1456 1202 ut
1499 1137 1869 1203 inhaereant
1916 1137 2031 1203 deo
2077 1137 2545 1221 incorruptibili
2590 1157 2827 1203 mane-·

509 1249 742 1328 antque
788 1244 1159 1327 incorrupti,
1207 1244 1378 1327 quod
1423 1263 1623 1308 unum
1674 1248 1773 1309 est
1816 1245 2055 1309 bonum
2102 1246 2411 1319 nostrum,
2470 1244 2641 1309 sicut
2693 1264 2807 1328 per

510 1351 883 1435 prophetam
922 1350 1193 1415 dicitur:
1241 1350 1427 1415 mihi
1474 1354 1723 1416 autem
1768 1350 2162 1416 inhaerere
2194 1350 2329 1417 deo
2362 1350 2639 1417 bonum
2668 1354 2801 1417 est.

509 1477 714 1540 neque
767 1456 931 1521 illud
989 1456 1254 1521 dixeris:
1321 1476 1445 1523 non
1500 1457 1739 1522 faceret
1794 1456 1950 1522 deus
2016 1461 2273 1522 naturas
2340 1457 2803 1540 corruptibiles.

507 1564 574 1629 in
622 1568 928 1648 quantum
976 1563 1142 1628 enim
1190 1566 1450 1628 naturae
1498 1566 1669 1641 sunt,
1708 1562 1864 1629 deus
1902 1562 2091 1640 fecit;
2138 1563 2205 1627 in
2244 1565 2550 1646 quantum
2588 1566 2803 1629 autem
2843 1578 2899 1619 ιο

513 1669 982 1753 corruptibiles,
1029 1688 1151 1733 non
1203 1668 1360 1733 deus
1407 1668 1597 1745 fecit3
1645 1688 1769 1735 non
1817 1670 1918 1733 est
1965 1668 2131 1733 enim
2180 1670 2259 1734 ab
2305 1670 2417 1734 illo
2468 1668 2805 1753 corruptio,

513 1777 624 1861 qui
669 1778 846 1842 solus
894 1777 996 1841 est
1038 1775 1559 1860 incorruptibilis
1628 1776 1684 1840 si
1737 1775 1893 1840 haec
1950 1776 2145 1858 capis,
2203 1777 2438 1861 gratias
2484 1795 2601 1861 age
2648 1776 2804 1849 deoz

514 1884 723 1949 sinon
753 1882 948 1966 capis,
985 1882 1240 1964 quiesce
1279 1885 1345 1946 et
1379 1881 1512 1948 noli
1547 1887 1787 1948 temere
1826 1882 2109 1948 nondum
2145 1883 2475 1948 intellecta
2512 1883 2806 1948 damnare

516 1990 907 2074 subplexque
951 1989 1068 2066 illi,
1117 1988 1222 2071 qui
1286 1990 1504 2054 lumen
1552 1993 1654 2054 est
1706 1989 1961 2067 mentis,
2013 1988 2301 2063 adtende,
2341 1992 2416 2053 ut
2450 1989 2807 2073 intellegas

518 2115 666 2161 cum
713 2096 882 2161 enim
929 2094 1160 2161 dicitur
1213 2099 1474 2171 „natura
1521 2095 2009 2179 corruptibilis,“
2062 2114 2188 2161 non
2233 2114 2455 2175 unum,
2512 2096 2627 2161 sed
2680 2095 2803 2161 duo
2846 2109 2900 2150 1⁵

517 2201 774 2268 nomina
837 2201 1152 2267 dicuntur.
1225 2202 1378 2267 item
1447 2220 1595 2267 cum
1660 2202 1895 2267 dicitur
1956 2201 2152 2279 „deus
2208 2202 2397 2267 fecit“
2463 2202 2541 2267 de
2588 2201 2807 2278 nihilo,

524 2328 650 2374 non
695 2328 914 2383 unum,
963 2308 1076 2374 sed
1124 2308 1247 2373 duo
1286 2308 1540 2373 nomina
1572 2308 1890 2373 audimus.
1937 2308 2129 2373 redde
2170 2326 2319 2393 ergo
2355 2309 2501 2373 istis
2540 2308 2809 2393 singulis

519 2414 634 2479 illa
679 2414 950 2499 singula,
997 2418 1074 2479 ut
1119 2434 1266 2480 cum
1313 2415 1496 2480 audis
1541 2418 1851 2492 naturam,
1910 2413 1990 2479 ad
2040 2414 2229 2479 deum
2274 2415 2605 2499 pertineat,
2662 2434 2813 2480 cum

527 2521 707 2587 audis
756 2521 1248 2605 corruptibilem,
1298 2522 1377 2587 ad
1422 2521 1714 2599 nihilum,
1769 2522 1861 2585 ita
1916 2523 2151 2600 tamen,
2206 2524 2283 2585 ut
2334 2522 2513 2605 ipsae
2559 2540 2810 2605 corrup-

517 2628 746 2703 tiones,
794 2628 1090 2711 quamuis
1134 2647 1258 2693 non
1307 2628 1437 2693 sint
1482 2647 1552 2693 ex
1601 2627 1705 2692 dei
1748 2630 1903 2705 arte,
1949 2628 2013 2692 in
2062 2627 2201 2693 eius
2236 2629 2453 2693 tamen
2489 2629 2805 2711 potestate
2846 2642 2901 2682 ω

517 2734 647 2799 sint
693 2734 1117 2819 disponendae
1160 2754 1276 2819 ‚pro
1323 2754 1534 2799 rerum
1581 2734 1800 2800 ordine
1846 2738 1913 2799 ot
1956 2734 2200 2799 meritis
2248 2734 2619 2799 animarum.
2664 2733 2807 2798 ideo

513 2845 686 2906 recte
733 2842 1006 2907 dicimus
1063 2843 1140 2907 ab
1199 2841 1312 2907 illo
1370 2860 1511 2907 esse
1568 2842 1923 2924 praemium
1986 2843 2177 2923 atque
2245 2840 2654 2925 subplicium.
2720 2840 2811 2905 ita

521 2948 688 3012 enim
732 2967 857 3014 non
904 2948 1058 3015 fecit
1103 2949 1594 3033 corruptionem,
1644 2951 1720 3012 ut
1762 2947 1973 3031 possit
2016 2948 2405 3031 corruptioni
2450 2966 2595 3011 eum
2640 2946 2809 3020 dare,

520 3054 631 3138 qui
677 3055 995 3138 corrumpi
1037 3056 1362 3133 meruerit,
1409 3054 1477 3119 id
1523 3058 1625 3119 est
1670 3055 1782 3137 qui
1836 3073 1904 3119 se
1960 3054 2099 3138 ipse
2160 3054 2440 3138 coeperit
2490 3052 2809 3138 peccando

522 3178 942 3243 corrumpere,
989 3164 1064 3225 ut
1119 3161 1506 3226 cruciantem
1561 3162 1799 3226 sentiat
1854 3161 2321 3245 corruptionem
2376 3160 2641 3230 inuitus,
2700 3159 2811 3242 qui
2850 3172 2903 3213 ι’»

518 3265 944 3331 blandientem
994 3268 1317 3333 commisit
1359 3269 1607 3333 uolens.

613 3372 718 3436 39.
784 3371 847 3438 N
849 3392 928 3437 on
977 3374 1144 3438 enim
1187 3374 1254 3438 in
1304 3376 1519 3439 uetere
1564 3375 1951 3439 testamento
1996 3376 2246 3439 tantum
2305 3374 2613 3456 scriptum
2672 3374 2809 3438 est:

521 3497 658 3561 ego
733 3478 930 3545 facio
1005 3480 1200 3546 bona
1273 3482 1346 3545 et
1423 3480 1655 3545 condo
1712 3481 1925 3557 mala,
1966 3480 2079 3545 sed
2118 3479 2476 3545 euidentius
2513 3478 2579 3544 in
2618 3497 2807 3556 nouo,

661 3617 694 3671 8
731 3618 819 3672 Ps.
860 3619 945 3683 72,
981 3620 1051 3674 28
1161 3620 1230 3673 28
1269 3620 1359 3674 Ee.
1397 3622 1484 3686 45,
1525 3620 1556 3672 7
1635 3612 1645 3623 '

591 3714 745 3785 2(eo)
763 3714 855 3787 sit]
873 3716 1073 3770 istaH¹
1089 3717 1168 3771 Tb
1240 3716 1505 3771 3facteT
1609 3716 1789 3771 sintV
1858 3716 2319 3787 5dampnatorum
2340 3717 2447 3771 TV
2552 3714 2811 3770 ammoni-

518 3803 828 3874 tionemque
864 3804 981 3859 PV
1153 3806 1185 3859 6
1223 3804 1440 3859 iheredo
1480 3806 1511 3859 b
1548 3806 1831 3859 inhereant
1880 3806 1978 3859 TP
2117 3811 2371 3859 maneant
2408 3807 2438 3859 b
2578 3806 2645 3859 10
2682 3803 2812 3857 fecit

519 3889 652 3944 deus
687 3890 756 3943 H
761 3891 895 3947 TRb
1045 3894 1104 3946 11
1147 3910 1254 3947 non
1293 3894 1434 3947 enim
1472 3897 1556 3947 est
1595 3895 1625 3947 b
1776 3895 1841 3947 14
1882 3896 1965 3947 est
2001 3911 2103 3949 om.
2144 3894 2174 3948 b
2319 3895 2478 3949 metis
2518 3892 2741 3948 accedat
2780 3894 2811 3946 b

523 3979 590 4033 15
619 3996 780 4048 quum
808 3980 864 4033 P
970 3981 1167 4036 dicitur
1195 3984 1283 4035 eni
1314 3982 1432 4035 HT
1503 3983 1568 4035 16
1600 3999 1762 4053 quum
1791 3982 1846 4036 P
1952 3982 2040 4052 de]
2080 3998 2141 4037 ex
2179 3984 2209 4037 b
2285 3984 2351 4036 17
2380 3982 2685 4037 audiuimus
2730 3983 2813 4036 Tb

520 4069 589 4121 18
628 4085 790 4137 quum
819 4070 874 4123 P
946 4072 1010 4125 19
1048 4072 1162 4141 ipse
1201 4072 1251 4124 T
1318 4072 1382 4124 21
1425 4070 1755 4141 disponende
1793 4072 1845 4125 T
1912 4072 1978 4126 23
2008 4089 2115 4126 non
2144 4089 2246 4127 om.
2276 4074 2307 4125 b
2340 4074 2423 4141 (in
2448 4090 2549 4141 my.
2580 4072 2652 4125 al.
2682 4072 2810 4141 non)

521 4156 591 4209 ‘24
616 4157 814 4211 meruit
851 4157 934 4211 Vb
1043 4160 1219 4230 ipsum
1247 4158 1332 4213 Vb
1450 4161 1653 4229 ceperit
1680 4161 1731 4214 T
1830 4160 2121 4231 peccando]
2161 4160 2427 4231 pdicando
2459 4161 2525 4214 ΤΙ
2602 4160 2671 4213 25
2689 4177 2811 4215 sen-

522 4245 665 4308 tiant
709 4244 776 4297 H
952 4266 1156 4319 corrup.
1214 4248 1414 4303 sentiat
1480 4248 1532 4302 V
1672 4250 1741 4302 26
1795 4248 2161 4304 blandientem
2210 4250 2403 4305 illicita
2449 4250 2810 4305 oblectatione

525 4334 956 4404 concupiscentia
993 4337 1182 4391 uolens
1221 4336 1436 4392 comisit
1475 4336 1505 4390 b
1617 4338 1685 4390 27
1724 4338 1897 4391 ueteri
1935 4338 1966 4391 b
2074 4338 2143 4392 28
2184 4343 2238 4393 et
2278 4345 2407 4393 ante
2443 4356 2544 4409 ego
2581 4339 2645 4391 in
2678 4338 2735 4394 P
