3159 4984
517 480 645 543 516
1198 475 1251 530 S.
1308 474 1606 529 Aureli
1661 474 2134 543 Augustini

511 670 879 738 huiusmodi
926 672 1481 737 obseruationibus
1528 690 1654 736 non
1700 670 1900 735 fuisse
1945 666 2394 753 prohibendoS,
2435 686 2594 751 quos
2632 667 2820 745 fideS,

512 798 672 861 quae
718 778 1001 844 reuelata
1047 782 1166 857 est,
1214 777 1316 843 his
1363 778 1491 841 iam
1538 777 1797 841 inbutos
1862 775 2214 852 inuenerat,
2283 778 2358 838 ut
2409 774 2478 837 in
2535 773 2628 839 eis
2686 774 2816 838 iam

510 890 1061 952 consummaretur
1102 885 1245 970 ipsa
1288 884 1454 949 actio
1500 882 1893 967 prophetica,
1933 900 2094 963 quos
2135 884 2280 946 ante
2317 880 2815 965 adinpletionem

504 993 873 1077 prophetiae
919 992 1047 1057 iam
1109 994 1420 1069 tenuerat,
1487 1010 1564 1055 ne
1627 990 1684 1055 si
1745 991 1810 1053 et
1866 990 1942 1053 ab
2001 988 2162 1073 ipsis
2217 991 2671 1067 remoueretur,
2719 988 2814 1053 in-

504 1101 771 1182 probata
812 1101 1029 1184 potius
1076 1119 1269 1183 quam
1316 1098 1656 1165 terminata
1720 1098 2066 1175 uideretur,
2129 1096 2184 1161 si
2230 1098 2448 1160 autem
2495 1096 2562 1159 et
2607 1094 2812 1179 genti·
2881 1116 2914 1155 s

504 1208 625 1273 bus
671 1208 1099 1291 inponeretur,
1159 1208 1271 1271 aut
1324 1226 1449 1271 non
1496 1206 1736 1271 Christi
1790 1204 2205 1289 promittendi
2263 1220 2459 1267 causa
2511 1198 2814 1267 instituta

504 1332 667 1392 esse,
716 1316 831 1379 aut
874 1314 1083 1379 adhuc
1122 1313 1449 1379 Christum
1496 1314 1869 1397 promittere
1904 1316 2258 1396 putaretur.
2307 1310 2552 1393 primus
2589 1308 2808 1390 itaque

499 1422 781 1506 populus
840 1421 961 1499 dei,
1021 1424 1361 1504 antequam
1410 1421 1706 1487 Christus
1763 1422 2012 1485 ueniret
2067 1418 2280 1503 legem
2333 1415 2806 1501 prophetasque

503 1527 845 1611 adinplere,
892 1529 1007 1593 illa
1053 1529 1285 1608 omnia,
1324 1548 1485 1611 quae
1522 1529 1694 1593 hunc
1729 1526 2211 1611 promittebant,
2253 1523 2589 1589 obseruare
2626 1519 2808 1583 iube-

500 1633 723 1697 batur:
789 1633 954 1698 liber
1014 1634 1079 1698 in
1145 1634 1259 1711 eis,
1328 1633 1437 1717 qui
1491 1636 1650 1699 haec
1707 1652 1830 1717 quo
1885 1632 2276 1716 pertinerent
2319 1626 2803 1710 intellegebant.
2853 1646 2914 1684 ιο

502 1758 727 1805 seruus
794 1744 1009 1806 autem
1072 1742 1136 1807 in
1207 1742 1321 1818 eis,
1389 1742 1499 1825 qui
1563 1742 1686 1808 hoc
1751 1760 1875 1806 non
1941 1736 2422 1819 intellegebant.
2487 1730 2809 1816 posterior

501 1865 649 1931 ergo
705 1847 982 1929 populus
1039 1848 1348 1913 accedens
1406 1848 1486 1913 ad
1539 1849 1754 1927 fidem,
1811 1868 1938 1931 qua
1989 1848 2118 1911 iam
2177 1846 2470 1913 Christus
2527 1845 2808 1911 uenisse,

496 1972 727 2036 passus
776 1972 915 2019 esse
972 1972 1045 2018 ac
1099 1954 1516 2020 resurrexisse
1571 1955 2074 2037 praedicabatur,
2123 1956 2188 2019 in
2235 1955 2336 2020 his
2385 1954 2646 2038 quidem
2691 1953 2808 2019 ho-

498 2060 800 2139 minibus,
849 2080 1009 2144 quos
1055 2063 1179 2126 iar*
1230 2062 1469 2126 talibus
1518 2061 1935 2127 sacramentis
1982 2061 2317 2127 institutos
2366 2060 2584 2125 eadem
2639 2060 2806 2125 fides

494 2168 843 2245 inuenerat,
891 2186 1007 2232 nec
1053 2186 1126 2233 co
1183 2168 1408 2232 ebatur
1452 2169 1579 2233 ista
1637 2169 1974 2233 obseruare
2031 2186 2148 2232 nec
2193 2167 2684 2251 prohibebatur:
2735 2168 2804 2231 in
2852 2180 2910 2217 1⁵

496 2273 595 2339 his
645 2276 878 2352 autem,
918 2274 1027 2356 qui
1062 2276 1147 2339 tal
1188 2276 1309 2340 bus
1347 2276 1537 2340 uacui
1573 2275 1753 2341 nulla
1789 2275 2060 2360 generis,
2100 2274 2280 2339 nulla
2317 2272 2804 2339 consuetudinis

495 2380 602 2445 uel
650 2381 1100 2465 congruentiae
1148 2383 1619 2447 necessitudine
1667 2382 1900 2447 retenti
1947 2382 2365 2459 crediderant,
2416 2380 2610 2444 etiam
2653 2400 2802 2463 pro-

496 2486 851 2565 hibebatur,
900 2491 975 2552 ut
1008 2508 1120 2572 per
1159 2509 1267 2555 eos
1304 2490 1431 2553 iam
1469 2490 1778 2574 inciperet
1813 2489 2112 2573 adparere
2149 2488 2264 2552 illa
2301 2488 2514 2553 omnia
2540 2490 2805 2570 propter

492 2594 991 2676 promittendum
1042 2596 1369 2661 Christum
1425 2597 1626 2663 fuisse
1681 2597 2000 2675 instituta,
2063 2615 2187 2678 quo
2248 2596 2544 2660 ueniente
2601 2596 2800 2677 atque

492 2699 648 2765 haec
712 2702 1029 2783 promissa
1092 2704 1453 2788 adinplente
1516 2704 1646 2768 iam
1712 2707 2000 2787 oportere
2066 2722 2334 2768 cessare.
2410 2702 2532 2766 hoc
2595 2700 2802 2785 igitur
2839 2714 2898 2751 2⁰

490 2810 1062 2890 temperamentum
1090 2810 1764 2893 moderamentumque
1797 2810 2060 2894 spiritus
2091 2808 2296 2875 sancti
2323 2829 2435 2891 per
2463 2808 2796 2893 apostolos

492 2917 809 2999 operantis
842 2936 985 2981 eum
1018 2917 1453 3001 displicuisset
1482 2918 1864 3001 quibusdam
1903 2936 1974 2982 ex
2013 2917 2496 2983 circumcisione
2537 2916 2798 2981 creden-

488 3022 685 3101 tibus,
735 3024 844 3105 qui
890 3024 1046 3088 haec
1092 3043 1217 3089 non
1263 3025 1741 3109 intellegebant,
1789 3026 1855 3089 in
1921 3044 1996 3089 ea
2048 3024 2465 3108 peruersitate
2537 3043 2796 3089 manse·

487 3130 655 3205 runt,
704 3132 779 3192 ut
826 3133 891 3193 et
934 3132 1157 3214 gentes
1206 3135 1506 3215 cogerent
1549 3130 1885 3195 iudaizare.
1953 3131 2020 3194 hi
2068 3134 2239 3207 sunt,
2298 3150 2457 3214 quos
2503 3129 2796 3194 Faustus

490 3233 1119 3316 symmachianorum
1194 3237 1301 3301 uel
1363 3238 1834 3302 Nazaraeorum
1907 3238 2159 3302 nomine
2239 3237 2792 3310 commemorauit,

488 3340 597 3422 qui
643 3359 847 3422 usque
896 3342 974 3406 ad
1019 3346 1237 3408 nostra
1281 3348 1567 3427 tempora
1613 3345 1740 3409 iam
1789 3344 2042 3427 quidem
2090 3345 2155 3409 in
2205 3344 2448 3428 exigua,
2508 3343 2622 3408 sed
2679 3342 2792 3407 ad-

485 3446 613 3511 huc
660 3450 873 3511 tamen
920 3450 1027 3513 uel
1071 3450 1137 3515 in
1182 3451 1323 3534 ipsa
1367 3452 1690 3534 paucitate
1737 3452 2098 3534 perdurant.

582 3555 683 3617 18.
754 3552 922 3633 Quid
966 3555 1205 3621 habent
1252 3578 1398 3642 ergo
1444 3558 1577 3636 isti,
1627 3558 1797 3624 unde
1851 3559 1982 3642 legi
2039 3562 2104 3623 et
2157 3559 2485 3641 prophetis
2544 3558 2789 3622 calum-

556 3772 589 3825 3
626 3780 1030 3829 consumaretur
1058 3775 1103 3829 S
1234 3777 1488 3846 pphetice
1526 3781 1608 3845 (ce
1646 3778 1708 3831 in
1743 3784 1880 3849 ras.)
1909 3778 1956 3833 S
1987 3778 2334 3849 propheticae
2369 3776 2420 3830 G
2528 3778 2566 3829 4
2593 3778 2784 3846 inpro-

480 3860 614 3915 bata
640 3862 712 3916 12¹
826 3863 859 3915 5
886 3866 1123 3917 “tminata
1152 3866 1197 3919 C
1302 3866 1335 3919 6
1365 3866 1717 3936 inponeretur
1741 3868 1816 3921 L¹
1927 3869 1960 3921 9
1989 3866 2146 3938 quae]
2187 3867 2315 3938 quia
2351 3864 2476 3921 S¹G
2621 3864 2784 3919 iube-

484 3954 607 4003 atur
644 3952 732 4004 Μ1
768 3949 1021 4006 1111181)ωὲ
1062 3956 1118 4021 (11
1154 3956 1291 4020 ras.)
1337 3955 1383 4009 0
1416 3956 1707 4011 uidebatur
1741 3958 1793 4011 L
1933 3958 1998 4011 12
2037 3961 2167 4027 quia
2210 3956 2258 4009 Ο
2391 3956 2457 4009 14
2493 3954 2786 4009 institutos

480 4041 591 4104 (pr.
632 4057 657 4093 s
694 4056 737 4094 s.
778 4041 836 4109 l.)
884 4040 931 4094 0
1038 4042 1103 4095 15
1142 4060 1240 4097 nec
1279 4047 1329 4112 (c
1364 4061 1407 4099 s.
1449 4046 1484 4099 l.
1526 4064 1563 4100 a
1598 4064 1666 4100 m.
1705 4052 1755 4115 1)
1802 4047 1848 4100 C
1988 4046 2283 4117 cogebatur
2309 4044 2373 4099 δ’
2520 4042 2781 4098 obserua—

478 4128 525 4181 ri
563 4128 664 4183 SG
808 4129 1197 4199 prohibebatur
1232 4130 1299 4186 8¹
1412 4136 1476 4189 17
1513 4136 1904 4206 prohibebatur
1940 4137 2002 4193 8¹
2115 4138 2184 4191 20
2219 4136 2338 4189 Hoc
2373 4136 2546 4206 igitur
2579 4134 2691 4189 inc.
2733 4152 2779 4203 c,

478 4220 550 4270 18
584 4218 647 4269 in
684 4218 715 4271 b
862 4219 923 4271 21
966 4218 1419 4292 moderamenque
1463 4224 1509 4277 (J
1651 4228 1720 4279 24
1759 4230 1978 4297 cogeret
2013 4226 2126 4282 SM
2133 4227 2148 4260 ¹
2185 4229 2443 4295 cogerent
2481 4228 2537 4293 (n
2573 4241 2617 4279 s.
2659 4224 2697 4279 Ζ.
2741 4241 2780 4277 α

478 4320 545 4357 m.
574 4310 623 4372 1)
659 4308 711 4360 L
807 4306 1110 4362 iudeiazare
1142 4308 1208 4361 0¹
1309 4312 1377 4365 25
1408 4314 1888 4381 symmacianorum
1939 4314 2168 4371 LSGM
2196 4314 2710 4369 simoniacianorum
2745 4314 2780 4365 b

478 4409 859 4448 nazarenorum
896 4397 1158 4451 LSGMb
1195 4416 1539 4456 nazareorum
1587 4402 1634 4456 0
1738 4406 1806 4457 28
1846 4422 1971 4475 ergo
2014 4410 2062 4469 (r
2095 4423 2137 4462 8.
2180 4406 2239 4471 l.)
2278 4404 2331 4458 L
