3159 4984
428 462 556 525 302
1134 462 1186 513 S.
1244 460 1516 515 Aureli
1570 461 2012 530 Augustini

434 655 665 735 quibus
712 658 1123 739 figurabatur.
1188 657 1421 721 bouem
1469 656 1704 739 quippe
1753 662 1817 720 et
1863 656 2132 732 asinum,
2193 656 2247 720 si
2305 674 2568 719 necesse
2616 655 2720 726 sit.

433 762 875 844 unusquisque
935 762 1069 826 sine
1127 762 1506 826 detrimento
1566 762 1774 843 operis
1841 760 2086 845 iungit3
2155 761 2507 844 sapientem
2571 778 2722 824 uero

437 869 501 929 et
548 866 845 939 stultum,
894 888 1016 932 non
1063 871 1139 931 ut
1183 887 1352 933 unus
1398 867 1749 951 praecipiat
1807 872 1871 933 et
1928 870 2086 932 alter
2142 868 2556 951 obtemperet,
2613 866 2726 932 sed

430 974 667 1058 pariter
714 996 785 1039 ex
835 976 1082 1058 aequali
1139 980 1479 1059 potestate,
1538 979 1613 1039 ut
1669 975 2046 1040 adnuntient
2098 976 2366 1039 uerbum
2425 974 2546 1047 dei,
2601 992 2726 1038 non

435 1082 572 1146 sine
612 1084 911 1149 scandalo
953 1084 1221 1166 quisque
1261 1084 1527 1149 comites
1565 1082 1740 1147 facit.
1789 1082 2006 1164 itaque
2047 1081 2310 1146 eandem
2350 1080 2726 1164 scripturam
2767 1104 2792 1143 5

436 1190 729 1255 tenemus
790 1194 856 1255 et
910 1194 1065 1255 tunc
1120 1194 1437 1273 potestate
1494 1190 1988 1273 praecipientem
2052 1189 2295 1254 umbris
2359 1187 2728 1271 tegendum,

436 1295 606 1375 quod
664 1315 829 1360 nunc
889 1297 1255 1378 aperiretur.
1314 1300 1379 1361 et
1432 1314 1602 1360 nunc
1659 1295 2042 1357 auctoritate
2095 1294 2521 1359 adtestantem
2583 1293 2729 1357 luce

439 1404 749 1483 apertum,
799 1404 969 1485 quod
1016 1406 1169 1466 tunc
1214 1403 1568 1486 tegebatur.

527 1508 621 1571 De
674 1509 854 1573 caluo
906 1512 1121 1573 autem
1169 1511 1233 1573 et
1278 1509 1557 1575 reburro.
1599 1508 1767 1590 quod
1806 1527 1914 1572 eos
1969 1507 2312 1572 inmundos
2348 1508 2447 1571 lex
2486 1506 2730 1574 dixerit.

438 1632 659 1695 parum
689 1615 971 1680 Faustus
1013 1616 1381 1679 adtenderat
1418 1618 1530 1679 aut
1564 1615 1628 1679 in
1667 1616 2044 1680 mendosum
2084 1614 2370 1679 codicem
2407 1613 2732 1679 inciderat.
2773 1635 2824 1673 ιο

442 1721 555 1785 sed
602 1722 845 1786 utinam
892 1722 1031 1805 ipse
1081 1723 1327 1786 caluam
1372 1722 1647 1786 frontem
1693 1722 1922 1785 habere
1972 1721 2292 1787 uoluisset
2327 1723 2518 1803 atque
2555 1721 2620 1784 in
2660 1739 2735 1784 ea

444 1845 699 1891 crucem
746 1828 982 1893 Christi
1028 1828 1218 1911 figere
1274 1848 1397 1894 non
1462 1828 1854 1894 erubuisset!
1903 1828 2186 1912 profecto
2237 1828 2561 1893 Christum
2609 1828 2733 1891 cla-

444 1938 763 1998 mantem:
816 1954 951 2019 ego
1002 1955 1161 2000 sum
1210 1936 1520 2009 ueritas,
1570 1954 1687 2000 nec
1737 1954 1881 1998 cum
1919 1934 2099 1999 salsis
2137 1935 2510 1998 uulneribus
2550 1953 2734 1999 occu-

448 2041 667 2105 buisse
733 2061 849 2105 nec
916 2062 1058 2106 cum
1125 2041 1306 2107 falsis
1374 2042 1775 2106 cicatricibus
1849 2042 2264 2106 resurrexisse
2341 2041 2733 2105 credidisset.

445 2148 597 2229 quin
660 2150 851 2212 etiam
913 2149 1105 2213 dicit:
1174 2168 1308 2233 ego
1366 2150 1640 2213 fallere
1695 2169 1835 2213 non
1897 2149 2161 2223 didici;
2232 2149 2428 2231 quod
2486 2148 2734 2213 sentio
2775 2171 2826 2210 15

446 2255 738 2337 loquor.
806 2274 928 2319 non
998 2260 1099 2320 est
1162 2276 1310 2340 ergo
1380 2256 1734 2339 discipulus
1803 2256 2038 2321 Christi
2105 2256 2224 2331 sui,
2291 2275 2480 2337 quem
2543 2254 2736 2319 falsas

446 2360 776 2426 cicatrices
808 2361 1249 2427 dubitantibus
1281 2363 1613 2446 discipulis
1647 2364 2111 2428 demonstrasse
2147 2364 2410 2429 insanus
2450 2362 2742 2447 opinatur

449 2470 515 2531 et
560 2486 683 2531 non
734 2469 941 2533 solum
993 2468 1068 2533 de
1117 2470 1345 2534 ceteris
1393 2471 1787 2535 uanitatibus
1837 2472 1994 2549 suis,
2052 2470 2165 2535 sed
2220 2471 2412 2535 etiam
2469 2470 2546 2534 de
2600 2470 2740 2553 ipsa

450 2574 688 2640 Christi
733 2575 985 2639 fallacia
1034 2576 1155 2641 sibi
1201 2580 1523 2658 tamquam
1572 2597 1696 2642 non
1752 2577 2001 2641 fallenti
2053 2577 2198 2640 uult
2253 2575 2457 2641 credi:
2525 2578 2740 2639 utrum

456 2680 710 2747 Christo
758 2682 1005 2760 melior,
1057 2701 1182 2763 quo
1230 2683 1491 2747 fallente
1536 2683 1675 2767 ipse
1731 2704 1854 2748 non
1913 2682 2097 2759 fallit,
2157 2702 2232 2747 an
2292 2702 2364 2747 eo
2419 2682 2559 2766 ipso
2617 2700 2739 2745 non
2777 2705 2833 2744 2⁰

448 2790 696 2853 ueracis
749 2789 1007 2865 Christi,
1059 2789 1171 2853 sed
1216 2790 1465 2854 fallacis
1512 2791 1870 2855 Manichaei
1928 2790 2302 2873 discipulus,
2363 2808 2509 2854 cum
2566 2792 2630 2852 et
2674 2788 2737 2851 in

449 2895 571 2960 hoc
618 2895 804 2971 fallit,
855 2896 919 2960 in
970 2914 1093 2977 quo
1145 2914 1211 2959 se
1260 2916 1383 2959 non
1433 2895 1731 2961 didicisse
1779 2896 1998 2961 fallere
2046 2897 2370 2981 gloriatur.

1282 3172 1497 3226 LLBER
1537 3173 1908 3228 SEPTIMUS.

544 3283 599 3345 1.
648 3282 973 3351 FAUSTL'S
1023 3282 1215 3345 dixit:
1267 3279 1471 3359 Quare
1520 3302 1644 3347 non
1694 3282 1894 3348 credis
1941 3282 2006 3346 in
2053 3284 2492 3367 genealogiam
2538 3284 2738 3348 Iesu?

448 3388 689 3451 multae
739 3388 995 3469 quidem
1044 3391 1195 3453 sunt
1240 3408 1489 3467 causae,
1542 3390 1654 3455 sed
1700 3390 2000 3473 palmaris
2047 3391 2178 3464 illa,
2228 3390 2378 3472 quia
2432 3409 2547 3455 nec
2603 3391 2738 3474 ipse
2771 3414 2824 3454 25

450 3515 553 3561 ore
605 3514 719 3560 suo
768 3514 1039 3577 usquam
1088 3516 1155 3561 se
1201 3496 1439 3559 fatetur
1483 3498 1728 3578 patrem
1775 3496 2004 3561 habere
2053 3500 2166 3562 aut
2211 3516 2411 3581 genus
2449 3497 2515 3561 in
2553 3501 2736 3575 terra,

449 3602 561 3667 sed
610 3621 643 3666 e
692 3606 929 3679 contra,
978 3602 1127 3685 quia
1172 3622 1294 3667 non
1355 3602 1440 3667 sit
1498 3603 1572 3667 de
1631 3604 1751 3668 hoc
1806 3604 2064 3683 mundo,
2121 3605 2270 3687 quia
2316 3623 2352 3669 a
2397 3607 2573 3688 patre
2621 3605 2737 3669 deo

626 3777 658 3829 9
696 3777 826 3830 Leu.
866 3776 949 3835 13.
989 3776 1060 3829 40
1172 3777 1237 3829 13
1273 3777 1389 3831 1011.
1434 3778 1516 3841 14,
1557 3778 1589 3829 6

523 3884 547 3935 1
591 3886 647 3936 et
684 3882 893 3935 asinum
934 3899 1035 3936 om.
1072 3882 1137 3936 (Ιι
1173 3886 1235 3948 (3.
1266 3884 1302 3937 Ζ.
1334 3884 1465 3937 add.
1494 3902 1563 3938 m.
1593 3900 1698 3938 rec.
1727 3884 1902 3953 asino)
2017 3885 2049 3938 3
2079 3886 2344 3955 precipiat
2377 3886 2426 3941 C
2529 3888 2561 3941 5
2591 3887 2740 3957 quis-

448 3986 609 4039 quam
652 3969 700 4023 G
888 3969 953 4023 10
989 3970 1303 4025 mendosum
1346 3976 1403 4041 (u
1438 3974 1501 4026 in
1538 3990 1566 4027 e
1606 3990 1736 4028 corr.
1778 3991 1847 4027 m.
1888 3974 1942 4042 2)
1983 3973 2093 4029 LG
2288 3977 2349 4029 11
2389 3976 2655 4030 noluisset
2697 3976 2747 4030 G

445 4049 711 4148 noluisset
728 4083 782 4138 L
929 4102 1043 4138 eam
1063 4086 1148 4139 Lb
1263 4087 1327 4140 13
1356 4087 1700 4143 uu-lneribus
1720 4090 1772 4142 L
1885 4090 1952 4143 14
1984 4106 2102 4143 cum
2122 4106 2224 4145 om.
2247 4090 2278 4143 b
2381 4091 2450 4145 16
2471 4092 2554 4145 est
2582 4106 2684 4145 om.
2705 4090 2738 4143 b

448 4176 628 4243 quem]
649 4174 872 4243 quamL
947 4176 1013 4227 17
1032 4178 1286 4277 (operatur
1304 4175 1449 4230 8¹6¹
1530 4176 1595 4231 18
1617 4177 1682 4231 de
1704 4178 1920 4249 ceteris]
1941 4178 2144 4233 diceret
2159 4178 2246 4232 his
2267 4179 2298 4233 b
2375 4180 2441 4233 19
2463 4179 2674 4233 fallatia
2697 4177 2745 4233 0

448 4286 785 4357 sibi]seruib
877 4290 1054 4361 2051„
1093 4290 1194 4344 SG
1338 4290 1401 4343 21
1446 4293 1683 4345 uera-cis
1725 4294 1770 4357 (t
1807 4296 1900 4352 er.)
1949 4293 1996 4346 Ο
2135 4294 2274 4367 cum]
2315 4294 2407 4364 qui
2445 4310 2564 4349 cum
2608 4294 2655 4348 C

520 4378 1185 4446 24eap.X1111LSGPM
1242 4380 1684 4450 genealogiaLG
1735 4382 2262 4452 27'mundo]modoC
2301 4383 2742 4451 d6(s.l.am.1)L
