3159 4984
234 1648 283 1687 10

232 2716 288 2753 20

827 472 928 527 111.
967 472 1214 528 Contra
1251 474 1695 529 Fortunatam
1736 474 2131 545 disputatiO.
2504 476 2631 541 103

328 668 646 733 contraria
695 672 761 732 et
805 668 1062 734 inimica
1099 669 1200 734 sui
1237 669 1434 752 stirpe
1473 688 1542 735 se
1582 670 2016 755 segregauerit
2054 670 2279 747 anima,
2321 673 2387 734 et
2421 670 2631 752 purio-

327 775 508 839 ribus
568 796 636 841 se
693 774 1002 841 adornans
1059 776 1302 852 anima;
1371 776 1556 841 aliter
1610 796 1733 842 non
1789 795 1978 860 posse
2037 776 2429 841 substantiae
2480 794 2631 839 suae

326 880 530 965 reddi.
601 883 845 948 dictum
893 884 992 947 est
1039 884 1244 948 enirn:
1305 884 1370 949 si
1415 904 1557 949 non
1604 884 1990 949 uenissem
2039 886 2113 947 et
2158 884 2468 948 locutus
2518 882 2631 945 eis

327 985 674 1062 fuissem,
714 993 1118 1072 peccatum
1154 1010 1296 1056 non
1335 992 1720 1056 haberent.
1768 1009 1963 1055 nunc
2012 1008 2189 1054 uero
2240 990 2415 1071 quia
2460 989 2636 1053 ueni

327 1098 406 1158 et
452 1096 768 1161 locutus
819 1117 982 1162 sum
1032 1100 1106 1162 et
1150 1099 1562 1164 noluerunt
1607 1098 1793 1162 mihi
1843 1098 2163 1166 credere,
2204 1096 2499 1160 ueniam
2547 1094 2631 1159 de

321 1206 646 1284 peccato
695 1223 835 1268 non
886 1204 1297 1269 habebunt.
1345 1204 1512 1269 unde
1559 1207 1741 1288 paret
1786 1207 1954 1268 recte
2004 1222 2144 1268 esse
2181 1201 2634 1286 paenitentiam

327 1307 547 1372 datam
594 1314 744 1393 post
781 1312 1128 1376 aduentum
1169 1312 1505 1377 saluatoris
1547 1316 1613 1377 et
1648 1314 1797 1395 post
1833 1312 1994 1376 hanc
2034 1311 2367 1377 scientiam
2402 1328 2634 1383 rerum,

324 1434 456 1495 qua
501 1416 712 1498 possit
767 1418 975 1481 anima
1041 1419 1172 1483 acsi
1243 1418 1456 1482 diuino
1505 1418 1679 1501 sonte
1726 1419 1859 1482 lota
1908 1417 1983 1482 de
2024 1417 2316 1482 sordibus
2356 1419 2421 1481 et
2457 1416 2633 1480 uitiis

323 1526 466 1585 tam
529 1524 754 1588 mundi
819 1526 1022 1589 totius
1080 1544 1268 1607 quam
1329 1544 1683 1608 corporum,
1742 1525 1805 1589 in
1864 1525 2095 1607 quibus
2153 1524 2371 1588 eadem
2428 1522 2635 1586 anima

329 1632 648 1704 uersatur,
705 1650 901 1714 regno
961 1631 1080 1706 dei,
1138 1632 1306 1695 unde
1363 1650 1697 1715 progressa
1763 1633 1881 1706 est,
1946 1630 2423 1714 repraesentari.
2490 1648 2635 1695 nam

327 1736 582 1801 dictum
647 1742 748 1803 est
813 1741 890 1803 ab
951 1740 1260 1822 apostolo,
1321 1738 1488 1821 quod
1544 1738 1952 1821 prudentia
2018 1736 2263 1802 carnis
2329 1736 2636 1801 inimica

323 1845 442 1907 sit
507 1844 676 1918 deo;
743 1844 900 1929 legi
970 1846 1161 1910 enim
1229 1845 1347 1908 dei
1411 1864 1552 1910 non
1624 1847 1741 1909 est
1805 1843 2176 1917 subiecta,
2244 1862 2377 1908 nec
2444 1844 2636 1908 enim

320 1954 614 2033 potest.
663 1956 843 2035 paret
894 1971 1042 2037 ergo
1090 1952 1190 2017 his
1227 1952 1440 2030 rebuS‚
1479 1951 1651 2033 quod
1690 1951 1896 2015 anima
1929 1952 2096 2016 bona
2128 1950 2400 2015 factione
2438 1952 2633 2029 illius,

322 2079 495 2141 quae
523 2060 658 2143 legi
690 2059 791 2124 dei
821 2078 944 2125 non
976 2061 1076 2122 est
1113 2058 1420 2135 subiecta,
1458 2076 1721 2140 peccare
1756 2057 2032 2134 uidetur,
2074 2076 2195 2123 non
2236 2075 2352 2121 sua
2391 2061 2634 2141 sponte.

260 2182 284 2218 ὃ
323 2185 610 2248 namque
667 2166 836 2229 idem
895 2165 1201 2247 sequitur,
1259 2164 1428 2247 quod
1488 2182 1657 2229 caro
1718 2163 2201 2247 concupiscit
2266 2164 2634 2229 aduersus

325 2273 704 2356 spiritum
753 2276 826 2336 et
872 2271 1199 2354 spiritus
1259 2270 1630 2336 aduersus
1689 2290 2014 2338 carnem.
2070 2273 2155 2333 ut
2218 2290 2360 2336 non
2419 2290 2632 2353 quae-

325 2399 658 2462 cumque
703 2380 971 2455 uultis,
1019 2378 1160 2442 illa
1206 2377 1535 2443 faciatis
1605 2377 1761 2441 dicit
1804 2377 2073 2441 iterum:
2130 2376 2352 2443 uideo
2411 2377 2635 2441 aliam

323 2489 584 2570 legem
659 2486 733 2549 in
807 2483 1165 2548 membris
1246 2482 1433 2548 meis
1505 2485 2055 2567 repugnantem
2130 2484 2287 2567 legi
2358 2482 2633 2548 mentis

324 2612 541 2659 meae
593 2595 668 2657 et
714 2591 1108 2675 captiuum
1155 2610 1267 2655 me
1317 2590 1722 2654 ducentem
1768 2588 1841 2653 in
1917 2590 2159 2672 legem
2218 2590 2513 2672 peccati
2563 2592 2637 2655 et

325 2699 631 2766 mortis.
696 2716 872 2781 ergo
937 2696 1168 2761 miser
1233 2715 1368 2779 ego
1425 2696 1673 2772 homo,
1732 2695 1900 2777 quis
1956 2714 2067 2759 me
2123 2696 2491 2760 liberabit
2548 2696 2632 2761 de

327 2822 655 2888 corpore
723 2804 992 2868 mortis
1057 2803 1286 2868 huius
1349 2802 1500 2868 nisi
1565 2803 1815 2887 gratia
1880 2802 1999 2867 dei
2062 2822 2193 2888 per
2258 2802 2631 2868 dominum

321 2916 682 2978 nostrum
751 2911 1000 2975 Iesum
1071 2909 1488 2985 Christum,
1564 2928 1697 2992 per
1768 2928 1983 2991 quem
2058 2908 2241 2972 mihi
2314 2910 2634 2973 mundus

321 3018 758 3085 crucifixus
809 3020 927 3083 est
974 3019 1048 3081 et
1093 3036 1223 3100 ego
1275 3015 1594 3081 mundo?

416 3129 530 3191 22.
581 3125 755 3195 AUG.
796 3124 986 3189 dixit:
1035 3125 1331 3208 Agnosco
1379 3126 1445 3187 et
1490 3122 1839 3205 amplector
1873 3122 2241 3187 testimonia
2276 3120 2631 3186 diuinarum

321 3234 812 3315 scripturarum,
873 3232 938 3295 et
990 3229 1137 3293 fidei
1191 3247 1370 3293 meae
1427 3227 1964 3311 quemadmodum
2031 3230 2399 3312 congruant,
2464 3227 2633 3292 sicut

322 3341 488 3405 deus
553 3338 784 3403 donare
843 3335 1224 3415 dignabitur.
1282 3334 1504 3417 paucis
1561 3353 1887 3418 exponam.
1952 3333 2225 3398 liberum
2279 3333 2631 3399 uoluntatis

320 3444 667 3511 arbitrium
713 3444 776 3506 in
825 3442 935 3506 illo
983 3441 1237 3506 homine
1287 3441 1485 3505 fuisse
1536 3441 1697 3515 dico,
1739 3441 1847 3523 qui
1885 3440 2127 3523 primus
2164 3439 2473 3505 formatus
2513 3443 2630 3505 est.

513 3655 548 3708 3
585 3653 702 3707 Ioh.
746 3654 828 3717 15,
866 3650 936 3705 22
1031 3651 1094 3705 11
1133 3650 1287 3704 Rom.
1327 3650 1378 3710 8,
1418 3650 1448 3702 7
1542 3650 1613 3703 15
1652 3648 1773 3704 Gal.
1812 3650 1863 3713 5,
1906 3649 1971 3702 17
2045 3649 2113 3703 17
2142 3648 2278 3703 Rom
2317 3649 2367 3715 7,
2405 3648 2474 3703 23
2512 3664 2632 3719 sqq.

321 3745 396 3799 22
438 3742 567 3797 Gal.
606 3741 656 3800 6,
698 3742 765 3795 14
981 3742 991 3749 ”

402 3909 428 3960 1
493 3902 604 3957 sibi
655 3901 876 3955 inimica
929 3901 984 3953 A
1127 3899 1212 3953 sui
1270 3902 1468 3969 (paene
1523 3901 1618 3966 er.)
1675 3897 1732 3951 Β
1787 3897 1902 3951 eius
1960 3896 2008 3951 S
2154 3912 2264 3949 non
2328 3912 2385 3949 se
2448 3912 2631 3965 segre-

323 3994 490 4067 gauit
529 3990 577 4046 S
716 3990 750 4043 6
787 3992 942 4060 patet
978 3988 1124 4042 APb
1304 3987 1664 4058 penitentiam
1714 4002 1829 4039 esse
1879 3985 1911 4038 b
2056 3984 2297 4055 penitem
2334 3982 2376 4036 S
2524 3984 2556 4037 8
2586 3984 2633 4037 si

322 4102 430 4143 om
475 4082 517 4132 S
623 4079 714 4147 de]
752 4082 808 4133 et
844 4077 912 4132 de
935 4078 1050 4171 'AS
1160 4076 1228 4131 10
1266 4079 1350 4131 est
1389 4077 1453 4143 (a.
1491 4076 1552 4143 1.)
1581 4074 1639 4128 Β
1750 4074 1817 4129 12
1829 4073 1989 4179 81ηὴ
1987 4077 2075 4178 θειῒ
2098 4074 2144 4127 S
2285 4074 2404 4142 nec]
2442 4088 2550 4125 non
2576 4070 2634 4127 A

323 4200 396 4255 13
435 4199 602 4269 patet
637 4195 670 4249 b
743 4164 942 4247 Βοιώ,ι
967 4191 1224 4262 factione]
1274 4164 1534 4245 beneficio
1582 4190 1660 4244 rei
1696 4190 1751 4243 A
1787 4188 2131 4244 beneficiorex
2165 4187 2222 4241 Β
2258 4186 2546 4241 beneficiet
2579 4186 2636 4239 P

319 4301 596 4361 beneficio
635 4299 682 4355 S
791 4300 856 4353 15
892 4296 950 4353 id
987 4298 1031 4352 S
1151 4298 1217 4351 19
1253 4296 1378 4367 lege
1414 4296 1512 4352 PS
1627 4296 1698 4351 20
1733 4294 1991 4350 liberauit
2025 4259 2137 4348 ΑΒ
2254 4296 2320 4348 21
2360 4294 2472 4348 ihm
2506 4310 2631 4363 xpm

324 4394 458 4448 dnm
500 4392 745 4444 nostrum
783 4387 816 4441 b
925 4386 995 4440 25
1033 4402 1184 4441 meae
1221 4402 1325 4440 om.
1363 4386 1418 4439 A
1527 4385 1596 4439 27
1636 4390 1721 4440 est
1758 4400 1863 4439 om.
1890 4385 1961 4444 A.
1998 4400 2041 4439 ε.
2082 4384 2118 4439 1.
2148 4382 2204 4436 Β
