3159 4984
503 420 625 482 148.
1189 417 1240 466 ὃ.
1299 414 1564 467 Aureli
1630 412 2071 481 Augustini

603 614 702 687 14.
746 612 838 675 De
881 629 975 678 eo„
1015 609 1185 691 quod
1223 607 1528 691 scriptum
1569 610 1668 671 est
1704 608 1764 671 in
1823 608 2333 671 deuteronomio:
2384 607 2795 670 secundum

504 718 968 783 desiderium
1036 715 1322 779 animae
1386 718 1560 778 tuae
1628 714 1885 779 occide
1953 716 2024 777 et
2080 714 2439 777 manduca
2507 732 2793 777 omnem

504 844 796 889 carnem
862 823 1070 888 iuxta
1127 822 1629 904 uoluptatem.
1688 841 1903 904 quam
1961 821 2168 885 dedit
2227 820 2367 883 tibi
2427 819 2793 883 dominus.

503 950 681 993 caue
758 932 1032 996 autem.
1109 948 1195 992 ne
1272 929 1714 1013 sanguinem
1788 928 2225 994 manduces.
2294 926 2421 989 sed
2490 926 2795 989 effunde

501 1042 874 1118 tamquam
915 1054 1176 1117 aquam
1216 1054 1442 1117 super
1476 1038 1772 1099 terram.
1824 1034 1923 1098 his
1962 1033 2175 1097 uerbis
2214 1033 2377 1116 legis
2414 1033 2794 1097 Adimantus
2863 1050 2893 1089 ⁵

503 1142 879 1206 contrarium
950 1160 1088 1206 esse
1156 1142 1511 1217 arbitratur,
1570 1142 1739 1223 quod
1795 1141 1855 1205 in
1921 1140 2253 1223 euangelio
2312 1140 2604 1204 dominus
2662 1140 2787 1203 ait:

504 1268 645 1313 non
713 1253 1133 1332 grauentui·
1197 1247 1416 1313 eorda
1481 1252 1737 1311 uestra
1807 1247 2187 1311 cruditate
2248 1250 2321 1309 et
2374 1246 2803 1310 uinolentia

505 1358 578 1418 et
627 1354 830 1418 curis
881 1355 1410 1419 saecularibus
1461 1358 1523 1418 et
1571 1354 1740 1436 quod
1788 1354 1874 1417 ait
1921 1353 2288 1436 apostolus:
2355 1352 2630 1415 bonum
2687 1354 2805 1417 est

505 1480 643 1525 non
691 1460 1145 1524 manducare
1195 1480 1486 1524 earnem
1536 1445 1771 1542 neque
1818 1460 2077 1525 bibere
2122 1460 2387 1525 uinum,
2432 1461 2494 1522 et
2541 1459 2801 1523 iterum:

506 1586 645 1630 non
721 1566 1057 1648 potestis
1122 1586 1421 1630 mensae.
1488 1566 1771 1631 domini
1836 1565 2297 1649 participare
2364 1568 2435 1629 et
2500 1584 2801 1629 mensae.
2846 1585 2901 1621 ιο

509 1674 1092 1739 daemoniorum.
1161 1691 1275 1736 nos
1331 1674 1544 1736 autem
1596 1673 1803 1736 omnia
1852 1673 2007 1736 haec·
2057 1672 2193 1736 siue.
2250 1690 2412 1754 quae
2468 1672 2531 1735 in
2589 1676 2805 1735 uetere

507 1780 643 1845 siue
710 1799 870 1862 quae
929 1779 988 1842 in
1047 1800 1214 1844 nouo
1275 1784 1656 1844 testamento
1726 1780 1959 1863 scripta
2028 1783 2198 1848 sunt.
2266 1783 2330 1843 et
2394 1778 2529 1843 suis
2596 1778 2807 1843 causis

512 1886 906 1969 exigentibus
944 1884 1152 1967 posita
1184 1884 1454 1949 dicimus
1487 1888 1549 1949 et
1581 1885 1704 1950 sibi
1738 1887 2005 1951 aduersa
2032 1907 2155 1952 non
2188 1906 2327 1950 esse
2355 1888 2805 1949 monstramus.

508 2011 890 2074 quamquam
939 1994 1003 2055 et
1045 1992 1183 2075 ipse
1229 1992 1292 2055 in
1342 1992 1441 2056 his
1481 1994 1720 2069 uerbis,
1760 2012 1919 2075 quae
1966 1994 2183 2075 posuit
2229 1993 2304 2056 de
2353 1994 2568 2055 uetere
2615 1993 2810 2054 testa-

509 2102 746 2167 mento,
796 2098 1294 2163 animaduertere
1341 2100 1554 2182 potuit
1601 2120 1723 2165 non
1764 2100 1842 2163 ad
1899 2100 2357 2165 inmoderatam
2394 2098 2811 2163 uoracitatem
2843 2116 2900 2154 15

509 2203 821 2287 pertinere
870 2205 1040 2286 quod
1079 2205 1320 2269 dictum
1362 2210 1496 2269 est:
1548 2206 1959 2269 seeundum
2008 2205 2470 2270 desiderium
2520 2204 2808 2267 animae

514 2318 686 2374 tuae
729 2310 986 2375 occide
1027 2315 1100 2376 et
1135 2312 1503 2377 manduca
1541 2333 1827 2377 omnem
1868 2332 2181 2389 earnem,
2214 2312 2461 2395 quando
2494 2310 2805 2392 sequitur:

513 2417 720 2481 iuxta
797 2418 1296 2500 uoluptatem.
1355 2438 1566 2501 quam
1628 2420 1839 2485 dedit
1895 2420 2038 2485 tibi
2098 2420 2463 2484 dominus.
2529 2416 2813 2481 inmode-

510 2528 710 2588 ratam
762 2524 930 2587 enim
979 2525 1383 2608 uoluptatem
1432 2545 1554 2591 non
1614 2527 1789 2591 dedit
1844 2527 1962 2590 tibi
2020 2526 2335 2601 domium,
2401 2524 2516 2589 sed
2580 2526 2819 2606 quanta

515 2630 965 2695 sustentationi
1013 2634 1271 2696 naturae
1321 2633 1639 2715 salutique
1678 2633 1972 2697 sufficiat.
2022 2633 2311 2715 quisquis
2351 2632 2563 2695 aut-em
2602 2628 2809 2710 sequi·
2852 2648 2907 2687 20

518 2739 624 2799 tur
668 2736 1126 2801 inmoderatam
1171 2738 1607 2813 uoraeitatem,
1648 2758 1835 2803 suum
1891 2739 2125 2803 uitium
2162 2738 2469 2820 sequitur,
2508 2756 2631 2801 non
2672 2753 2811 2798 eam

511 2844 933 2927 uoluptatem,
982 2862 1171 2925 quam
1224 2843 1401 2909 dedit
1448 2845 1779 2913 dominus:
1830 2850 1895 2910 et
1938 2846 2079 2910 ideo
2127 2865 2247 2910 non
2290 2848 2391 2909 est
2427 2841 2809 2908 contrarium

518 2947 686 3028 quod
724 2948 787 3011 in
831 2949 1160 3031 euangelio
1190 2950 1472 3031 positum
1504 2952 1629 3014 est:
1669 2970 1809 3014 non
1849 2953 2259 3034 grauentur
2298 2948 2517 3013 eorda
2555 2948 2813 3011 uestra

511 3054 891 3118 cruditate
925 3057 998 3118 et
1026 3055 1448 3119 uinolentia
1500 3060 1574 3120 et
1622 3057 1822 3121 euris
1862 3055 2409 3121 saecularibus.
2458 3073 2605 3119 eum
2644 3051 2809 3116 enim

514 3158 782 3241 quisque
829 3179 952 3223 non
999 3161 1202 3242 replet
1248 3160 1374 3225 nisi
1421 3179 1560 3225 eam
1596 3162 2017 3245 uoluptatem,
2058 3181 2247 3244 quam
2287 3161 2461 3226 dedit
2497 3160 2813 3235 dominus,
2850 3181 2907 3219 25

512 3265 578 3329 id
628 3268 725 3329 est
771 3266 1126 3331 modestam
1175 3270 1364 3349 atque
1411 3270 1784 3345 naturalem,
1822 3288 1946 3335 non
1986 3274 2289 3353 grauatur
2334 3288 2443 3334 cor
2488 3271 2624 3336 eius
2674 3291 2811 3335 cru·

513 3373 711 3438 ditate
762 3377 826 3438 et
872 3374 1222 3439 uinolentia-
1269 3377 1334 3439 et
1380 3376 1547 3440 euris
1597 3376 2049 3441 saecularibus.

695 3590 718 3643 1
753 3590 918 3644 Dent.
951 3590 1032 3652 12,
1065 3591 1130 3645 15
1161 3608 1241 3662 sq.
1318 3592 1348 3643 7
1379 3592 1506 3647 Luc.
1541 3594 1625 3649 21.
1656 3594 1729 3647 34
1802 3596 1836 3647 8
1865 3596 2017 3648 Rom.
2053 3596 2133 3650 14.
2164 3596 2229 3648 21
2322 3598 2385 3649 10
2414 3597 2441 3650 Ι
2472 3597 2591 3651 Cor.
2627 3597 2707 3661 10,
2740 3600 2806 3653 21

587 3758 620 3811 3
657 3724 998 3845 uolugtatem
1033 3758 1164 3825 P²,b
1204 3760 1289 3827 (in
1329 3765 1527 3830 mary.)
1659 3764 1691 3815 5
1730 3778 1893 3833 supra
1945 3762 1993 3815 Γ
2132 3763 2617 3819 his—contrarium
2656 3771 2809 3833 (unc.

513 3845 742 3914 rubr-ic.)
780 3848 835 3899 P
943 3846 974 3900 7
1013 3849 1142 3918 11011]
1178 3866 1246 3902 ne
1277 3848 1308 3902 b
1473 3850 1813 3920 crudlss'itate
1846 3854 1934 3919 (ex
1962 3852 2282 3906 crudelitate
2312 3856 2471 3919 corr.)
2500 3852 2552 3907 G
2583 3854 2810 3924 crapula

515 3958 606 4027 (in
623 3978 793 4031 mary.
815 3963 919 4029 al.)
942 3962 974 4015 b
1083 3930 1384 4031 uinglentia
1403 3964 1562 4019 P³G2
1638 3966 1706 4021 10
1724 3968 2069 4038 participare]
2100 3968 2489 4023 communicare
2514 3967 2810 4024 GTGSVb

520 4075 582 4129 11
626 4074 991 4131 demoniorum
1029 4076 1086 4131 P
1259 4078 1392 4134 haec
1431 4082 1611 4135 omnia
1658 4082 1711 4135 V
1912 4084 2087 4137 ueteri
2124 4082 2495 4137 1³³GCSVTb
2644 4084 2710 4138 13
2742 4048 2813 4151 {t

517 4188 626 4243 sibi
663 4190 734 4245 11³
839 4192 908 4247 18
948 4194 1056 4261 (19,
1095 4194 1182 4259 22,
1219 4194 1310 4263 25)
1353 4162 1691 4282 110Ιυῖ11111οω
1720 4198 1796 4250 P²
1906 4199 1971 4252 19
2008 4197 2111 4251 tibi
2152 4214 2254 4253 om.
2290 4198 2443 4251 TCP
2544 4198 2613 4252 23
2644 4216 2809 4253 euan-

1571 4294 1639 4318 vm

518 4321 721 4391 geliom
765 4328 817 4391 (0
855 4340 921 4379 ex
955 4342 992 4379 u
1029 4332 1187 4395 corr.)
1226 4326 1283 4381 P
1317 4330 1600 4399 euangelio
1644 4329 1695 4383 G
1804 4331 1875 4383 24
1906 4334 1977 4396 (et
2004 4331 2092 4399 27)
2134 4297 2433 4396 uinhentia
2475 4331 2552 4386 (42
