3159 4984
442 486 577 549 476
1146 482 1197 534 S.
1258 466 2017 550 Aureli'Augustini

445 682 679 742 nostra.
751 688 815 741 et
878 678 1198 760 quoniam,
1268 678 1437 742 sicut
1499 678 1942 743 testimonium
2006 677 2451 760 propheticum
2507 678 2748 740 Paulus

446 790 913 860 conmemorat,
992 786 1250 849 iustus
1319 804 1399 849 ex
1462 784 1620 848 fide
1684 784 1917 861 uiuit,
1993 784 2152 848 haec
2217 786 2318 848 est
2381 784 2748 848 iustificatio

444 895 678 972 nostra.
746 894 1070 956 mortuum
1128 892 1359 974 quippe
1408 890 1733 956 Christum
1783 893 1848 955 et
1891 890 2122 974 pagani
2180 891 2478 965 credunt;
2545 908 2748 954 resur—

444 999 681 1062 rexisse
749 1002 963 1060 autem
1024 997 1351 1062 Christum
1416 998 1668 1081 propria
1730 998 1889 1063 fides
1945 999 2046 1063 est
2108 997 2617 1063 christianorum.
2687 997 2749 1061 si

448 1106 643 1170 enim
686 1105 1161 1183 confitearis,
1203 1105 1296 1168 ait
1332 1105 1682 1187 apostolus,
1722 1104 1794 1168 in
1835 1124 1958 1169 ore
1996 1107 2150 1181 tuo,
2183 1105 2358 1186 quia
2397 1103 2748 1170 dominus
2811 1121 2836 1159 ⁵

444 1214 564 1276 est
608 1212 847 1289 163113,
900 1213 972 1274 et
1019 1210 1440 1275 credideris
1489 1212 1559 1274 in
1612 1210 1831 1275 corde
1878 1213 2030 1287 tuo,
2073 1211 2248 1292 quia
2295 1211 2479 1274 deus
2526 1210 2747 1273 illum

446 1317 875 1383 suscitauit
941 1336 977 1381 a
1039 1317 1393 1394 mortuis,
1474 1318 1738 1381 saluus
1807 1316 1975 1381 eris.
2054 1317 2418 1401 quia‘ergo
2487 1338 2557 1381 ex
2619 1317 2750 1381 ista

442 1424 925 1489 resurrectionis
972 1422 1096 1487 fide
1142 1423 1586 1500 iustificamur,
1641 1422 1786 1486 ideo
1847 1426 1912 1485 et
1963 1422 2128 1486 illud
2177 1422 2252 1487 de
2303 1422 2553 1487 Christo
2603 1442 2749 1506 apo-

445 1533 748 1597 stolicum
798 1532 916 1608 est,
977 1530 1153 1611 quia
1207 1531 1555 1594 mortuus
1613 1531 1730 1593 est
1783 1533 2095 1611 propter
2151 1529 2436 1594 delicta
2491 1533 2750 1596 nostra

447 1641 522 1702 et
567 1635 990 1702 resurrexit
1034 1637 1345 1718 propter
1390 1635 2036 1699 iustificationem
2086 1638 2439 1700 nostram.
2490 1640 2555 1700 et
2601 1636 2749 1718 quia
2787 1651 2836 1689 ιο

442 1745 571 1809 ista
632 1748 1032 1821 resurrectio,
1101 1765 1259 1829 quae
1328 1745 1565 1810 credita
1629 1764 1744 1809 nos
1800 1746 2128 1823 iustificat,
2183 1744 2298 1808 illa
2354 1747 2564 1810 octaui
2622 1744 2747 1810 diei

447 1854 927 1918 circumcisione
994 1853 1267 1937 figurata
1331 1858 1449 1929 est,
1516 1855 1850 1935 propterea
1905 1852 1981 1916 de
2035 1852 2177 1936 ipso
2234 1852 2572 1929 Abraham,
2643 1856 2747 1917 cui

444 1960 717 2044 primum
784 1959 1019 2024 tradita
1084 1961 1210 2034 est,
1280 1959 1436 2023 dicit
1500 1959 1868 2041 apostolus:
1945 1962 2019 2022 et
2083 1960 2382 2043 signum
2450 1960 2748 2043 accepit

444 2066 1063 2132 circumcisionis
1104 2066 1588 2149 signaculum
1624 2066 1982 2131 iustitiae
2013 2066 2220 2129 fidei.
2263 2084 2410 2147 ergo
2452 2069 2517 2129 et
2552 2067 2744 2131 istam

446 2174 993 2239 circumcisionem
1022 2173 1190 2237 inter
1217 2172 1373 2237 alias
1404 2173 1642 2257 figuras
1671 2174 2075 2256 propheticas
2107 2173 2184 2237 de
2207 2172 2460 2239 Christo
2489 2173 2748 2255 scripsit
2777 2180 2826 2219 ¹⁵

444 2283 724 2365 Moyses,
767 2282 843 2345 de
884 2300 1007 2364 quo
1046 2281 1183 2362 ipse
1226 2280 1417 2344 dicit:
1468 2279 1553 2343 de
1602 2299 1712 2344 me
1761 2280 1956 2343 enim
2002 2280 2139 2344 ille
2188 2280 2523 2361 scripsit.
2575 2279 2745 2362 quod

446 2391 661 2451 autem
732 2388 889 2451 dicit
955 2387 1291 2452 dominus:
1358 2405 1494 2450 uae
1548 2387 1803 2463 1101113,
1865 2386 2159 2451 36111166
2219 2390 2293 2450 et
2355 2387 2796 2469 pharisaei·

442 2494 911 2579 hypocritae,
964 2494 1090 2576 qui
1141 2493 1492 2558 circuitis
1538 2512 1739 2557 mare
1789 2495 1863 2557 et
1909 2493 2192 2557 aridam
2231 2493 2478 2557 facere
2515 2513 2740 2557 unum

436 2602 947 2685 proselytum3
999 2603 1073 2665 et
1120 2620 1283 2665 cum
1330 2598 1681 2664 feceritis
1731 2619 1916 2679 eum,
1965 2600 2230 2665 facitis
2279 2619 2442 2664 eum
2489 2598 2740 2663 filium

437 2708 826 2792 gehennae
877 2707 1106 2790 duplo
1158 2725 1374 2788 quam
1420 2725 1557 2771 uos
1609 2707 1820 2783 estis,
1875 2726 2000 2771 non
2050 2706 2199 2789 quia
2246 2705 2740 2783 circumciditur,
2779 2712 2830 2749 2⁰

436 2816 611 2881 dixit.
680 2815 791 2878 sed
859 2814 1029 2895 quod
1100 2832 1319 2877 eorum
1384 2832 1592 2877 mores
1656 2812 1964 2888 imitatur,
2024 2832 2059 2875 a
2118 2813 2350 2895 quibus
2412 2812 2740 2877 imitandis

441 2921 699 2986 cohibet
754 2940 905 2985 suos
964 2920 1221 2984 dicens:
1279 2920 1351 2983 in
1411 2920 1771 2984 cathedra
1816 2919 2062 3004 Moysi
2121 2920 2388 2984 sedent
2444 2920 2739 2983 scribae

434 3031 510 3092 et
555 3027 980 3110 pharisaei:
1033 3044 1219 3108 quae
1270 3026 1551 3105 dicunt,
1600 3025 1854 3104 facite,
1905 3044 2092 3108 quae
2132 3029 2380 3090 autem
2421 3026 2737 3093 faciunt.

432 3134 685 3198 facere
744 3133 1012 3207 nolite;
1077 3133 1342 3197 dicunt
1398 3132 1612 3211 enim,
1675 3137 1748 3197 et
1803 3153 1943 3198 non
1999 3133 2315 3197 faciunt.
2382 3134 2447 3197 in
2506 3134 2738 3215 quibus

434 3240 770 3305 dominicis
809 3239 1025 3304 uerbis
1064 3242 1407 3322 utrumque
1448 3239 1692 3305 debetis
1733 3240 2081 3319 aduertere,
2123 3243 2189 3303 et
2225 3243 2501 3321 quantus
2539 3238 2741 3304 honor
2776 3244 2826 3281 ²⁵

434 3346 682 3409 delatus
748 3346 835 3410 sit
899 3345 1221 3410 doctrinae
1277 3348 1516 3429 Moysi,
1585 3347 1649 3409 in
1717 3347 1900 3411 cuius
1967 3346 2268 3411 cathedra
2331 3345 2519 3410 etiam
2585 3345 2736 3408 mali

433 3451 729 3517 sedentes
794 3453 961 3517 bona
1024 3452 1247 3517 docere
1313 3455 1721 3537 cogebantur.
1781 3456 1846 3517 et
1899 3454 2066 3517 unde
2133 3454 2312 3517 fieret
2371 3453 2736 3536 proselytus

431 3559 600 3622 filius
648 3558 992 3641 gehennae,
1042 3578 1164 3623 non
1205 3557 1452 3622 scilicet
1508 3578 1543 3621 a
1579 3558 1927 3640 pharisaeis
1964 3560 2160 3624 uerba
2195 3560 2360 3642 16313
2398 3558 2733 3635 audiend0,

609 3750 640 3801 2
698 3750 851 3805 Rom.
911 3751 959 3815 1,
1018 3749 1083 3802 17
1142 3747 1282 3802 Η611.
1330 3750 1379 3807 2,
1427 3750 1463 3801 4
1643 3752 1677 3802 4
1724 3749 1877 3804 Rom.
1930 3751 2011 3813 10,
2063 3752 2096 3803 9
2281 3751 2313 3803 9
2360 3750 2515 3803 Rom.
2563 3752 2615 3814 4,
2663 3750 2734 3803 25

429 3840 495 3891 13
525 3840 676 3892 Rom.
714 3840 764 3900 4,
809 3840 867 3893 11
986 3839 1053 3891 16
1080 3838 1195 3892 Ioh.
1238 3840 1287 3895 5.
1326 3840 1397 3891 46
1514 3840 1577 3893 17
1606 3837 1803 3891 Matth.
1842 3838 1930 3902 23,
1970 3839 2036 3891 15
2147 3840 2215 3891 22
2243 3838 2442 3893 Matth.
2471 3838 2558 3903 23,
2589 3841 2623 3889 2
2651 3856 2732 3908 sq.

499 3958 531 4007 2
571 3960 862 4009 commetat
898 3955 951 4008 L
1060 3957 1093 4007 8
1133 3959 1190 4008 et
1226 3972 1328 4009 om.
1368 3956 1399 4009 b
1513 3956 1576 4008 11
1618 3956 1725 4008 ista
1765 3958 1834 4021 (s,
1874 3954 1937 4021 l)
1979 3953 2026 4009 S
2202 3954 2385 4008 octaui
2423 3952 2550 4007 110¹
2585 3954 2730 4023 Euq.

429 4046 536 4109 (ed.
574 4044 757 4101 Kno'll
784 4063 844 4115 p.
885 4048 1067 4113 2859.-
1104 4049 1295 4113 octaue
1340 4044 1405 4097 0²
1450 4049 1644 4099 octaua
1683 4043 1888 4099 SGMb
2000 4046 2068 4097 14
2117 4043 2366 4097 iusticias
2405 4043 2448 4097 C
2559 4044 2624 4095 16
2665 4042 2731 4095 de

428 4152 533 4203 quo
589 4134 705 4205 ipse
765 4134 899 4188 dicit
956 4151 1057 4189 om.
1116 4133 1214 4187 SG
1399 4134 1465 4187 18
1522 4133 1851 4203 hypochitae
1901 4134 1945 4185 C
2169 4132 2464 4187 circumitis
2521 4130 2730 4186 SGMb

428 4224 759 4294 proselytum
799 4240 966 4277 unum
1005 4222 1052 4277 S
1228 4221 1297 4275 20
1334 4222 1580 4292 gehenne
1625 4222 1672 4276 Ο
1847 4222 1918 4273 22
1961 4221 2018 4274 111
2069 4221 2346 4291 cathedra]
2393 4220 2650 4275 cathedra
2687 4220 2735 4275 S

426 4312 689 4367 kathedra
730 4313 783 4367 G
816 4312 1083 4367 kathedra
1120 4310 1189 4363 M
1228 4327 1388 4380 super
1425 4310 1734 4385 cathedram
1775 4312 1959 4379 (super
1993 4328 2061 4365 m.
2094 4314 2134 4364 2
2158 4328 2198 4365 3.
2233 4311 2296 4377 l)
2332 4309 2380 4363 0
2411 4308 2666 4363 cathedra
2697 4309 2726 4359 b

426 4402 493 4451 21·
534 4401 823 4470 proselitus
868 4400 916 4454 G
1019 4399 1088 4452 28
1129 4399 1373 4468 gehenne
1417 4400 1465 4453 0
1605 4399 1870 4469 phariseis
1917 4400 1961 4447 (’
