3159 4984
508 492 636 553 502
1218 444 1271 541 Si
1327 488 1606 542 Aureli
1661 490 2098 558 Augustini

503 681 672 745 uide.
724 682 778 745 si
825 681 975 764 quid
1023 682 1305 765 inpedire
1341 682 1469 746 iam
1508 685 1777 764 poterat.
1818 684 1970 767 quin
2007 683 2216 749 factus
2258 704 2466 749 essem
2501 685 2800 749 Iudaeus,

504 788 617 852 sed
666 788 815 854 huic
861 790 1143 872 periculo
1190 810 1292 855 me
1338 790 1697 854 Manichaei
1743 791 2103 855 ueneranda
2147 791 2305 857 fides
2353 792 2602 875 eripuit.

596 898 656 963 6.
706 896 801 960 Tu
850 900 1065 961 tamen
1113 896 1265 979 quid
1310 898 1579 961 fiduciae
1630 917 1854 981 gerens
1900 898 2057 961 haec
2105 896 2343 963 obicias
2391 918 2646 980 quaero,
2693 902 2805 963 aut

506 1020 699 1083 quare
749 1006 969 1067 contra
1012 1022 1115 1068 me
1162 1003 1230 1068 id
1277 1022 1417 1067 esse
1473 1006 1660 1086 putes
1718 1004 1950 1081 solum,
2011 1004 2180 1086 quod
2234 1004 2355 1067 tibi
2411 1024 2534 1069 non
2593 1005 2802 1070 minus

504 1108 799 1173 uideatur
864 1128 1005 1173 esse
1072 1109 1473 1174 contrarium.
1542 1110 1600 1173 si
1657 1108 1894 1174 Christi
1949 1130 2072 1174 non
2130 1114 2232 1175 est
2285 1112 2496 1194 legem
2553 1111 2802 1177 soluere
2885 1136 2914 1175 5

504 1220 572 1278 et
617 1215 979 1299 prophetas,
1030 1215 1251 1297 utique
1300 1234 1417 1279 nec
1465 1214 1972 1279 christianorum.
2043 1234 2156 1280 cur
2209 1235 2358 1301 ergo
2416 1236 2534 1281 uos
2587 1216 2802 1281 eadem

502 1322 814 1387 soluitis?
881 1340 957 1384 an
1008 1320 1245 1385 sensim
1290 1321 1580 1385 fatemini
1627 1340 1746 1387 uos
1793 1342 1917 1387 non
1966 1341 2106 1387 esse
2157 1323 2586 1388 christianos?
2653 1323 2805 1406 quid

504 1429 633 1512 legi
701 1431 765 1492 et
828 1428 1154 1511 prophetis
1222 1428 1516 1493 omnibus
1597 1432 2072 1493 sacrosanctum
2147 1429 2332 1493 illum
2399 1430 2806 1494 sabbatorum

507 1537 717 1606 diem,
785 1536 847 1600 in
918 1556 1041 1617 quo
1108 1539 1174 1599 et
1235 1534 1458 1599 mundi
1521 1536 1736 1617 ipsum
1804 1534 2096 1618 opificem
2161 1536 2350 1600 deum
2413 1537 2806 1617 requieuisse

504 1646 856 1709 testantur.
924 1662 1041 1708 uos
1108 1644 1282 1707 omni
1348 1660 1534 1725 opere
1624 1642 1971 1726 profanatis
2047 1662 2163 1708 nec
2226 1663 2493 1726 poenam
2559 1643 2804 1709 mortis,
2853 1670 2914 1707 ιο

500 1770 691 1832 quam
744 1749 1083 1814 aduersum
1131 1748 1476 1813 uiolatores
1528 1749 1666 1813 eius
1707 1749 1954 1827 statuit,
1996 1768 2112 1815 nec
2147 1750 2474 1814 maledicti
2510 1750 2806 1832 pertime-

504 1859 761 1921 scentes
817 1855 1195 1919 infamiam?
1262 1854 1414 1937 quid
1472 1858 1537 1919 et
1593 1875 1630 1918 a
1685 1854 2187 1921 circumcisionis
2255 1856 2639 1921 dedecoroso
2694 1856 2808 1919 illo

508 1964 840 2047 signaculo
926 1963 1053 2047 legi
1120 1982 1193 2027 ac
1258 1963 1585 2046 prophetis
1671 1963 1964 2027 omnibus
2037 1962 2344 2027 honorato
2411 1966 2475 2026 et
2537 1962 2808 2027 maxime

502 2072 795 2135 Abrahae
842 2073 991 2154 post
1037 2070 1355 2153 opinatam
1416 2089 1598 2134 suam
1653 2070 1846 2134 fidem
1903 2070 2082 2134 sinus
2139 2069 2477 2133 defenditis
2533 2073 2809 2135 uestros,

500 2176 875 2259 praesertim
924 2196 1069 2241 cum
1120 2182 1187 2240 et
1230 2178 1582 2259 periturum
1632 2195 1884 2242 omnem
1934 2175 2010 2241 de
2067 2178 2252 2259 plebe
2309 2195 2427 2241 sua
2481 2176 2814 2260 perhibeat
2856 2200 2916 2239 ιε»

506 2282 881 2347 Iudaeorum
950 2283 1128 2359 deus,
1190 2283 1575 2365 quicumque
1633 2302 1757 2348 non
1815 2284 1932 2347 hac
1989 2284 2183 2347 fuerit
2236 2281 2586 2367 ignominia
2629 2300 2810 2365 prae-

500 2391 851 2474 signatus?
920 2408 1032 2454 cur
1079 2392 1145 2453 et
1191 2388 1644 2455 sacrificiorum
1691 2390 2000 2473 legitima.
2058 2410 2218 2472 quac
2267 2408 2382 2453 nec
2427 2390 2688 2473 Moyses
2735 2408 2812 2455 ac

498 2498 849 2579 prophetae
930 2498 1047 2561 sub
1124 2497 1267 2581 lege
1342 2516 1459 2561 nec
1526 2499 1646 2563 sub
1712 2498 1834 2561 fide
1901 2516 2018 2562 sua
2080 2497 2144 2561 in
2211 2496 2510 2561 secundis
2583 2496 2814 2561 habuit

499 2604 845 2682 Abraham,
912 2623 1031 2669 uos
1101 2604 1453 2687 spernitis?
1521 2624 1634 2669 cur
1697 2624 1848 2669 uero
1917 2607 1981 2669 et
2045 2604 2328 2669 ciborum
2385 2602 2816 2668 indifferentia

504 2710 749 2775 animas
815 2710 1107 2793 polluitis
1174 2713 1443 2780 uestras,
1495 2711 1551 2775 si
1599 2712 1774 2791 haec,
1825 2714 1900 2775 ut
1945 2711 2224 2789 creditiS,
2266 2711 2478 2777 omnia
2517 2710 2815 2777 Christus
2857 2732 2923 2771 ao

504 2836 630 2881 non
670 2818 848 2881 uenit
886 2818 1155 2894 soluere,
1188 2816 1301 2881 sed
1342 2816 1716 2900 adinplere?
1755 2838 1868 2882 cur
1906 2822 1970 2882 et
2007 2836 2372 2902 azymorum
2413 2818 2814 2882 anniuersale

502 2922 609 2987 ius
659 2927 723 2987 et
768 2922 1175 2989 mactationis
1224 2924 1489 3007 agninae
1538 2926 1812 3003 sacrum,
1854 2925 2022 3006 quod
2068 2925 2132 2988 in
2181 2928 2507 2989 aeternum
2555 2943 2814 2989 seruare

500 3031 604 3094 lex
657 3033 723 3093 et
765 3030 1111 3113 prophetae
1159 3030 1575 3113 praecipiunt.
1625 3050 1744 3096 uos
1790 3032 2100 3115 inpiatis?
2169 3051 2282 3096 cur
2337 3030 2607 3113 denique
2665 3048 2816 3094 neo-

496 3137 745 3200 menias
804 3140 871 3199 et
922 3136 1313 3219 baptismata
1368 3140 1433 3201 et
1488 3138 1936 3221 scenopegiam
2003 3156 2074 3202 ac
2139 3138 2384 3220 reliqua
2441 3137 2818 3201 huiusmodi

674 3352 713 3405 9
756 3352 820 3405 cf.
861 3349 995 3406 Gen.
1033 3353 1082 3412 2,
1122 3353 1155 3404 2
1268 3354 1334 3407 16
1375 3354 1508 3407 Gen.
1552 3354 1634 3412 18.
1677 3354 1709 3405 9
1749 3370 1864 3423 sqq.

578 3505 603 3555 1
646 3500 839 3556 iudeus
866 3502 913 3555 0
980 3502 1013 3555 2
1040 3503 1343 3557 manichaei
1373 3504 1502 3569 (hoc
1536 3520 1651 3558 uno
1691 3504 1808 3558 loco
1836 3506 1921 3569 ae)
1951 3504 2006 3556 L
2033 3504 2300 3557 manichei
2335 3504 2382 3557 C
2485 3506 2522 3557 4
2549 3518 2714 3573 quere
2745 3503 2816 3557 S¹

500 3606 644 3659 qua*
681 3607 738 3644 re
780 3594 831 3659 (e
871 3591 963 3659 er.)
1006 3591 1129 3647 GM
1293 3594 1325 3645 6
1365 3609 1503 3662 quur
1538 3592 1660 3648 LM
1804 3592 1990 3647 eadem
2029 3608 2128 3647 uos
2167 3593 2198 3646 b
2361 3594 2394 3647 9
2433 3592 2815 3662 requieuiss&—

496 3680 761 3733 estantib'
802 3680 874 3749 (b’
911 3681 974 3733 in
1009 3684 1145 3748 rac.)
1188 3682 1261 3734 M
1368 3682 1433 3735 10
1460 3698 1600 3752 pene
1629 3681 1694 3737 8¹
1723 3698 1894 3752 poene
1929 3680 1982 3736 G
2009 3688 2184 3752 poena
2214 3683 2303 3752 (av
2335 3682 2466 3738 add.
2495 3700 2564 3737 m.
2598 3686 2658 3745 2)
2691 3682 2822 3737 LM

502 3784 679 3837 poena
714 3768 800 3821 Pb
982 3770 1047 3822 11
1088 3770 1381 3823 maledicta
1419 3768 1483 3825 8¹
1673 3770 1737 3823 12
1775 3786 1807 3823 a
1844 3786 1947 3824 om.
1986 3768 2084 3824 SG
2261 3770 2328 3823 13
2365 3770 2628 3823 maximae
2665 3770 2818 3823 ML«

508 3858 578 3911 14
614 3854 887 3911 habrahae
927 3856 974 3912 S
1189 3858 1253 3911 16
1292 3856 1575 3911 iudeorum
1615 3859 1660 3913 Ο
1836 3857 1938 3911 hac
1979 3858 2162 3927 fucrit]
2203 3857 2444 3911 adfuerit
2479 3856 2580 3911 hac
2621 3858 2674 3911 L
2711 3857 2820 3913 hac

500 3946 669 4001 fuerit
708 3948 894 4011 (fuerit
921 3964 963 4001 8.
998 3948 1031 4000 l.
1060 3963 1133 4000 m.
1158 3950 1209 4013 1)
1244 3946 1289 4000 0
1313 3962 1375 3999 ac
1422 3948 1511 4013 (esc
1550 3946 1620 4000 ad
1669 3965 1705 3999 a
1753 3964 1819 4001 m.
1859 3950 1917 4015 2)
1966 3946 2133 4000 fuerit
2177 3946 2232 3999 P
2277 3946 2514 4000 adsuerit
2541 3944 2696 4002 S¹M
2717 3948 2820 4001 illa

498 4036 589 4101 (in
624 4051 735 4090 ras,
784 4036 851 4099 G,
890 4052 933 4089 8.
964 4038 1001 4089 l.
1031 4034 1099 4103 S)
1138 4035 1306 4089 fuerit
1347 4034 1471 4089 S2G
1705 4038 1768 4091 18
1817 4035 2080 4105 prophete
2120 4039 2184 4105 (8.
2226 4036 2260 4087 l.
2299 4034 2324 4087 1
2361 4034 2630 4106 propheta
2667 4053 2704 4089 a
2743 4052 2819 4090 m.

502 4126 531 4177 1
562 4128 712 4193 prof.
754 4125 891 4179 uid)
940 4124 987 4177 0
1017 4123 1285 4194 propheta
1340 4122 1393 4177 L
1531 4124 1597 4179 19
1633 4124 1934 4179 habraham
1975 4123 2083 4179 SM
2234 4140 2372 4194 quur
2409 4125 2494 4194 (21
2538 4128 2596 4178 et
2631 4125 2722 4193 23)
2763 4124 2824 4178 L

496 4212 895 4268 indiffer*entia
961 4216 1009 4272 (r
1072 4211 1167 4281 er.)
1222 4210 1277 4265 L
1522 4215 1587 4267 21
1659 4214 1949 4267 azimorum
2017 4210 2238 4267 LCSM
2413 4212 2726 4267 uniuersale
2767 4214 2824 4267 L

496 4302 569 4354 ⁴24
618 4301 979 4371 scenophegia
1030 4301 1227 4355 LSMb
1294 4302 1686 4371 scenophegias
1745 4308 1790 4367 (s
1839 4304 1937 4368 sin.
1987 4301 2120 4355 add.
2167 4318 2238 4355 m.
2293 4301 2426 4369 rec.)
2485 4302 2530 4355 C
2581 4300 2822 4355 scheno-

504 4390 669 4459 pegia
713 4390 764 4444 G
