3159 4984
540 469 687 535 ’746
1267 467 1319 519 S.
1376 465 1653 520 Aureli
1707 465 2144 536 Augustini

550 663 794 726 Mariae
842 663 1278 738 narrauerunt,
1327 661 1543 726 nullus
1592 663 1808 726 tamen
1847 661 2389 746 euangelistarum
2425 659 2651 738 tacuit,
2691 661 2874 743 quod

558 769 853 834 habuerit
899 773 1169 835 matrem
1216 768 1423 834 Iesus.
1491 786 1571 831 an
1617 767 1760 833 ideo
1808 766 2020 851 piguit
2066 767 2262 831 etiam
2317 766 2441 832 hoc-
2496 767 2872 850 praedicare

542 876 954 944 simulatum.
1023 876 1171 958 quia
1236 874 1681 960 generationes
1749 874 1906 938 alias
1971 873 2363 951 Matthaeus,
2433 873 2592 938 alias
2655 874 2872 939 Lucas

558 982 910 1064 exequitur,
949 982 1117 1046 unde
1157 980 1459 1046 uidentur
1493 1000 1618 1046 non
1658 981 1782 1045 sibi
1821 980 2209 1046 conuenire?
2249 979 2362 1045 sed
2400 981 2480 1044 da
2515 979 2870 1057 hominem,

538 1093 665 1176 -qui
724 1111 847 1157 non
904 1090 1260 1174 intellegat,
1316 1088 1573 1171 putabit
1631 1087 1824 1152 etiam
1878 1087 1944 1150 in
1991 1087 2236 1164 multis,
2285 1105 2446 1170 quae
2493 1087 2574 1152 ad
2622 1087 2868 1152 Christi
2939 1109 2966 1146 ει

554 1199 921 1282 passionem
957 1196 1299 1280 pertinent,
1341 1195 1775 1279 euangelistas
1815 1193 1937 1258 sibi
1975 1213 2099 1258 non
2139 1194 2515 1270 conuenire3
2567 1193 2646 1258 da
2683 1213 2868 1270 uero,

552 1306 665 1389 qui
714 1305 1070 1389 intellegat,
1122 1306 1187 1368 et
1232 1303 1471 1385 ubique
1520 1303 1931 1368 conueniunt.
1999 1319 2076 1364 an
2135 1301 2284 1382 quia
2339 1305 2613 1367 mortem
2663 1301 2868 1366 simu·

538 1414 683 1477 ,lare
742 1411 1084 1477 honestum
1144 1413 1263 1488 est,
1332 1409 1742 1474 natiuitatem
1799 1412 2012 1472 autem
2072 1408 2266 1472 etiam
2323 1408 2625 1473 simulare
2671 1411 2868 1492 turpe

554 1523 706 1584 est?
776 1539 889 1584 cur
936 1538 1084 1602 ergo
1133 1536 1249 1582 nos
1306 1517 1601 1581 hortatur
1654 1516 1776 1581 hoc
1833 1515 2140 1592 confiteri,
2197 1534 2323 1598 quo
2379 1517 2588 1599 possit
2642 1521 2870 1582 nostra

554 1625 879 1690 contentio
911 1623 1236 1709 profligari
1257 1627 1287 1687 P
1326 1623 1493 1686 unde
1525 1642 1676 1706 ergo
1707 1622 1866 1686 mihi
1891 1621 2150 1686 uidetur
2175 1621 2582 1687 natiuitatem
2615 1621 2864 1688 Christi
2915 1643 2964 1680 ιο

544 1750 671 1796 nec
720 1731 949 1796 saltem
999 1731 1171 1796 sicut
1206 1733 1476 1796 mortem
1516 1729 1913 1805 simulatam,
1955 1729 2068 1793 sed
2101 1747 2362 1812 prorsus
2401 1729 2642 1793 nullam
2683 1749 2867 1812 prae-

553 1838 759 1903 dicare
826 1838 1113 1903 uoluisse
1170 1837 1232 1901 in
1282 1836 1697 1919 consequenti
1744 1855 2035 1902 sermone
2094 1835 2444 1920 adparebit,
2502 1835 2611 1900 ubi
2669 1836 2864 1900 alteri

548 1945 1079 2028 respondebimus
1127 1944 1507 2026 quaestioni.

644 2055 704 2116 4.
762 2051 953 2116 Absit
998 2055 1232 2118 autem,
1282 2053 1355 2113 ut
1402 2049 1491 2114 sit
1536 2049 1601 2112 in
1649 2049 1954 2114 membris
2009 2052 2377 2114 sanctorum
2433 2049 2626 2113 etiam
2681 2049 2862 2132 geni·

550 2157 793 2222 talibus
842 2157 1055 2241 aliqua
1102 2156 1454 2238 turpitudo.
1506 2156 1804 2220 dicuntur
1848 2154 2104 2236 quidem
2144 2154 2500 2233 inhonesta,
2539 2155 2688 2238 quia
2725 2175 2858 2220 non
2905 2177 2958 2216 ιε»

540 2264 789 2328 ,habent
834 2282 972 2327 eam
1023 2260 1301 2345 speciem
1350 2260 1620 2338 decoris,
1669 2281 1859 2345 quam
1907 2261 2213 2337 membra,
2253 2261 2515 2344 quaein
2553 2264 2860 2346 promptu

549 2371 765 2435 locata
830 2371 1002 2434 sunt.
1071 2368 1183 2433 sed
1240 2367 1477 2444 uidete,
1537 2367 1690 2450 quid
1748 2368 1919 2433 dicat
1975 2368 2326 2450 apostoluS,
2385 2387 2532 2433 cum
2586 2387 2661 2432 ex
2714 2369 2860 2451 ipsa

540 2477 978 2541 membrorum
1028 2475 1311 2558 corporis
1367 2475 1571 2540 nostri
1626 2475 1873 2540 unitate
1932 2478 2122 2557 atque
2181 2494 2462 2559 conpage
2521 2475 2854 2540 caritatem

550 2581 895 2667 persuadet
943 2581 1271 2646 ecclesiae.
1340 2581 1579 2646 multo
1627 2582 1900 2665 magis,
1951 2581 2189 2664 inquit,
2247 2599 2433 2664 quae
2492 2582 2856 2648 uidentur

553 2689 886 2755 membra
934 2687 1276 2772 corporis
1324 2688 1756 2754 infirmiora
1803 2708 1990 2766 esse,
2040 2688 2473 2753 necessaria
2521 2692 2725 2764 sunt;
2779 2693 2854 2753 et
2887 2711 2944 2748 ω

560 2815 748 2879 quae
796 2795 1159 2861 uidentur
1205 2795 1481 2860 uiliora
1530 2814 1698 2860 esse
1746 2795 2119 2878 corporis,
2177 2794 2295 2859 his
2353 2795 2850 2862 abundantio·

560 2923 710 2968 rem
758 2903 1117 2968 honorem
1166 2902 1838 2986 circumponimus;
1890 2905 1964 2965 et
2000 2921 2185 2984 quae
2224 2901 2633 2968 inhonesta
2673 2908 2850 2967 sunt

553 3015 836 3086 nostra,
868 3009 1491 3074 abundantiorem
1526 3009 2009 3073 honestatem
2037 3009 2344 3086 l1abent3
2374 3029 2564 3093 quae
2595 3013 2846 3074 autem

541 3119 873 3182 honesta
921 3119 1095 3181 sunt
1145 3119 1424 3195 nostra,
1473 3136 1614 3181 non
1665 3135 1852 3199 opus
1900 3116 2206 3192 habent3
2259 3117 2388 3182 sed
2437 3117 2624 3181 deus
2670 3121 2848 3181 tem-

538 3223 855 3307 perauit
902 3241 1177 3306 corpus
1228 3223 1313 3300 ei,
1365 3223 1487 3287 cui
1526 3222 1805 3298 deerat,
1845 3223 2204 3287 maiorem
2243 3223 2600 3288 honorem
2639 3223 2842 3302 danS,
2883 3241 2938 3279 2⁵

544 3332 629 3392 ut
688 3348 829 3393 uon
889 3331 1147 3393 essent
1205 3328 1590 3393 scissurae
1646 3328 1718 3391 in
1777 3346 2107 3410 corpore.
2173 3327 2461 3394 inlicitus
2517 3329 2734 3413 itaque
2781 3335 2848 3396 et

528 3434 1000 3517 ‘temperantiae
1048 3434 1302 3517 legibus
1351 3453 1473 3499 non
1524 3434 1855 3499 subiectus
1902 3435 2334 3500 membrorum
2377 3435 2638 3500 illorum
2687 3455 2844 3502 usus

544 3544 645 3605 est
702 3542 930 3624 turpis,
990 3559 1112 3604 non
1170 3541 1307 3622 ipsa
1364 3540 1668 3618 membra,
1727 3558 1887 3622 quae
1944 3560 2067 3606 non
2130 3541 2340 3605 solum
2396 3541 2461 3605 in
2510 3543 2846 3607 excellenti

722 3699 747 3750 1
790 3697 855 3752 cf.
895 3697 1091 3751 Matth.
1134 3699 1179 3761 1,
1220 3697 1288 3750 25
1325 3697 1454 3751 Luc.
1494 3697 1544 3754 2,
1585 3697 1618 3749 7
1775 3655 1823 3749 '2
1864 3697 1929 3752 cf.
1968 3696 2167 3752 Matth.
2207 3698 2256 3762 2,
2299 3697 2358 3750 11
2475 3655 2640 3751 Marc.
2681 3699 2730 3762 3,
2771 3699 2843 3752 32

537 3786 671 3840 Luc.
708 3787 757 3849 2,
797 3786 866 3838 33
974 3785 1091 3840 Ioh.
1130 3785 1180 3849 2,
1222 3787 1249 3838 1
1365 3786 1431 3840 19
1470 3785 1497 3838 Ι
1536 3784 1656 3840 Cor.
1701 3789 1778 3850 12,
1818 3787 1886 3839 22
1925 3803 2044 3857 sqq.

615 3910 639 3960 1
682 3909 884 3962 Mariae
922 3925 1037 4014 om.⁰
1064 3907 1165 3964 SG
1283 3907 1315 3960 2
1356 3907 1630 3977 predicare
1675 3907 1722 3962 C
1838 3909 1870 3961 3
1907 3909 2184 3963 mattheus
2221 3908 2330 3962 Lo
2435 3911 2468 3963 5
2509 3909 2730 3980 putauit
2765 3911 2842 3964 L¹

540 4025 571 4076 9
647 4040 783 4094 quur
828 4023 935 4077 LC
1005 4042 1101 4095 q„
1146 4023 1219 4076 M
1326 4024 1392 4079 10
1432 4023 1682 4077 uideatur
1719 4023 1835 4078 SM
1942 4027 2002 4079 11
2045 4026 2228 4079 saltim
2269 4024 2321 4078 L
2432 4025 2499 4078 12
2537 4033 2750 4080 sermon
2789 4027 2840 4080 L

536 4113 608 4166 -18
665 4129 923 4182 compage
977 4111 1027 4166 L
1210 4114 1280 4166 20
1334 4111 1554 4166 menbra
1612 4111 1712 4166 SG
1891 4111 2182 4168 infirmiora
2240 4117 2292 4185 (a
2348 4131 2485 4169 corr.
2541 4131 2609 4169 αι)
2663 4117 2716 4180 e)
2773 4113 2843 4168 3³

538 4202 605 4255 21
644 4201 730 4254 his
774 4200 850 4255 62
990 4201 1426 4256 habundantior&
1465 4208 1556 4268 (ev
1597 4202 1728 4256 add.
1770 4219 1836 4255 m.
1873 4205 1935 4258 21
1973 4202 2026 4256 L
2062 4202 2550 4258 habundantiorem
2599 4203 2836 4259 CGMS¹

537 4289 607 4344 22
644 4290 701 4342 in
736 4289 965 4343 honesta
1008 4289 1055 4342 C
1186 4290 1253 4343 26
1294 4290 1396 4344 scis
1435 4306 1555 4359 sure
1601 4290 1648 4343 C
1781 4289 2023 4344 inlicitus
2063 4291 2134 4344 M
2139 4294 2150 4326 ¹
2288 4292 2358 4345 28
2396 4292 2570 4362 turpis
2611 4291 2668 4356 (b
2705 4293 2768 4346 in
2803 4311 2836 4364 p

526 4383 671 4430 omui.
708 4395 777 4430 m.
816 4377 865 4441 1)
911 4378 957 4430 (¹
