3159 4984
944 450 1030 503 vl.
1090 450 1382 505 Contra
1437 452 1807 505 Faustum
1866 450 1996 505 lib.
2054 452 2153 507 111.
2546 456 2685 519 267

389 663 608 709 omnes
679 645 899 710 dicunt
964 666 1078 712 nec
1143 647 1264 711 sibi
1332 648 1466 713 ullo
1531 648 1720 713 modo
1780 649 2108 725 contraria,
2168 650 2223 712 si
2279 649 2425 731 pius
2479 649 2687 713 lector

387 753 666 827 accedat,
717 752 771 815 si
819 752 994 817 mitis
1041 753 1234 836 legat,
1284 754 1339 819 si
1384 772 1508 819 11011
1555 754 1873 819 haeretico
1922 754 2151 828 animo,
2208 755 2375 819 unde
2420 755 2679 831 rixetur,

387 859 498 923 sed
545 858 719 923 fideli
765 860 972 932 corde,
1021 860 1188 924 unde
1236 860 1623 938 aedificetur,
1669 862 1963 943 inquirat.
2010 861 2138 925 iam
2186 881 2333 943 ergo
2383 862 2679 944 quoniam

385 965 786 1049 singulorum
849 970 1102 1049 patrum
1168 966 1629 1050 generationes,
1698 987 1857 1051 quos
1914 971 1989 1032 ut
2042 986 2207 1032 unus
2269 968 2459 1033 homo
2516 968 2677 1033 duos

317 1092 344 1130 ⁵
393 1073 672 1151 haberet,
721 1094 844 1139 11011
893 1078 994 1138 est
1039 1075 1115 1138 ab
1173 1075 1449 1139 humano
1506 1094 1732 1159 genere
1790 1076 2087 1148 alienum,
2146 1076 2432 1159 singulos
2490 1094 2676 1140 euan-

383 1179 650 1262 gelistas
698 1180 1040 1245 narrandas
1099 1181 1459 1265 suscepisse
1518 1182 1923 1259 credidimus,
1980 1202 2103 1247 non
2162 1187 2261 1247 est
2316 1200 2353 1245 a
2408 1182 2681 1246 ueritate

383 1291 602 1353 nostra
647 1287 806 1353 fides
855 1289 1080 1354 aliena.
1146 1289 1442 1371 quocirca
1487 1290 1655 1353 inter
1698 1309 1766 1353 se
1812 1290 1939 1353 iam
1986 1288 2400 1373 euangelistis
2448 1308 2673 1353 conue-

383 1394 724 1464 nientibus,
775 1397 946 1460 sicut
989 1396 1266 1461 Faustus
1314 1396 1627 1478 promisit,
1676 1399 2023 1478 utcumque
2072 1396 2491 1460 succumbite.

476 1503 535 1567 6.
603 1501 700 1565 An
748 1502 930 1579 illud,
980 1503 1145 1584 quod
1196 1502 1497 1571 adiunxit.
1556 1522 1675 1567 uos
1732 1506 1949 1569 mouet
2004 1502 2261 1567 adhuc?
2328 1503 2683 1585 quamuis

293 1624 348 1663 ιο
397 1627 528 1671 1100
577 1608 686 1673 sic
735 1609 1054 1691 quidem.
1092 1610 1318 1691 inquit.
1359 1609 1663 1693 dignum
1713 1609 1859 1673 erit
1903 1611 1979 1673 et
2025 1628 2103 1672 ex
2150 1611 2367 1673 utero
2416 1611 2671 1673 natum

393 1716 691 1780 credere
741 1716 954 1781 deum
1004 1719 1078 1780 et
1125 1716 1339 1780 deum
1389 1716 2001 1781 christianorum.
2068 1716 2249 1797 quasi
2306 1735 2421 1780 nos
2467 1716 2673 1799 ipsam

383 1821 663 1885 diuinam
714 1825 1002 1887 naturam
1053 1842 1122 1888 ex
1170 1822 1439 1888 feminae
1487 1828 1667 1888 utero
1718 1823 2003 1887 extitisse
2050 1821 2401 1886 credamus.
2468 1841 2672 1886 nonne

383 1930 568 1995 modo
618 1931 1110 1995 commemoraui
1159 1931 1430 2014 apostoli
1477 1930 1939 2005 testimonium,
1988 1930 2099 1993 ubi
2138 1929 2229 1993 ait
2266 1929 2341 1992 de
2380 1927 2672 1993 Iudaeis:

387 2055 700 2117 quorum
776 2042 1061 2121 patres,
1140 2043 1213 2102 et
1291 2058 1369 2102 ex
1445 2038 1719 2120 quibus
1800 2036 2183 2101 Christum
2262 2036 2672 2101 secundum

303 2157 352 2195 ¹⁵
387 2162 701 2212 carnem.
751 2144 876 2226 qui
925 2148 1039 2209 est
1087 2165 1310 2227 super
1357 2146 1601 2210 omnia
1659 2144 1841 2209 deus
1898 2144 2348 2207 benedictus
2396 2142 2465 2206 in
2516 2161 2668 2206 sae-

388 2250 594 2316 cula?
669 2249 962 2315 Christus
1027 2268 1174 2333 ergo
1243 2251 1534 2315 dominus
1592 2258 1658 2313 et
1712 2252 1993 2315 saluator
2054 2252 2270 2313 noster
2330 2248 2500 2313 filius
2566 2246 2670 2312 dei

379 2376 570 2421 uerus
609 2357 958 2421 secundum
998 2357 1422 2428 diuinitatem,
1463 2362 1527 2421 et
1563 2358 1735 2422 filius
1773 2356 2048 2422 hominis
2085 2374 2277 2419 uerus
2316 2352 2667 2417 secundum

381 2482 650 2536 carnem,
691 2484 812 2529 non
863 2486 934 2529 ex
983 2484 1076 2533 00,
1128 2466 1296 2547 quod
1345 2468 1443 2529 est
1490 2485 1679 2548 super
1727 2463 1935 2528 omnia
1980 2463 2136 2527 deus
2186 2460 2555 2525 benedictus
2600 2458 2666 2523 in

379 2571 634 2635 saecula
703 2592 771 2635 ex
839 2572 1073 2637 femina
1137 2577 1325 2636 natus
1393 2576 1512 2647 est,
1571 2570 1684 2636 sed
1742 2592 1812 2635 ex
1866 2570 1981 2634 illa
2033 2568 2417 2634 infirmitate.
2474 2584 2665 2647 quam

293 2690 348 2728 2⁰
378 2678 664 2761 suscepit
709 2698 780 2743 ex
817 2679 1020 2755 nobiS,
1059 2684 1134 2743 ut
1169 2678 1232 2742 in
1273 2698 1346 2741 ea
1381 2683 1732 2743 moreretur
1767 2697 1879 2761 pro
1917 2678 2099 2742 nobis
2139 2679 2205 2740 et
2242 2694 2379 2739 eam
2416 2675 2667 2737 sanaret-

377 2784 440 2847 in
481 2785 702 2856 nobis;
752 2805 875 2851 non
925 2805 994 2850 ex
1043 2786 1245 2851 forma
1291 2785 1411 2863 dei,
1460 2786 1521 2849 in
1573 2805 1698 2867 qua
1737 2804 1880 2848 cum
1922 2786 2113 2858 esset,
2152 2800 2293 2847 non
2330 2779 2663 2862 rapinam

379 2870 800 2956 arbitratus
861 2896 976 2957 est
1031 2912 1196 2956 esse
1256 2891 1599 2974 aequalis
1659 2892 1822 2969 (100,
1883 2894 2071 2955 natus
2130 2908 2197 2953 ex
2254 2887 2487 2952 femina
2543 2890 2663 2949 est.

377 2996 486 3062 sed
539 3018 607 3061 ex
655 2998 856 3062 forma
910 3000 1098 3075 serui,
1157 3018 1346 3081 quam
1405 2998 1771 3082 accipiendo
1830 3000 2069 3062 semet
2122 2996 2367 3079 ipsum
2424 2993 2661 3057 exina-

377 3125 412 3169 n
461 3106 597 3169 uit.
677 3125 878 3188 neque
945 3106 1110 3170 enim
1179 3107 1258 3170 ob
1323 3106 1496 3169 aliud
1557 3088 1912 3169 'exinanisse
1979 3124 2045 3168 se
2112 3103 2321 3167 dictus
2386 3104 2485 3164 est
2538 3098 2661 3163 nisi

291 3225 344 3263 ²5
375 3212 738 3295 accipiendo
787 3212 1051 3277 sormam
1091 3214 1281 3291 serui,
1321 3233 1444 3277 11011
1486 3212 1832 3277 amittendo
1872 3214 2140 3277 sormam
2180 3210 2299 3274 dei.
2346 3208 2459 3271 illa
2496 3206 2661 3270 enim

373 3322 613 3397 natura,
663 3339 788 3402 qua
831 3320 896 3384 in
945 3319 1146 3385 forma
1193 3319 1294 3384 dei
1341 3321 1623 3402 aequalis
1673 3322 1773 3384 est
1816 3319 1999 3403 patri,
2055 3313 2668 3382 incommutabiliter

368 3429 774 3509 permanente
824 3427 1108 3509 suscepit
1153 3427 1526 3491 mutabilem
1576 3432 1877 3501 nostram,
1926 3446 2037 3509 per
2074 3444 2261 3507 quam
2302 3424 2377 3486 de
2417 3420 2668 3505 uirgine

369 3535 753 3597 nasceretur.
819 3552 938 3597 uos
1005 3537 1238 3611 autem,
1307 3553 1450 3597 cum
1517 3552 1767 3599 carnem
1828 3532 2063 3598 Christi
2120 3531 2415 3615 uirginali
2480 3533 2661 3592 utero

370 3640 767 3703 committere
804 3638 1094 3716 horretiS,
1141 3640 1345 3723 ipsam
1395 3639 1794 3703 diuinitatem
1845 3640 1945 3704 dei
1992 3658 2115 3704 non
2162 3641 2413 3703 tantum
2458 3633 2661 3699 homi-

279 3761 333 3798 ³⁰
369 3766 542 3814 num.
601 3746 711 3811 sed
760 3749 824 3810 et
879 3765 1106 3810 canum
1169 3765 1631 3829 porcorumque
1698 3747 1895 3812 uteris
1961 3744 2395 3822 commisistis,
2462 3741 2658 3805 semel

545 3956 608 4008 21
647 3954 790 4009 Phil.
830 3956 880 4020 2,
911 3956 942 4008 6
973 3973 1052 4025 sq.

509 4096 746 4151 heretico
785 4096 893 4150 LO
1075 4100 1109 4149 ὅ
1149 4098 1328 4152 fautus
1367 4097 1415 4152 S
1601 4099 1633 4152 9
1672 4098 1844 4152 adduc
1888 4098 1961 4152 6¹
2147 4096 2213 4149 10
2254 4100 2309 4149 et
2346 4112 2447 4149 om.
2488 4094 2655 4149 SMG

365 4188 548 4239 natum
598 4202 700 4240 om.
745 4185 822 4239 Cb
1009 4188 1068 4239 11
1117 4188 1236 4255 nos]
1291 4204 1399 4241 non
1438 4187 1512 4240 L¹
1700 4188 1765 4240 12
1820 4186 2019 4240 femine
2056 4186 2109 4238 L
2292 4184 2357 4237 13
2403 4183 2579 4237 iudeis
2615 4184 2671 4237 Ο

371 4276 434 4325 14
473 4290 598 4329 nex
635 4274 682 4328 S
715 4278 772 4339 et
809 4290 870 4329 ex
912 4276 963 4329 G
1037 4276 1099 4328 21
1144 4274 1254 4343 dei]
1290 4275 1446 4330 nobis
1478 4276 1509 4329 b
1652 4276 1842 4345 rapina
1879 4274 1980 4328 LS
2010 4275 2195 4345 rapina
2232 4274 2305 4326 M
2373 4274 2441 4327 23
2479 4273 2661 4341 ipsum

365 4380 467 4417 om.
513 4364 560 4417 G
663 4365 733 4417 26
773 4369 854 4419 est
891 4382 992 4419 om.
1039 4366 1086 4418 (J
1191 4366 1258 4419 28
1297 4382 1414 4420 011111
1478 4366 1568 4435 qui
1608 4382 1723 4419 cum
1764 4364 1863 4419 SG
1972 4365 2040 4419 30
2080 4368 2153 4433 et}
2193 4365 2354 4419 etiam
2401 4363 2447 4416 C
