3159 4984
846 459 933 516 v1.
994 459 1287 515 Contra
1340 461 1706 516 Faustum
1765 461 1896 517 lib.
1952 463 2118 517 XXX.
2474 468 2608 531 751*

306 656 621 724 desistitis
668 675 705 720 a
748 657 989 722 talibus
1049 657 1371 741 inceptis?
1432 657 1590 740 quid
1643 658 1711 722 in
1767 659 2057 724 fraudem
2105 659 2376 726 miseras
2426 660 2616 725 indu-

308 763 453 830 citis
500 763 667 829 filias
713 764 1069 842 hominum,
1118 765 1175 830 si
1222 785 1345 830 non
1392 765 1458 829 in
1507 765 1600 830 eis
1649 764 1888 832 Christi
1945 767 2249 832 uoluntas
2305 768 2630 850 inpletur,⁴

306 872 421 937 sed
488 871 1019 936 daemoniorum?
1086 875 1152 935 et
1216 876 1431 936 tamen
1490 871 1612 938 hoc
1668 873 1852 939 nobis
1909 873 2112 957 primo
2168 874 2631 957 respondeatis·

304 979 527 1055 uelim,
583 981 801 1042 utrum
860 977 1117 1042 omnino
1174 977 1461 1061 uirgines
1516 977 1726 1045 facere
1785 979 2070 1046 doctrina
2118 981 2206 1046 sit
2251 981 2612 1046 daemonio-

249 1103 275 1142 5
306 1105 472 1163 rum,
522 1103 599 1149 an
649 1085 859 1150 solum
907 1102 1019 1167 per
1064 1084 1559 1166 prohibitionem
1608 1086 1814 1151 facere
1853 1086 2184 1152 nubendi?
2233 1087 2292 1152 si
2325 1105 2438 1170 per
2472 1105 2612 1171 pro-

307 1191 710 1268 hibitionem,
749 1189 911 1255 nihil
950 1191 1029 1254 ad
1067 1209 1223 1264 nos:
1273 1211 1417 1256 nam
1467 1196 1533 1257 et
1577 1193 1702 1277 ipsi
1747 1197 1883 1258 tam
1931 1193 2205 1259 stultum
2251 1192 2620 1258 iudicamus

305 1298 591 1378 inhibere
620 1297 949 1362 uolentem
982 1314 1172 1380 quam
1202 1297 1381 1362 nefas
1412 1303 1479 1362 et
1504 1297 1754 1382 inpium
1794 1297 1953 1363 satis
1991 1297 2313 1364 nolentem
2353 1316 2630 1382 cogere3-

309 1405 366 1471 si
410 1423 564 1470 uero
610 1403 825 1468 fauere
872 1403 1027 1468 huic
1073 1422 1333 1487 quoque
1376 1405 1706 1488 proposito
1758 1409 1825 1470 et
1868 1424 1992 1469 non
2029 1404 2330 1470 reluctari
2365 1404 2613 1470 uolenti

304 1511 375 1576 id
430 1529 683 1594 quoque
742 1509 1096 1576 doctrinam
1150 1499 1394 1594 putatis
1453 1530 1598 1577 esse
1656 1511 2154 1588 daemoniorum,
2213 1515 2394 1577 taceo
2442 1530 2613 1576 nunc

107 1628 119 1636 ‘
223 1633 273 1674 ιο
306 1620 597 1682 uestrum
644 1616 1023 1700 perIculum,
1063 1617 1185 1700 ipsi
1236 1617 1363 1681 iam
1410 1617 1611 1682 timeo
1661 1617 1979 1701 apostolo,
2018 1635 2097 1681 ne
2136 1616 2610 1682 daemoniorum

309 1724 661 1790 doctrinam
707 1723 1009 1788 intulisse
1054 1727 1211 1788 tunc
1256 1721 1547 1788 Iconium
1595 1723 1911 1801 uideatur,
1962 1742 2108 1788 cum
2154 1723 2454 1789 Theclam
2505 1725 2612 1790 ob·

308 1831 701 1915 pigneratam
756 1830 883 1894 iam
940 1829 1223 1895 thalamo
1280 1829 1343 1894 in
1402 1848 1683 1895 amorem
1740 1849 2028 1896 sermone
2096 1848 2212 1894 suo
2265 1833 2632 1914 perpetuae-

308 1937 703 2022 uirginitatis
760 1935 1065 2004 incendit.
1134 1936 1287 2018 quid
1337 1955 1489 2002 uero
1538 1939 1606 2001 et
1652 1936 1730 2001 de
1777 1936 2086 2020 magistro
2134 1937 2274 2020 ipso
2323 1935 2612 2001 dicemus

308 2063 379 2109 ac
447 2044 905 2110 sanctimoniae
962 2044 1167 2109 totius
1226 2047 1485 2110 auctore
1533 2043 1683 2108 Iesu
1742 2045 1808 2108 et
1861 2043 2054 2109 huius
2109 2042 2316 2126 ipsius
2370 2041 2610 2126 profes-

218 2169 269 2210 15
310 2151 509 2216 sionis
554 2151 914 2234 puellarum
964 2151 1191 2216 caelite
1241 2169 1497 2234 sponso,
1556 2151 1668 2232 qui
1714 2149 1777 2215 in
1828 2149 2164 2234 euangelio
2211 2149 2336 2214 tria
2381 2167 2612 2233 genera

308 2267 529 2322 taxans
585 2257 964 2341 spadonum,
1022 2277 1219 2322 unum
1268 2258 1581 2334 natiuum‚
1633 2255 1904 2336 alterum
1949 2255 2301 2334 facticium,
2347 2255 2610 2320 tertium

307 2364 766 2443 uoluntarium,
816 2364 909 2430 eis
958 2367 1171 2430 tamen
1220 2365 1499 2448 palmam
1547 2362 1876 2440 adtribuit,
1935 2362 2064 2444 qui
2111 2381 2190 2427 se
2235 2362 2469 2446 ipsoS,
2515 2361 2608 2426 in-

310 2470 488 2553 quit,
558 2470 936 2555 spadones
1011 2471 1363 2536 fecerunt
1433 2473 1744 2554 propter
1816 2488 2128 2554 regnum
2202 2467 2604 2547 caelorum,

310 2577 678 2662 significans
742 2576 1026 2662 uirgines
1084 2580 1151 2642 et
1202 2595 1457 2660 pueros,
1516 2576 1628 2658 qui
1684 2575 1964 2640 nubendi
2022 2575 2162 2660 ipsa
2217 2594 2254 2639 a
2308 2573 2608 2641 cordibus

215 2703 269 2742 ιο
311 2683 449 2748 suis
498 2686 751 2749 exsecta
798 2683 1149 2768 cupiditate
1188 2683 1542 2767 spadonum
1581 2682 1727 2747 uice
1767 2681 1830 2746 in
1872 2682 2010 2747 eius
2051 2680 2323 2746 ecclesia
2359 2699 2631 2764 semper·

304 2794 636 2874 tamquam
700 2790 765 2854 in
834 2791 1024 2856 domo
1080 2791 1255 2874 regia
1312 2792 1823 2855 conuersentur?
1890 2787 2044 2872 quid
2098 2791 2300 2873 ergo?
2367 2789 2434 2853 et
2486 2787 2610 2851 hoc

305 2895 495 2961 uobis
561 2896 849 2962 doctrina
912 2896 1172 2962 uidetur
1234 2915 1375 2962 esse
1441 2894 1922 2961 daemoniorum
1988 2899 2054 2960 et
2113 2894 2180 2959 in
2244 2892 2609 2959 seductorio

310 3002 540 3086 spiritu
590 3003 888 3069 dictum?
957 3007 1024 3068 et
1070 3003 1214 3086 quis
1262 3001 1383 3068 erit
1428 3001 1596 3066 alius
1641 3002 1708 3066 in
1757 3002 1875 3068 deo
1922 3002 2218 3085 loquens,
2263 3001 2318 3067 si
2361 3000 2609 3066 Paulus

308 3111 374 3173 et
420 3108 715 3176 Christus
765 3109 1245 3176 daemoniorum
1290 3108 1642 3198 probantur
1685 3107 1888 3174 fuisse
1936 3108 2354 3174 sacerdotes?
2417 3106 2608 3171 mitto

212 3233 269 3272 τε»
308 3214 477 3278 enim
542 3218 787 3281 ceteros
856 3215 1144 3280 eiusdem
1211 3213 1453 3281 domini
1518 3213 1724 3278 nostri
1787 3214 2147 3297 apostolos,
2211 3213 2476 3277 Petrum
2543 3213 2632 3274 et-

306 3319 643 3398 Andream,
692 3319 1001 3385 Thomam
1050 3324 1115 3385 et
1158 3320 1347 3386 illum
1391 3321 1790 3404 inexpertum
1836 3321 2102 3387 Ueneris
2148 3319 2318 3385 inter
2363 3321 2626 3384 ceteros·

305 3424 567 3490 beatum
613 3425 982 3504 Iohannem,
1040 3411 1149 3509 qui
1204 3445 1318 3509 per
1374 3425 1634 3492 diuersa
1687 3426 2164 3511 possessionem
2217 3425 2370 3490 boni
2415 3423 2626 3488 istius.

486 3631 555 3686 18
590 3632 789 3688 Matth.
831 3633 914 3698 19,
952 3634 1022 3688 12

382 3755 405 3808 1
460 3755 726 3826 incoeptis
772 3755 848 3810 M
886 3757 1153 3828 incoeptis
1217 3758 1269 3812 G
1323 3741 1596 3834 in23eptis
1656 3761 1737 3829 (co
1795 3761 1890 3824 er.)
1929 3757 1976 3814 S
2115 3756 2360 3812 fraudem
2400 3759 2446 3826 (r
2483 3772 2549 3810 ex
2584 3757 2606 3810 l

292 3844 461 3912 fact.)
504 3843 553 3898 0
692 3845 725 3897 5
763 3849 900 3914 (pr.)
939 3845 1301 3916 prohibitione
1352 3849 1441 3914 (ev
1481 3847 1613 3903 add.
1651 3863 1720 3904 m.
1760 3849 1824 3915 2)
1863 3844 1918 3900 L
2064 3845 2096 3900 8
2145 3846 2328 3900 fauere
2366 3843 2603 3898 L¹M¹G

307 3932 375 3986 10
412 3934 578 3987 timeo
627 3933 666 3999 (i
709 3947 753 3987 ε.
803 3935 839 3988 Ζ.
890 3933 1021 3988 add.
1070 3951 1137 3990 m.
1182 3937 1251 4000 2)
1290 3933 1344 3988 L
1490 3937 1553 3990 11
1591 3934 1862 3988 intullisse
1915 3933 1964 3988 0
2151 3933 2350 3988 teclam
2388 3930 2596 3988 LCSG

304 4020 435 4076 teda
471 4021 543 4074 M
651 4022 716 4077 12
745 4039 926 4077 amore
960 4023 1037 4076 Cb
1065 4030 1247 4078 amore
1276 4023 1365 4094 (ev
1389 4023 1521 4078 a'dd.
1548 4041 1620 4080 m.
1649 4026 1709 4089 2)
1741 4021 1794 4076 L
1905 4022 1972 4077 13
1997 4021 2203 4077 incedit
2230 4019 2626 4076 S¹L¹P¹M¹ff

306 4107 555 4164 decemus
593 4109 719 4166 8¹6
854 4112 923 4164 14
960 4111 1304 4166 sanctimonii
1339 4113 1409 4166 M
1518 4113 1583 4165 15
1623 4111 1781 4166 eelite
1820 4111 1966 4165 LM¹
2003 4111 2202 4166 coelice
2241 4111 2273 4164 b
2387 4110 2454 4163 16
2491 4115 2601 4164 ter-

308 4199 447 4253 cium
493 4199 541 4254 (J
699 4200 765 4254 17
803 4199 987 4273 inquit
1023 4204 1172 4269 (exp.
1211 4217 1279 4256 m.
1319 4203 1385 4269 2)
1424 4201 1477 4256 L
1640 4201 1704 4254 21
1744 4201 1848 4273 hec
1885 4201 1917 4254 b
2089 4201 2160 4254 22
2197 4198 2488 4254 seductorii
2526 4197 2608 4252 L*

306 4287 375 4341 24
405 4287 772 4344 demoniorum
795 4289 841 4342 C
944 4290 1013 4345 25
1044 4289 1303 4360 eiusdem]
1334 4289 1448 4344 eius
1467 4288 1592 4344 8¹6
1700 4289 1770 4344 26
1795 4289 2020 4344 thoman
2040 4291 2092 4344 L
2191 4288 2258 4342 27
2286 4287 2538 4343 bacatum
2563 4285 2610 4340 8

305 4379 691 4449 professionem
730 4381 887 4447 (corr.
926 4395 995 4433 m.
1038 4383 1075 4434 3
1111 4395 1177 4433 ex
1210 4380 1630 4450 possessionem)
1668 4379 1756 4433 Pb
