3159 4984
1061 424 1192 479 1111.
1251 424 1542 481 Contra
1597 423 2107 477 Adimantum.
2580 426 2704 489 169

415 618 652 693 dicant,
701 616 753 682 si
801 620 1108 700 possunt:
1149 615 1301 699 quid
1337 620 1459 693 est,
1500 616 1670 700 quod
1706 616 1975 691 iussisti,
2016 620 2091 681 ut
2126 617 2418 682 inimicos
2456 620 2707 682 nostros

417 723 782 807 diligamu3‚
831 726 896 787 et
940 722 1016 789 de
1061 722 1193 789 illis
1239 743 1356 789 nos
1401 723 1723 788 uindicare
1772 724 2052 808 disponis
2075 730 2105 788 Ρ
2152 743 2229 788 an
2276 725 2437 789 forte
2484 728 2703 789 contra

416 830 818 893 uoluntatem
865 848 1122 895 suorum
1171 834 1532 895 sanctorum
1577 832 1863 896 facturus
1910 834 2011 896 est
2046 849 2177 908 eos,
2219 850 2377 913 quos
2424 830 2521 895 illi
2567 829 2707 894 dili·

417 940 597 1018 gunt,
645 934 960 1018 puniendo
1027 940 1214 1018 atque
1283 936 1687 1000 damnando?
1753 937 1947 1000 immo
2010 936 2136 1019 ipsi
2198 936 2413 1019 potius
2462 936 2539 999 ab
2583 936 2712 998 ista

351 1052 380 1090 ⁶
419 1042 810 1107 calumniosa
875 1042 1181 1107 caecitate
1246 1046 1695 1109 conuertantur
1768 1042 1846 1107 ad
1923 1042 2109 1107 deum
2185 1046 2251 1106 et
2309 1042 2375 1106 in
2439 1044 2709 1122 utroque

417 1150 801 1212 testamento
868 1148 1006 1213 eius
1075 1150 1452 1233 intellegant
1514 1150 1932 1227 uoluntatem,
2000 1170 2077 1214 ne
2123 1149 2199 1213 in·
2237 1148 2489 1213 sinistra
2536 1150 2710 1230 parte

418 1254 820 1319 inueniantur
881 1256 1045 1319 inter
1108 1274 1236 1334 eoa,
1285 1256 1516 1339 quibus
1564 1256 1851 1321 dicturus
1898 1260 1997 1321 est
2066 1254 2400 1320 domiuus:
2470 1255 2573 1318 ite
2639 1254 2710 1316 in

421 1359 666 1443 ignem
697 1366 1104 1439 aeternum,
1137 1364 1263 1446 qui
1291 1368 1791 1448 praeparatus
1822 1368 1941 1427 est
1977 1362 2279 1428 diabolo
2311 1366 2385 1425 et
2413 1361 2711 1444 angelis

424 1470 608 1533 eius.
659 1470 953 1535 esuriui
1001 1470 1196 1535 enim
1244 1475 1318 1535 et
1363 1490 1504 1535 non
1553 1470 1881 1535 dedistis
1930 1469 2113 1534 mihi
2160 1468 2607 1533 manducare
2648 1471 2712 1531 et

330 1592 386 1627 ¹⁰
425 1580 632 1641 cetera
693 1575 864 1641 talia.
934 1577 1230 1660 displicet
1293 1577 1462 1641 enim
1523 1576 1667 1641 istis
1734 1576 2005 1654 miseris,
2054 1575 2222 1659 quod
2269 1575 2425 1640 deus
2472 1574 2707 1656 populo

424 1702 540 1747 suo
583 1682 1052 1749 interficiendos
1100 1683 1360 1747 tradidit
1403 1682 1735 1757 inimicos3
1782 1687 1847 1749 et
1891 1682 2017 1766 ipsi
2058 1700 2285 1765 panem
2330 1680 2711 1745 mendicanti

425 1789 557 1853 dari
620 1789 954 1871 prohibent
1016 1809 1140 1853 non
1205 1789 1482 1865 inimico,
1551 1790 1665 1854 sed
1730 1789 2023 1873 subplici.
2070 1788 2449 1872 intellegant
2492 1788 2706 1870 potius

425 1894 558 1959 sine
605 1894 748 1961 odio
797 1914 937 1959 esse
983 1915 1172 1977 posse
1217 1896 1590 1973 uindictam,
1659 1914 1847 1977 quam
1912 1896 2099 1978 pauci
2162 1896 2581 1978 intellegunt;
2649 1896 2711 1957 et

423 2002 632 2066 tamen
679 2002 978 2084 quamdiu
1025 2022 1150 2067 non
1196 2002 1611 2086 intellegitur,
1658 2002 1901 2067 tamdiu
1940 2022 2199 2068 necesse
2239 2005 2357 2077 est,
2396 2004 2471 2065 ut
2512 2001 2714 2066 lector

329 2119 384 2158 15
426 2108 488 2172 in
535 2108 713 2173 libris
761 2110 1091 2193 utriusque
1130 2110 1494 2175 testamenti
1533 2129 1763 2193 magno
1800 2108 2013 2172 labore
2053 2114 2165 2173 aut
2202 2128 2405 2173 errore
2443 2108 2714 2173 iactetur

425 2216 492 2279 et
531 2220 718 2299 putet
761 2218 1104 2283 contrarias
1152 2217 1276 2281 sibi
1323 2236 1462 2283 esse
1510 2218 1873 2301 scripturas.

515 2320 720 2401 Quam
793 2324 1142 2389 uindictam
1215 2326 1350 2389 sine
1416 2324 1559 2390 odio
1636 2324 1913 2388 nondum
1980 2322 2257 2405 apostoli
2328 2321 2535 2385 animo
2612 2340 2711 2385 ce·

425 2434 663 2511 perant,
713 2431 962 2512 quando
1009 2432 1154 2495 irati
1201 2432 1313 2509 eis,
1364 2451 1400 2495 a
1447 2432 1677 2513 quibus
1726 2451 1849 2498 non
1896 2430 2358 2514 recipiebantur
2410 2428 2709 2511 hospiti0‚

427 2537 880 2618 quaesiuernnt
943 2538 1020 2602 de
1068 2539 1344 2618 domino,
1413 2542 1629 2603 utrum
1676 2539 1879 2604 uellet
1924 2558 2033 2605 eos
2096 2542 2309 2623 petere
2374 2537 2586 2621 ignem
2636 2534 2711 2597 de

333 2648 390 2688 ²⁰
426 2643 622 2721 caelo,
669 2643 839 2710 sicut
871 2645 1092 2711 Helias
1128 2646 1379 2723 fecerat,
1421 2666 1544 2730 quo
1581 2647 1729 2729 igne
1768 2644 2055 2711 homines
2102 2644 2519 2727 inhospitales
2562 2662 2709 2707 con-

429 2752 843 2815 sumerentur.
908 2754 1062 2816 tunc
1123 2752 1450 2836 respondit
1515 2753 1607 2818 eis
1673 2752 1965 2817 dominus
2030 2751 2245 2816 dicens
2295 2769 2401 2815 eos
2450 2749 2711 2817 nescire.

429 2856 610 2921 cuius
658 2856 920 2939 spiritus
967 2856 1082 2921 filii
1129 2862 1346 2922 essent
1391 2862 1456 2923 et
1502 2858 1673 2941 quod
1718 2858 1855 2942 ipse
1901 2859 2165 2923 liberare
2230 2856 2534 2932 uenisset,
2593 2875 2717 2920 non

429 2962 709 3045 perdere,
777 2964 1074 3045 quoniam
1139 2964 1236 3028 illi
1301 2964 1508 3031 animo
1572 2966 1831 3030 inimico
1895 2964 2153 3048 perdere
2201 2963 2541 3047 cupiebant
2586 2980 2716 3029 eos,

429 3088 588 3151 quos
635 3070 938 3135 uolebant
980 3072 1128 3155 igne
1176 3072 1483 3139 consumi.
1533 3075 1757 3157 postea
1802 3090 1953 3137 uero
2020 3090 2163 3135 cum
2228 3070 2451 3153 inpleti
2506 3071 2721 3133 essent

341 3178 396 3219 ²⁵
433 3176 658 3259 spiritu
708 3179 926 3243 sancto
975 3181 1040 3241 et
1084 3178 1346 3261 perfecti
1391 3178 1546 3242 facti
1591 3180 1824 3255 essent,
1873 3177 1983 3260 qui
2044 3176 2171 3241 iam
2218 3178 2483 3259 possent
2528 3175 2719 3239 etiam

431 3280 721 3349 inimicos
784 3283 1066 3368 diligere,
1125 3289 1502 3368 acceperunt
1545 3287 1931 3369 potestatem
1978 3283 2360 3361 uindicandi‚
2401 3282 2549 3366 quia
2593 3281 2717 3346 iam

434 3386 567 3452 sine
616 3388 759 3456 odio
795 3394 1088 3473 poterant
1123 3391 1465 3457 uindicare.
1507 3410 1633 3474 qua
1665 3393 1984 3474 potestate
2024 3394 2087 3453 et
2122 3388 2349 3454 Petrus
2388 3387 2716 3472 apostolus

435 3512 590 3559 usus
639 3498 738 3561 est
779 3497 844 3561 in
893 3516 966 3561 eo
1013 3496 1194 3576 libro,
1235 3516 1423 3580 quem
1471 3498 1580 3563 isti
1630 3517 1751 3564 non
1801 3496 2140 3580 accipiunt,
2180 3494 2473 3579 quoniam
2520 3494 2717 3558 mani-

433 3600 592 3665 feste
658 3603 940 3667 continet
1003 3604 1306 3687 paracleti
1373 3604 1737 3675 aduentum,
1786 3602 1852 3668 id
1900 3605 2000 3667 est
2054 3601 2469 3667 consolatoris
2516 3598 2719 3664 sancti

579 3844 610 3895 7
648 3845 842 3899 Matth.
883 3846 970 3911 25,
1005 3846 1072 3901 41
1113 3864 1193 3917 sq.
1305 3847 1374 3901 28
1414 3848 1478 3901 cf.
1515 3846 1647 3901 Luc.
1686 3848 1737 3911 9,
1776 3846 1845 3900 53
1884 3863 2001 3917 sqq.

651 3952 664 3984 i

506 4000 540 4051 2
575 3999 700 4064 illos
737 3996 792 4051 P
895 4000 930 4051 4
968 3996 1310 4067 dampnando
1361 3998 1412 4051 V
1547 3998 1644 4052 isti
1692 3998 1739 4051 V
1847 4000 1881 4051 5
1918 3997 2286 4067 calumpniosa
2332 3996 2383 4051 V
2488 3994 2520 4047 6
2556 3992 2721 4047 intel-

429 4085 623 4160 legant
660 4086 774 4140 eius
818 4085 1002 4141 TSVb
1166 4085 1228 4139 11
1269 4084 1440 4141 tradit
1474 4085 1531 4139 P
1688 4084 2038 4141 manducanti
2085 4084 2137 4139 V
2278 4084 2343 4139 17
2384 4086 2635 4155 ceperant
2672 4083 2722 4136 P

437 4175 504 4230 20
533 4176 673 4231 sicut
693 4176 780 4243 (in
806 4178 1006 4247 mary.)
1033 4174 1085 4231 G
1194 4176 1264 4229 22
1309 4176 1415 4247 ipsi
1462 4175 1517 4231 V
1620 4176 1898 4231 uenissent
1947 4175 1997 4228 V
2100 4174 2168 4229 23
2196 4174 2292 4228 illo
2338 4172 2437 4229 GV
2544 4172 2720 4227 animo

433 4262 673 4335 inimico]
711 4265 938 4319 animico
988 4264 1041 4318 V
1213 4263 1336 4318 illos
1385 4262 1432 4317 V
1604 4265 1672 4319 25
1710 4266 1839 4333 quia
1882 4263 1930 4317 G
2090 4262 2157 4316 27
2196 4265 2255 4317 et
2290 4278 2395 4317 om.
2437 4262 2723 4317 GTGSW»

439 4354 508 4409 29
547 4353 791 4424 paracliti
837 4353 892 4406 V
923 4353 1184 4423 paraclyti
1223 4352 1328 4407 PG
