3159 4984
938 467 1031 520 VI.
1089 466 1379 523 Contra
1432 467 1808 521 Faustum
1863 466 1994 519 lib.
2034 466 2148 519 XX.
2563 468 2686 531 561

387 661 723 743 daciloqua
794 662 1249 743 persuaserunt
1322 679 1447 725 non
1524 659 1604 723 ad
1667 658 2006 743 regendam
2076 677 2364 738 carnem,
2437 660 2549 725 sed
2616 661 2694 725 ad

388 766 795 831 exercendam
868 766 1330 849 blasphemiam
1412 766 1803 830 abstinere
1879 785 1916 829 a
1971 766 2195 845 cibis,
2265 786 2451 849 quos
2511 767 2694 832 deus

388 874 692 937 creauit
740 873 827 938 ad
872 872 1447 956 percipiendum
1499 891 1664 936 cum
1712 872 2128 957 gratiarum
2178 872 2476 939 actione
2513 872 2692 938 fide-

384 980 592 1045 libus
663 982 736 1044 et
798 979 947 1058 his,
1017 978 1144 1062 qui
1220 982 1748 1063 cognouerunt
1821 978 2258 1057 ueritatem,
2341 980 2690 1063 quoniam

318 1112 343 1151 5
391 1086 635 1152 omnis
712 1088 1065 1150 creatura
1138 1086 1257 1150 dei
1322 1087 1515 1152 bona
1582 1090 1727 1165 est,
1798 1089 1871 1151 et
1933 1086 2129 1151 nihil
2195 1086 2691 1166 abiciendum,

387 1193 585 1276 quod
626 1212 789 1257 cum
828 1193 1248 1277 gratiarum
1306 1194 1608 1259 actione
1665 1193 2108 1277 percipitur,
2157 1193 2391 1277 ingrati
2430 1195 2694 1259 creatori

387 1302 452 1364 et
507 1318 618 1382 pro
676 1300 872 1383 largis
934 1300 1071 1365 eius
1127 1300 1457 1365 beneficiis
1516 1301 1863 1385 sacrilegas
1919 1301 2346 1365 retribuentes
2411 1301 2693 1379 iniuriaS,

388 1406 685 1488 quoniam
760 1407 1137 1489 plerumque
1214 1407 1277 1470 in
1357 1407 1668 1491 agapibus
1745 1406 1940 1472 etiam
2016 1425 2234 1471 carnes
2309 1407 2694 1491 pauperibus

388 1516 743 1596 erogantur,
793 1513 1295 1579 misericordiam
1345 1514 1838 1579 christianorum
1896 1514 2172 1578 similem
2235 1512 2446 1578 dicitis
2505 1514 2693 1579 sacri-

296 1646 347 1684 ιο
387 1618 549 1684 ficiis
614 1638 1026 1703 paganorum,
1095 1639 1362 1704 quorum
1431 1620 1758 1685 nonnullis
1821 1620 1886 1683 in
1953 1619 2075 1683 hoc
2141 1638 2392 1702 quoque
2449 1620 2692 1687 similes

388 1725 564 1789 estis.
612 1730 947 1810 propterea
994 1727 1161 1792 enim
1207 1728 1385 1792 nefas
1433 1727 1686 1792 habetis
1731 1746 1962 1811 pecora
2010 1726 2234 1805 occidi,
2283 1728 2432 1810 quia
2475 1728 2693 1793 huma-

384 1850 497 1895 nas
565 1832 806 1896 animas
870 1833 935 1896 in
1004 1852 1077 1897 ea
1138 1832 1387 1898 reuolui
1456 1832 1885 1896 arbitramini:
1938 1832 2109 1915 quod
2171 1833 2236 1897 in
2295 1835 2688 1916 quorundam

386 1937 724 2021 gentilium
769 1939 1299 2023 philosophorum
1343 1939 1525 2005 libris
1571 1939 1919 2017 inuenitur,
1970 1958 2356 2023 quamquam
2404 1959 2440 2005 a
2481 1945 2692 2025 poste-

384 2044 657 2109 rioribus
706 2045 892 2111 aliter
935 2046 1334 2111 intellectum
1386 2066 1528 2113 esse
1579 2046 1846 2112 dicatur.
1913 2066 2138 2111 uerum
2199 2046 2261 2109 in
2320 2047 2442 2112 hoc
2501 2049 2692 2113 etiam

297 2174 346 2214 15
388 2152 593 2215 multo
644 2151 926 2217 deterius
968 2153 1229 2229 erratis;
1278 2153 1375 2217 illi
1416 2152 1579 2217 enim
1622 2154 1688 2217 in
1725 2172 1951 2235 pecore
1987 2153 2342 2217 timuerunt
2376 2155 2692 2221 trucidare

384 2259 737 2342 proximum
802 2279 1013 2339 suum,
1080 2280 1199 2327 uos
1266 2264 1481 2326 autem
1549 2260 1740 2341 deum
1795 2263 2108 2338 uestrum,
2171 2260 2352 2325 cuius
2407 2263 2692 2327 membra

386 2384 523 2430 esse
573 2366 767 2430 etiam
814 2386 1119 2451 pecorum
1167 2368 1409 2433 animas
1459 2368 1874 2431 arbitramini.

476 2474 578 2536 21.
629 2474 793 2537 Nam
841 2474 1011 2556 quod
1060 2474 1254 2538 etiam
1299 2474 1446 2539 hinc
1494 2474 1678 2540 nobis
1717 2474 2144 2539 calumniatur
2179 2474 2481 2552 Faustus,
2523 2476 2691 2558 quod

384 2582 729 2663 martyrum
776 2580 1116 2646 memorias
1164 2580 1570 2659 honoramus,
1609 2582 1675 2645 in
1725 2581 1846 2646 hoc
1895 2582 2112 2646 dicens
2159 2600 2277 2645 nos
2323 2580 2496 2646 idola
2544 2601 2688 2646 con-

290 2710 345 2749 20
384 2686 679 2765 uertisse,
729 2705 851 2751 non
898 2690 1033 2751 tam
1080 2707 1181 2752 me
1228 2692 1473 2767 mouet,
1524 2691 1600 2752 ut
1644 2688 1796 2752 huic
1865 2686 2220 2752 calumniae
2276 2688 2691 2771 respondeam

388 2812 577 2877 quam
622 2796 699 2857 ut
742 2793 955 2877 ipsum
1002 2793 1313 2858 Faustum
1365 2794 1698 2858 ostendam
1746 2794 1959 2858 studio
2010 2793 2437 2858 calumniandi
2495 2794 2690 2858 etiam

382 2900 458 2963 ab
504 2899 710 2983 ipsius
747 2900 1106 2965 Manichaei
1152 2900 1547 2965 uanitatibus
1598 2900 1944 2965 exorbitare
1992 2900 2280 2965 uoluisse
2329 2902 2394 2963 et
2436 2899 2502 2963 in
2547 2901 2690 2964 uul-

381 3024 595 3089 garem
660 3010 850 3089 atque
914 3008 1233 3089 poeticam
1297 3025 1692 3091 paganorum
1757 3005 2147 3089 opinionem,
2216 3024 2252 3069 a
2319 3006 2552 3088 quibus
2619 3025 2687 3071 se

381 3112 842 3177 alienissimum
889 3112 1069 3195 cupit
1114 3112 1339 3190 uideri,
1379 3112 1596 3178 nescio
1638 3111 1955 3195 quomodo
1992 3111 2326 3176 incautum
2361 3110 2685 3176 incidisse.

292 3242 345 3280 π»
382 3237 527 3282 cum
593 3218 759 3282 enim
831 3218 1098 3283 dixisset
1160 3238 1276 3284 nos
1333 3218 1608 3283 uertisse
1664 3218 1838 3285 idola
1891 3218 1954 3281 in
2012 3220 2322 3301 martyres
2368 3255 2454 3265 —
2503 3238 2686 3301 quos

379 3323 615 3403 uotis,
671 3324 909 3406 inquit,
971 3324 1361 3389 similibus
1420 3324 1721 3405 colitiS‚
1791 3325 2324 3389 defunctorum
2381 3324 2686 3389 umbras

380 3431 553 3495 uino
601 3431 929 3515 placatis
981 3433 1055 3495 et
1102 3430 1426 3514 dapibus
1483 3468 1570 3477 —
1620 3433 1773 3495 sunt
1829 3450 1976 3514 ergo
2035 3430 2298 3494 umbrae
2356 3429 2684 3496 defuncto-

377 3541 571 3602 rum?
637 3556 985 3620 numquam
1034 3537 1155 3601 hoc
1200 3538 1265 3602 in
1312 3538 1552 3603 uestris
1603 3536 2001 3603 sermonibus
2060 3535 2449 3617 audiuimuS‚
2506 3556 2684 3601 num-

380 3664 569 3728 quam
624 3645 690 3708 in
748 3644 980 3709 litteris
1036 3644 1347 3727 legimus3
1415 3644 1614 3708 immo
1673 3644 2099 3709 contradicere
2158 3644 2381 3709 soletis
2446 3642 2683 3708 talibus

286 3774 341 3813 ao
379 3751 783 3835 opinionibus
807 3802 822 3829 ‚
890 3750 1257 3815 adserentes
1324 3750 1566 3815 animas
1633 3752 2032 3816 mortuorum
2106 3751 2309 3815 malas
2387 3749 2681 3814 minusue

376 3860 679 3944 purgatas
746 3861 858 3921 aut
919 3856 983 3921 in
1048 3857 1481 3923 reuolutiones
1562 3857 1652 3922 ire
1727 3860 1840 3920 aut
1912 3856 1976 3920 in
2043 3857 2370 3941 grauiores
2439 3854 2681 3937 aliquas

473 4049 491 4070 e·
556 4014 589 4067 2
627 4014 654 4067 I
692 4012 831 4067 Tim.
868 4014 919 4075 4,
958 4012 991 4065 3
1030 4030 1109 4082 sq.

450 4114 479 4165 7
516 4111 793 4166 benefitiis
834 4108 879 4163 0
1056 4112 1089 4165 9
1128 4110 1399 4165 sacrifitiis
1446 4109 1493 4163 G
1663 4110 1729 4163 13
1767 4110 2211 4180 philosophorum
2253 4113 2374 4173 (sec.
2413 4108 2449 4161 h
2485 4124 2528 4163 s.
2569 4110 2603 4164 1.
2645 4125 2681 4161 a

376 4218 444 4255 m.
482 4205 532 4267 1)
562 4200 615 4253 L
726 4200 794 4253 16
828 4198 1053 4267 menbra
1084 4198 1133 4253 Ο
1200 4254 1207 4259 ,
1236 4199 1304 4252 18
1340 4198 1501 4264 uobis
1534 4200 1674 4267 (sup.
1706 4215 1744 4263 n
1775 4216 1808 4251 n
1839 4216 1876 4253 a
1903 4215 1972 4253 m.
2002 4202 2052 4267 1)
2085 4198 2130 4251 Ο
2236 4196 2306 4251 22
2333 4196 2600 4252 manichei
2629 4196 2681 4249 L

375 4287 445 4341 25
480 4288 629 4343 idola
666 4306 768 4344 om.
805 4287 854 4342 G
1028 4290 1097 4343 29
1134 4288 1308 4359 legib3
1351 4290 1494 4357 (sup.
1532 4288 1597 4353 b;
1639 4306 1676 4341 a
1712 4304 1781 4343 m.
1821 4292 1852 4341 1
1887 4288 1979 4355 m')
2018 4286 2064 4340 C
2209 4289 2396 4341 contra
2433 4286 2609 4341 dicere
2639 4286 2685 4340 S

376 4378 438 4431 31
481 4378 821 4432 reuolutione
864 4377 915 4431 G
952 4377 1347 4432 reuolutionem
1386 4377 1433 4432 S
2599 4366 2606 4373 ’

432 4501 566 4543 xxv.
600 4500 718 4551 Aug.
752 4504 865 4543 sect.
894 4502 935 4541 6.
2395 4484 2464 4537 36
