3159 4984
495 473 624 537 164
1192 470 1242 523 S.
1301 470 1573 525 Aureli
1630 470 2062 540 Augustini

589 667 690 730 17.
777 668 870 730 De
956 687 1060 742 eo,
1145 665 1312 748 quod
1396 666 1701 749 scriptum
1786 670 1884 731 est
1974 667 2038 730 in
2126 668 2367 733 exodo:
2455 670 2517 733 si
2600 688 2779 735 aure

487 774 819 840 audieris
895 794 1154 840 uocem
1229 792 1462 837 meam
1541 777 1615 838 et
1686 774 1925 838 facies
1992 793 2505 857 quaecumque
2579 794 2778 858 prae-

489 882 688 965 cipio
754 882 919 956 tibi,
989 882 1210 947 odero
1285 879 1630 945 odientes
1694 883 1767 944 te
1834 884 1907 945 et
1968 882 2439 947 contristabo
2506 884 2776 949 contri-

488 991 783 1055 stantes
833 991 942 1063 te;
1009 987 1416 1070 praecedet
1462 990 1534 1049 te
1583 987 1905 1069 angelus
1956 1007 2161 1053 meus
2211 992 2285 1052 et
2332 988 2657 1053 adducet
2700 994 2775 1053 te

489 1096 576 1160 ad
623 1096 1123 1161 Amorrhaeos
1173 1098 1246 1158 et
1289 1094 1757 1158 Pherezaeos
1799 1097 1873 1157 et
1912 1092 2397 1161 chananaeos
2445 1100 2519 1160 et
2564 1098 2775 1161 Iebu-
2814 1118 2845 1158 ε

491 1222 711 1268 saeos
761 1206 834 1266 et
882 1202 1392 1286 Gergesaeos:
1459 1204 1533 1265 et
1598 1200 1975 1265 occidetis
2038 1200 2245 1267 illos.
2294 1202 2474 1267 deos
2523 1222 2777 1268 eorum

489 1328 575 1373 ne
641 1309 1152 1375 adoraueritis
1217 1326 1455 1389 neque
1521 1308 1870 1372 feceritis
1939 1326 2161 1391 opera
2224 1310 2579 1392 ipsorum,
2646 1312 2779 1376 sed

489 1418 887 1483 euersione
957 1416 1328 1481 euertetis
1396 1434 1528 1480 eos
1577 1418 1653 1478 et
1700 1415 1947 1479 delete
2012 1434 2265 1480 eorum
2321 1418 2773 1485 memoriam.

489 1525 587 1589 his
636 1525 848 1589 uerbis
897 1524 972 1587 de
1019 1523 1343 1587 ueteribus
1380 1522 1559 1586 libris
1598 1522 1689 1586 ita
1726 1522 2234 1587 commemoratis
2271 1527 2591 1606 tamquam
2633 1544 2775 1589 con-

487 1632 748 1695 trarium
798 1630 1059 1713 obponit
1102 1630 1501 1698 Adimantus.
1550 1628 1720 1711 quod
1782 1630 1846 1692 in
1914 1629 2244 1713 euangelio
2310 1628 2616 1712 scriptum
2674 1636 2775 1696 est
2816 1652 2873 1691 ιο

493 1738 740 1803 dicente
781 1737 1073 1803 domino:
1115 1756 1248 1820 ego
1291 1739 1537 1800 autem
1580 1736 1745 1800 dico
1785 1736 2027 1812 uobis,
2069 1735 2372 1820 diligite
2420 1735 2771 1803 inimicos

488 1848 812 1911 uestros„
860 1844 1318 1919 benedicite,
1368 1844 1493 1925 qui
1539 1842 1758 1907 uobis
1805 1842 2290 1917 maledicunt,
2342 1846 2416 1906 et
2479 1843 2771 1907 benefa-

487 1951 636 2015 cite
673 1951 790 2027 iis‚
831 1950 952 2033 qui
1002 1970 1135 2015 uos
1186 1951 1521 2015 oderunt.
1573 1953 1646 2014 et
1694 1951 1898 2015 orate
1946 1968 2074 2032 pro
2113 1949 2231 2027 iis,
2273 1949 2399 2031 qui
2435 1969 2570 2015 uos
2618 1970 2773 2034 per-

489 2062 931 2140 sequuntur.
985 2078 1106 2140 quo
1154 2058 1295 2122 loco
1342 2058 1545 2140 primo
1592 2056 1753 2121 illud
1801 2056 2144 2121 uidendum
2214 2059 2331 2131 est,
2381 2056 2549 2138 quod
2615 2058 2771 2122 satis

495 2184 634 2230 esse
685 2164 976 2230 debuerit
1017 2165 1260 2229 homini
1306 2163 1551 2229 uolenti
1597 2164 1779 2245 quasi
1826 2162 2135 2228 contraria
2179 2166 2547 2241 monstrare,
2595 2164 2765 2245 quod
2816 2179 2871 2221 1⁵

489 2272 568 2337 de
618 2272 978 2338 occidendis
1024 2272 1300 2337 inimicis
1346 2272 1410 2335 in
1458 2274 1671 2335 uetere
1716 2272 1858 2354 lege
1928 2270 2235 2354 scriptum
2292 2288 2431 2335 esse
2496 2288 2771 2336 commo-

487 2379 648 2444 nuit.
699 2378 990 2444 dominus
1037 2379 1204 2443 enim
1238 2375 1312 2443 de
1340 2378 1617 2443 inimicis
1658 2377 1994 2461 diligendis
2031 2377 2255 2459 utique
2294 2375 2370 2441 de
2408 2378 2771 2444 hominibus

488 2486 842 2570 praecepit3
875 2503 1035 2567 quos
1065 2504 1176 2568 per
1203 2487 1484 2549 nostram
1521 2484 1891 2566 patientiam
1922 2486 1989 2547 et
2020 2484 2343 2547 caritatem
2382 2483 2460 2548 ad
2499 2485 2771 2550 salutem

492 2612 681 2677 posse
726 2592 1010 2658 conuerti
1056 2595 1121 2656 et
1165 2591 1378 2673 quiuis
1426 2590 1745 2674 intellegit
1791 2593 1854 2654 et
1901 2590 2202 2673 exemplis
2251 2589 2619 2674 saepissime
2668 2592 2769 2657 de-

488 2701 909 2765 monstratum
975 2701 1092 2763 est.
1159 2696 1312 2779 quid
1377 2716 1522 2782 ergo
1590 2697 1712 2762 sibi
1756 2696 1921 2775 uult,
1970 2697 2138 2778 quod
2185 2694 2581 2781 adiungenda
2628 2717 2769 2763 con-
2808 2712 2865 2753 2⁰

491 2806 822 2887 sequentia
869 2806 1142 2888 putauit.
1190 2806 1300 2869 ubi
1347 2806 1653 2887 scriptum
1701 2807 1836 2868 est:
1886 2805 2064 2869 deos
2105 2823 2355 2869 eorum
2396 2824 2480 2870 ne
2520 2804 2768 2870 adora-

665 2998 686 3049 1
732 2997 826 3050 Ex.
865 2997 952 3059 23,
991 2996 1058 3049 22
1097 3013 1215 3066 sqq.
1327 2998 1388 3049 11
1430 2995 1628 3050 Matth.
1666 2996 1715 3067 5,
1756 2996 1841 3049 44.

563 3166 585 3217 1
619 3164 672 3217 in
703 3164 870 3218 exodo
899 3165 1157 3235 scriptum
1188 3169 1272 3218 est
1304 3164 1599 3219 GTGSVb
1709 3166 1742 3217 2
1782 3164 2061 3220 audieritis
2105 3166 2151 3218 Γ
2248 3120 2421 3221 ,ἓξὲξ
2479 3166 2525 3235 (1
2576 3168 2766 3222 feceris

483 3296 521 3333 a
557 3296 626 3333 m.
673 3284 797 3347 rec.)
838 3280 892 3331 P
1013 3281 1046 3334 3
1094 3240 1263 3335 otiien·
1324 3280 1381 3334 P
1503 3284 1562 3335 te
1590 3296 1693 3335 om.
1728 3280 1863 3335 orb
1972 3282 2007 3335 4
2043 3280 2401 3353 precedetque
2440 3282 2472 3337 b
2616 3299 2767 3337 meus

481 3385 584 3423 om.
647 3368 752 3423 CV
871 3371 904 3422 5
961 3386 1255 3425 ammoreos
1293 3368 1451 3425 PGS
1500 3387 1827 3425 ammoreum
1887 3370 2075 3425 GTVb
2235 3372 2469 3426 ferezeos
2508 3370 2768 3427 PCSVG·

481 3484 834 3553 pherezaeum
861 3483 935 3541 Tb
1044 3501 1307 3540 cananeus
1328 3484 1490 3539 PI'C
1513 3442 1775 3556 cananeos
1798 3485 1851 3541 G
1870 3484 2237 3541 chananaeum
2262 3486 2342 3539 Tb
2450 3486 2698 3541 iebuseos
2715 3486 2773 3541 P

480 3571 794 3626 iebusaeum
835 3573 884 3625 T
910 3572 1175 3644 hiebuseu
1212 3573 1244 3627 b
1282 3574 1547 3645 gebuseos
1581 3574 1629 3630 C'
1662 3574 1917 3629 zebuseos
1954 3574 2009 3627 V
2036 3574 2318 3629 iubesaeos
2344 3575 2397 3629 G
2504 3577 2537 3631 6
2575 3592 2768 3647 gerge-

483 3678 604 3716 seos
657 3662 714 3715 P
774 3679 1088 3733 gergesseos
1149 3664 1196 3718 G
1255 3680 1574 3733 gergesaeos
1636 3663 1689 3719 G
1760 3680 2109 3734 gergesaeum
2172 3664 2247 3719 Tb
2448 3669 2503 3720 et
2557 3682 2660 3721 om.
2714 3664 2772 3719 P

483 3750 740 3805 occidetis
797 3754 885 3818 (ex
937 3750 1216 3820 occideris)
1275 3752 1329 3805 P
1525 3752 1556 3805 7
1616 3768 1798 3806 eorum
1853 3753 1884 3806 b
2083 3753 2116 3807 8
2174 3754 2431 3808 euertetis
2488 3757 2647 3821 (corr.
2704 3769 2769 3808 w

479 3839 748 3909 euertitis)
777 3840 834 3894 P
867 3840 1094 3897 euertite
1129 3840 1274 3895 GSG
1418 3842 1532 3911 eos]
1561 3844 1620 3895 et
1645 3840 1851 3897 debiles
1890 3858 1981 3896 eos
2016 3842 2065 3896 T
2087 3842 2211 3896 illos
2246 3842 2430 3897 GSVb
2538 3843 2571 3897 9
2608 3842 2765 3897 his-—

486 3930 919 3984 commemoratis
965 3933 1116 3998 (unc.
1161 3932 1390 3996 rubrio.)
1427 3932 1482 3986 P
1621 3931 1688 3985 12
1734 3930 2062 4001 benedicite]
2105 3931 2479 3997 benefaciente
2524 3930 2571 3986 G
2598 3931 2765 3987 bene-

480 4016 646 4071 facite
685 4017 731 4071 S
838 4018 952 4089 qui]
997 4019 1082 4073 his
1121 4020 1214 4090 qui
1255 4020 1303 4073 T
1303 4018 1380 4074 Cb
1500 4019 1680 4089 uobis]
1717 4036 1815 4074 uos
1853 4020 1907 4073 P
2012 4018 2337 4090 benefacit-e]
2374 4018 2679 4075 benedicite
2723 4020 2771 4076 0

481 4131 787 4196 benefacite
834 4132 880 4187 V
991 4134 1057 4189 13
1091 4132 1199 4189 hiis
1247 4134 1300 4189 V
1324 4135 1410 4189 his
1448 4135 1534 4189 Pb
1680 4134 1835 4190 uobis
1874 4134 2076 4190 oterint
2112 4134 2159 4191 S
2298 4139 2688 4207 persequentur
2713 4136 2771 4191 P

481 4224 836 4291 persecuntur
871 4221 920 4277 S
1025 4223 1090 4277 14
1127 4224 1269 4295 loco]
1304 4223 1422 4278 loco
1462 4224 1542 4296 (in
1577 4240 1749 4294 maa-9.
1789 4223 1852 4279 al
1888 4224 2047 4291 scito)
2088 4224 2120 4278 b
2264 4224 2404 4280 illud
2441 4226 2671 4297 primum
2720 4226 2773 4279 V

483 4310 552 4363 15
589 4310 838 4365 debuerit
874 4327 991 4366 esse
1039 4310 1091 4365 V
1226 4313 1445 4368 uolente
1479 4312 1528 4367 0
1634 4314 1700 4367 16
1730 4313 1903 4368 ueteri
1930 4314 1970 4384 (i
1996 4330 2133 4369 corr.
2162 4330 2229 4369 ex
2256 4316 2307 4383 e)
2344 4313 2430 4370 ab
2542 4314 2609 4369 19
2638 4332 2765 4370 con-

479 4400 649 4454 uertit
697 4400 751 4453 V
887 4401 1176 4473 intelleget
1215 4403 1282 4471 (it
1319 4418 1454 4458 corr-
1491 4404 1554 4457 in
1591 4404 1668 4469 et)
1708 4402 1762 4455 P
