3159 4984
473 462 599 525 258
1182 460 1543 513 S.Aureli
1606 460 2037 529 Augustini

472 676 686 738 quam
745 656 939 739 quod
997 656 1620 721 adnuntiauimus
1676 656 1916 729 uobiS,
1977 656 2373 720 anathema
2428 657 2549 722 sit.
2610 674 2756 739 ergo

471 782 548 829 ne
595 764 834 829 Paulus
884 762 1150 827 mendax
1197 763 1302 832 sit,
1349 763 1763 827 Manichaeus
1810 762 2145 827 anathema
2192 762 2295 827 sit.

567 873 624 935 5.
695 868 878 949 Quod
935 872 1150 934 autem
1207 869 1398 935 etiam
1455 869 1681 935 stellae
1736 869 2228 944 calumniamini,
2286 889 2410 953 qua
2464 871 2633 955 magi
2680 868 2761 933 ad

475 977 801 1044 Christum
845 978 1152 1044 infantem
1201 979 1590 1043 adorandum
1636 977 1925 1061 perducti
1972 981 2142 1054 sunt,
2190 996 2313 1043 non
2363 976 2757 1051 erubescitis

475 1104 619 1150 cum
664 1104 784 1151 uos
825 1086 1339 1151 commenticium
1380 1086 1707 1152 Christum
1742 1088 2051 1163 uestrum,
2090 1085 2289 1149 filium
2332 1083 2759 1150 commenticii
2816 1096 2843 1135 ⁵

472 1192 662 1277 primi
715 1192 989 1257 hominis
1046 1193 1264 1270 uestri,
1323 1212 1444 1259 non
1506 1194 1625 1257 sub
1693 1193 1917 1257 stellae
1981 1190 2425 1256 testificatione
2487 1190 2760 1272 ponatiS,

477 1300 592 1364 sed
637 1298 702 1363 in
751 1298 957 1364 stellis
1007 1300 1299 1364 omnibus
1348 1300 1735 1384 conligatum
1776 1318 1915 1364 esse
1954 1298 2233 1363 dicatis?
2280 1298 2429 1381 quia
2462 1296 2768 1362 uidelicet

473 1406 862 1490 principibus
909 1406 1312 1470 tenebrarum
1361 1408 1773 1472 commixtum
1822 1426 1963 1471 esse
2011 1405 2265 1471 creditis
2310 1406 2375 1469 in
2421 1405 2535 1471 illo
2571 1402 2761 1479 bello,

476 1532 600 1596 quo
647 1513 786 1595 ipse
824 1512 1068 1595 primus
1105 1512 1295 1577 homo
1333 1515 1550 1577 uester
1586 1532 1731 1578 cum
1770 1512 2168 1577 tenebrarum
2208 1514 2397 1596 gente
2432 1510 2762 1596 pugnauit,

477 1624 552 1685 ut
607 1620 684 1684 de
739 1619 898 1703 ipsis
953 1619 1346 1703 principibus
1411 1620 1811 1685 tenebrarum
1876 1619 1991 1684 tali
2057 1619 2498 1685 commixtione
2562 1617 2764 1699 captis
2802 1628 2853 1668 1⁰

475 1726 751 1791 mundus
782 1726 1208 1791 fabricaretur.
1247 1726 1414 1791 unde
1451 1727 1577 1792 ista
1607 1728 1913 1811 sacrilega
1941 1726 2353 1791 deliramenta
2378 1744 2496 1791 uos
2529 1728 2765 1809 cogunt

477 1854 599 1899 non
659 1834 866 1899 solum
923 1832 986 1897 in
1046 1835 1219 1898 caelo
1275 1837 1464 1915 atque
1525 1834 1591 1898 in
1651 1834 1942 1899 omnibus
1999 1834 2227 1906 stellis,
2285 1834 2398 1898 sed
2454 1832 2645 1897 etiam
2700 1832 2763 1894 in

473 1944 642 2005 terra
695 1942 884 2022 atque
938 1939 1002 2004 in
1063 1940 1378 2015 omnibus,
1436 1960 1597 2023 quae
1662 1944 2009 2005 nascuntur
2061 1940 2125 2005 in
2184 1959 2275 2017 ea,
2335 1940 2645 2005 confixum
2702 1941 2767 2001 et

474 2046 870 2130 conligatum
921 2048 1111 2128 atque
1161 2052 1521 2112 concretum
1573 2047 1895 2112 Christ-um
1944 2047 2170 2125 dicere,
2218 2066 2340 2111 non
2386 2047 2514 2109 iam
2561 2046 2765 2110 salua-

477 2158 684 2220 torem
729 2150 1038 2218 uestrum'
1079 2154 1192 2218 sed
1247 2173 1284 2217 a
1338 2154 1520 2219 uobis
1579 2154 1978 2230 saluandum,
2036 2174 2183 2219 cum
2242 2173 2316 2219 ea
2370 2151 2766 2218 manducatis
2805 2161 2855 2201 ¹⁶

477 2263 666 2342 atque
713 2261 1000 2325 ructatis.

565 2367 726 2430 Nam
803 2368 868 2432 et
941 2367 1066 2431 ista
1137 2368 1310 2450 inpia
1382 2368 1666 2431 uanitate
1748 2368 1996 2432 seducti
2070 2367 2374 2433 seducitis
2448 2365 2766 2430 auditores

475 2477 747 2549 uestrOS,
816 2476 898 2563 ut*
954 2474 1141 2539 uobis
1209 2474 1385 2540 cibos
1453 2474 1757 2542 adferant.
1825 2494 1948 2556 quo
2013 2475 2221 2558 possit
2280 2473 2481 2557 ligato
2544 2473 2608 2537 in
2676 2472 2767 2536 eis

481 2579 730 2645 Christo
783 2582 1110 2645 subueniri
1157 2602 1270 2665 per
1314 2584 1565 2648 uestros
1615 2582 1835 2646 dentes
1884 2584 1948 2645 et
1993 2582 2269 2645 uentres.
2317 2581 2554 2645 talibus
2602 2580 2768 2644 enim

485 2687 736 2751 auxiliis
785 2707 930 2752 eum
980 2688 1148 2753 solui
1198 2691 1262 2752 et
1306 2688 1558 2753 liberari
1614 2687 2025 2771 praedicatis;
2084 2708 2198 2752 nec
2258 2688 2485 2752 saltem
2539 2687 2769 2760 totum,
2806 2690 2863 2732 ²⁰

483 2794 596 2859 sed
644 2793 850 2859 adhuc
897 2795 1052 2859 licet
1099 2796 1354 2880 exiguas
1404 2795 1815 2877 sordidasque
1865 2795 2171 2877 reliquias
2230 2794 2367 2858 eius
2420 2794 2484 2857 in
2544 2794 2771 2857 sterco-

479 2901 655 2966 ribus
713 2920 1036 2966 remanere
1085 2902 1486 2973 contenditis,
1535 2906 1611 2967 ut
1655 2903 1717 2967 in
1768 2902 1909 2967 aliis
1960 2906 2149 2984 atque
2196 2901 2338 2965 aliis
2384 2918 2595 2965 rerum
2643 2916 2771 2962 cor-

482 3005 794 3089 poralium
861 3006 1080 3072 formis
1143 3008 1376 3072 iterum
1445 3010 1634 3091 atque
1690 3008 1922 3072 iterum
1978 3008 2260 3090 inplexae
2314 3006 2775 3090 inplicataeque

483 3116 838 3189 teneantur,
889 3115 954 3177 et
1001 3114 1056 3178 si
1101 3114 1339 3178 mundo
1388 3117 1597 3180 stante
1648 3114 1813 3178 solui
1864 3117 1928 3178 et
1971 3113 2225 3197 purgari
2272 3132 2395 3178 non
2431 3110 2775 3195 potuerint,

482 3218 608 3282 iam
675 3219 788 3284 illo
853 3219 1001 3302 igne
1068 3218 1317 3295 ultimo,
1384 3237 1509 3300 quo
1573 3218 1713 3302 ipse
1776 3218 2053 3283 mundus
2118 3218 2381 3293 ardebit,
2448 3218 2779 3283 soluantur
2812 3218 2867 3260 ²⁵

489 3326 679 3407 atque
717 3329 1088 3408 purgentur.
1138 3342 1252 3389 nec
1289 3328 1500 3389 tamen
1539 3325 1733 3389 etiam
1769 3327 1921 3389 tunc
1958 3328 2163 3389 totum
2208 3325 2530 3390 Christum
2568 3323 2777 3388 dicitis

495 3448 686 3513 posse
731 3429 1004 3504 liberari,
1056 3431 1167 3495 sed
1218 3430 1354 3495 eius
1402 3431 1603 3496 bonae
1653 3431 2027 3513 diuinaeque
2083 3434 2341 3496 naturae
2396 3429 2778 3495 nouissimas

487 3535 900 3618 residuasque
939 3537 1306 3619 particulas,
1345 3556 1505 3619 quae
1543 3537 1635 3602 ita
1671 3537 2028 3602 sordidatae
2067 3540 2234 3614 sunt,
2264 3539 2340 3601 ut
2376 3537 2551 3602 nullo
2590 3535 2778 3601 modo

488 3641 652 3706 dilui
715 3643 998 3717 ualeant,
1068 3643 1347 3707 damnari
1411 3645 1473 3708 in
1541 3648 1867 3709 aeternum
1933 3644 2205 3709 confixas
2270 3643 2460 3726 globo
2526 3642 2777 3707 horrido

663 3868 732 3922 25
773 3869 838 3922 cf.
879 3868 935 3923 II
973 3869 1116 3922 Petr.
1157 3870 1207 3933 3,
1249 3871 1312 3923 10
1353 3886 1470 3939 sqq.

558 4020 590 4073 5
622 4020 862 4072 uestrum
890 4033 992 4072 om.
1035 4019 1082 4073 C
1223 4019 1321 4072 filii
1347 4019 1400 4072 L
1510 4020 1542 4073 6
1571 4020 2017 4077 testificationem
2046 4022 2130 4075 Lb
2207 4022 2273 4075 10
2312 4021 2513 4092 cap,ris
2547 4020 2586 4087 (i
2616 4031 2707 4085 er.)
2742 4020 2787 4074 S

491 4107 555 4161 11
595 4110 799 4177 cogunt
838 4110 906 4174 (s.
947 4108 983 4161 l.
1019 4124 1089 4161 m.
1129 4111 1193 4175 2)
1224 4107 1270 4161 S
1377 4109 1443 4162 12
1483 4108 1711 4163 stellis-
1746 4110 1799 4163 L
1910 4110 1977 4164 13
2013 4111 2069 4163 in
2110 4114 2263 4177 (ante
2297 4110 2565 4179 omnibus)
2603 4126 2706 4164 om.
2742 4108 2788 4162 C

491 4196 555 4249 15
595 4195 677 4265 ea]
718 4212 809 4250 eos
845 4196 899 4250 L
938 4212 1058 4251 eum
1102 4196 1178 4250 Cb
1352 4198 1422 4251 20
1460 4198 1645 4251 saltim
1681 4198 1734 4251 L
1906 4199 1975 4252 23
2013 4198 2241 4268 implexe
2276 4198 2661 4269 irnplicateque
2704 4197 2783 4250 Cb

487 4284 754 4355 implexae
777 4286 940 4355 atque
961 4284 1338 4355 implicataeq:
1370 4284 1418 4339 S
1486 4287 1556 4339 24
1586 4286 1906 4357 potuerat-b
2016 4286 2087 4339 25
2125 4286 2404 4340 saluentur
2422 4285 2487 4339 0¹
2562 4286 2631 4339 26
2660 4290 2783 4339 totu

489 4376 618 4429 tunc
656 4373 687 4428 b
796 4374 863 4427 27
904 4372 1042 4427 bone
1082 4373 1373 4443 diuineque
1410 4374 1464 4428 L
1573 4376 1643 4429 29
1685 4374 1835 4429 delui
1878 4374 1927 4429 0
2067 4374 2271 4429 confixa
2307 4374 2339 4428 b
