3159 4984
423 444 555 509 404
1132 442 1187 499 S.
1244 442 1517 497 Aureli
1570 443 2011 512 Augustini

424 642 597 705 stum
644 640 882 715 lumen,
933 638 1437 717 sanctimoniam,
1488 639 1706 703 diuina
1761 640 1972 706 omnia
2026 644 2350 723 petentem
2408 642 2543 705 iure
2601 662 2716 707 nos

425 746 799 831 cognoueris
867 749 1207 812 execratos.
1285 766 1362 810 an
1428 766 1505 810 ne
1568 746 1732 813 forte
1805 747 2081 811 multum
2155 747 2464 813 interesse
2529 752 2719 833 putes

424 850 593 917 inter
638 871 1023 936 suspensum
1071 855 1136 917 et
1182 854 1549 918 crucifixum
1595 892 1682 901 —
1729 872 1875 919 nam
1924 857 1989 917 et
2034 854 2155 919 hoc
2210 854 2274 917 in
2331 855 2718 937 praesidium

425 960 611 1025 uobis
662 960 1045 1025 defensionis
1095 961 1317 1026 soletis
1356 961 1688 1025 adsumere
1726 998 1812 1007 —
1851 962 2228 1027 commentis
2266 962 2444 1027 hisce
2483 962 2717 1026 uestris

422 1068 697 1132 Paulum
757 1068 977 1133 audias
1032 1068 1604 1151 praescribentem:
1673 1068 2023 1134 Christus
2072 1088 2203 1133 nos
2251 1070 2577 1133 redemit
2623 1068 2708 1132 de
2780 1088 2814 1127 ⁵

426 1175 837 1240 maledicto
904 1174 1105 1258 legis
1171 1173 1423 1239 factus
1488 1194 1618 1257 pro
1685 1173 1900 1239 nobis
1957 1174 2484 1252 maledictum,
2543 1174 2718 1257 quia

426 1280 797 1364 scriptum
848 1284 992 1348 est:
1042 1282 1503 1345 maledictus
1553 1282 1813 1359 omniS‚
1864 1282 1991 1363 qui
2037 1282 2318 1365 pendet
2361 1282 2435 1345 in
2483 1282 2713 1366 ligno.

514 1390 573 1451 2.
631 1388 1097 1457 AUGUSTINUS
1144 1386 1505 1469 respondit:
1554 1387 1709 1452 Pius
1755 1388 1944 1453 homo
1993 1388 2271 1453 Faustus
2320 1389 2494 1454 dolet
2541 1388 2716 1454 Chri-

425 1498 596 1559 stum
646 1514 786 1559 esse
834 1494 1247 1559 maledictum
1298 1514 1334 1558 a
1378 1494 1602 1578 Moyse
1651 1499 1716 1559 et
1761 1497 1841 1561 ob
1888 1497 2010 1561 hoc
2059 1496 2194 1561 odit
2229 1497 2518 1581 Moysen,
2569 1498 2716 1579 quia

425 1602 639 1685 diligit
686 1600 1030 1666 Christum.
1081 1602 1355 1669 interim.
1405 1606 1744 1684 antequam
1791 1603 2088 1685 aperiam,
2134 1603 2200 1667 in
2249 1624 2434 1686 quam
2484 1624 2714 1687 magno
2759 1622 2812 1659 ιο

428 1711 821 1774 sacramento
892 1712 957 1772 et
1022 1728 1207 1789 quam
1276 1710 1377 1791 pie
1436 1708 1676 1773 dictum
1734 1710 1856 1776 sit:
1924 1710 2385 1775 maledictus
2453 1711 2713 1786 omnia,

424 1816 555 1899 qui
602 1816 675 1879 in
722 1815 930 1899 ligno
978 1816 1445 1898 pependerit.
1486 1818 1648 1881 istos
1694 1817 1836 1901 pios
1883 1817 2174 1882 homines
2220 1819 2562 1901 interrogo,
2604 1836 2716 1880 cur

424 1922 779 1987 irascantur
814 1922 1043 2005 Moysi.
1086 1923 1594 2005 quandoquidem
1639 1924 2053 1989 maledictum
2091 1925 2230 1988 eius
2270 1924 2349 1988 ad
2388 1923 2715 1988 Christum

420 2029 693 2094 istorum
758 2049 881 2094 non
927 2030 1308 2112 peruenerit.
1358 2030 1413 2093 si
1460 2031 1628 2094 enim
1669 2031 1960 2096 Christus
2023 2032 2323 2115 pependit
2386 2032 2450 2094 in
2517 2030 2712 2115 ligno,

422 2136 623 2200 clauis
688 2136 911 2219 utique
977 2136 1219 2201 adfixus
1287 2140 1421 2201 est:
1487 2138 1656 2203 unde
1715 2138 1904 2203 etiam
1961 2139 2136 2222 ipsas
2193 2138 2518 2203 cicatrices
2565 2138 2714 2219 post
2753 2155 2808 2193 1⁵

420 2243 944 2308 resurrectionem
993 2243 1303 2326 discipulo
1350 2245 1561 2309 minus
1611 2245 1868 2310 credulo
1918 2246 2394 2309 demonstrauit.
2446 2244 2614 2326 quod
2653 2243 2706 2307 si

417 2350 509 2413 ita
558 2353 674 2424 est,
714 2350 936 2431 utique
985 2351 1379 2416 uulnerabile
1428 2355 1617 2434 atque
1665 2353 1931 2418 mortale
1981 2372 2209 2435 corpus
2256 2352 2499 2427 habuit,
2541 2349 2709 2433 quod

422 2455 534 2522 isti
580 2456 807 2521 nolunt
852 2456 1053 2520 fateri.
1122 2456 1177 2521 si
1225 2475 1373 2540 ergo
1423 2459 1488 2521 et
1539 2456 1654 2520 illa
1707 2458 1974 2523 uulnera
2039 2462 2104 2523 et
2165 2459 2315 2523 illae
2383 2458 2708 2523 cicatrices

417 2564 615 2628 falsae
665 2571 859 2641 erant,
907 2563 1143 2627 falsum
1192 2567 1292 2628 est
1336 2567 1402 2627 et
1448 2564 1618 2646 quod
1652 2566 1954 2647 pependit
1987 2566 2052 2629 in
2089 2565 2284 2649 ligno.
2334 2585 2458 2630 non
2494 2566 2709 2646 itaque

422 2670 635 2755 potuit
671 2670 750 2734 ad
790 2689 935 2733 eum
972 2670 1087 2733 illa
1122 2670 1485 2735 maledictio
1526 2671 1872 2753 peruenire,
1905 2691 2026 2736 non
2065 2674 2184 2749 est,
2234 2672 2404 2753 quod
2455 2690 2711 2737 suscen-
2745 2694 2808 2733 20

428 2781 611 2843 seant
642 2777 720 2855 ei,
762 2796 799 2841 a
836 2778 1018 2843 cuius
1068 2796 1172 2842 ore
1219 2778 1549 2860 processit.
1599 2779 1813 2861 itaque
1862 2779 1916 2843 si
1961 2780 2087 2863 ipsi
2131 2780 2318 2845 irasci
2359 2799 2426 2844 se
2463 2780 2714 2863 fingunt

422 2884 501 2959 ei,
551 2884 661 2965 qui
705 2883 1101 2948 maledixerit
1145 2883 1343 2947 falsae
1389 2884 1579 2949 morti
1622 2884 1876 2963 Christi,
1925 2886 2094 2967 quod
2141 2886 2491 2950 secundum
2537 2886 2712 2969 ipsos

426 2990 725 3057 dixerim:
770 2990 1085 3073 quomodo
1124 2990 1410 3073 fugiendi
1450 2996 1621 3068 sunt,
1655 2992 1764 3073 qui
1792 3012 1913 3055 non
1943 2993 2334 3057 maledicunt
2367 2991 2712 3059 Christum.

431 3098 543 3161 sed
592 3096 762 3180 quod
808 3101 908 3161 est
955 3096 1387 3163 execrabilius,
1439 3098 1899 3162 criminantur?
1949 3100 2002 3163 si
2051 3100 2216 3163 enim
2257 3120 2378 3165 non
2421 3101 2521 3164 est
2555 3100 2715 3164 acci-

426 3204 695 3286 piendus
723 3255 737 3279 ,
805 3204 914 3286 qui
978 3203 1390 3267 maledictum
1456 3205 1690 3287 ingerit
1753 3206 2166 3283 mortalitati,
2234 3206 2549 3289 quomodo
2618 3210 2716 3271 est
2753 3226 2810 3265 a

432 3310 865 3387 detestanduS,
916 3311 1026 3393 qui
1070 3311 1387 3375 fallaciam
1437 3312 1634 3376 obicit
1678 3313 1981 3376 ueritati?
2049 3314 2162 3377 sed
2208 3313 2334 3376 iam
2381 3313 2714 3378 uideamus

433 3436 503 3480 ex
552 3416 881 3483 occasione
931 3418 1453 3483 calumniantium
1508 3418 1989 3485 haereticorum.
2049 3420 2364 3502 quomodo
2411 3420 2572 3483 illud
2619 3438 2714 3483 sa-

430 3527 819 3587 cramentum
868 3525 1163 3589 fidelibus
1213 3529 1573 3608 exponatur.

520 3632 578 3692 3.
647 3630 820 3693 Mors
868 3631 1143 3696 hominis
1193 3652 1263 3696 ex
1309 3652 1513 3715 poena
1564 3633 1808 3714 peccati
1866 3637 1998 3696 est:
2067 3632 2231 3697 unde
2282 3640 2345 3697 et
2391 3635 2530 3716 ipsa.
2574 3654 2714 3716 pec-

606 3851 637 3901 5
679 3848 795 3903 Gal.
838 3850 887 3911 3,
930 3849 995 3902 13
1106 3850 1171 3903 11
1212 3848 1375 3903 Deut.
1415 3850 1499 3907 21.
1540 3852 1606 3902 23
1719 3852 1786 3903 16
1827 3850 1892 3905 cf.
1929 3852 2044 3905 Ioh.
2087 3851 2170 3915 20,
2211 3853 2278 3905 27

500 4002 533 4053 2
573 4000 891 4069 cognouerit
921 4006 979 4059 (s.
1018 4002 1043 4052 t
1082 4017 1119 4053 a
1154 4016 1221 4054 m.
1266 4002 1289 4053 1
1334 4002 1377 4052 s)
1416 4001 1461 4052 G
1566 4003 1599 4055 3
1637 4002 1928 4072 presidium
1975 4004 2020 4056 C
2126 4004 2157 4057 ὅ
2199 4002 2614 4073 perscribentem
2644 4005 2719 4057 L¹

432 4090 462 4142 7
486 4090 740 4143 scribtum
764 4092 837 4143 L¹
948 4090 981 4143 8
1012 4106 1131 4158 cap.
1152 4090 1407 4145 XXVIIII
1426 4090 1704 4147 LPSMG
1813 4093 1882 4147 10
1911 4110 2108 4163 magna
2128 4095 2202 4149 L¹
2316 4095 2382 4147 12
2401 4092 2722 4163 pependerit

428 4180 487 4231 in
526 4179 675 4245 ligno
718 4178 885 4233 SMG'·
996 4182 1065 4233 14
1103 4182 1268 4250 enim]
1303 4182 1489 4251 itaque
1530 4182 1560 4235 b
1671 4182 1742 4237 20
1779 4185 2131 4236 succenseant
2165 4182 2420 4237 L2GSM
2523 4184 2594 4237 22
2629 4182 2721 4251 xpi

432 4270 589 4321 morti
628 4268 674 4321 S
779 4272 847 4322 ⁶24
887 4270 1235 4324 execrauilius
1274 4270 1319 4325 S
1352 4268 1702 4324 execrabilius
1740 4272 1796 4335 (b
1837 4288 1900 4325 en
1938 4271 1994 4339 u)
2039 4270 2168 4326 GM
2282 4274 2350 4326 27
2390 4273 2635 4325 ocasione
2681 4272 2732 4323 0

434 4358 911 4427 calumpniantium
957 4362 1003 4413 (ιΥ
1138 4361 1495 4413 hereticorum
1542 4362 1588 4411 (ἶ
