3159 4984
838 419 940 472 III.
990 417 1232 473 Contra
1279 417 1719 471 Fortunatam
1767 417 2169 486 disputatio.
2552 421 2635 483 85

333 613 564 678 fuisse.
605 613 820 695 itaque
862 611 1154 694 quamuis
1195 615 1260 675 et
1297 611 1563 677 orationi
1600 614 1851 676 uestrae
1886 610 2301 686 interfuerim,
2340 613 2415 675 ut
2449 611 2638 675 inter-

333 719 606 804 rogasti,
639 722 856 784 utrum
889 718 1224 800 separatim
1255 717 1592 782 uobiscum
1630 716 1915 782 habeatis
1955 716 2231 798 aliquam
2270 717 2637 794 orationem,

333 825 501 890 deus
551 826 731 891 solus
778 828 995 908 potest
1039 844 1225 889 nosse
1275 826 1341 888 et
1378 843 1512 889 uoS.
1564 843 1682 908 ego
1720 829 1931 888 tamen
1968 823 2033 886 in
2074 824 2373 894 oratione,
2412 823 2477 886 in
2516 843 2641 906 qua

331 933 625 1002 interfui.
675 932 834 996 nihil
879 935 1064 1014 turpe
1111 931 1248 996 fieri
1285 931 1438 1008 uidi,
1481 931 1595 995 sed
1632 931 1841 996 solum
1881 934 2097 994 contra
2134 931 2322 995 fidem
2362 930 2635 995 animad-

237 1059 264 1096 ις
333 1039 530 1105 uerti.
582 1056 775 1121 quam
811 1040 1036 1120 postea
1072 1036 1266 1101 didici
1303 1039 1367 1100 et
1402 1035 1686 1119 probaui,
1729 1035 1895 1118 quod
1934 1039 2151 1100 contra
2188 1037 2389 1102 solem
2426 1035 2635 1100 facitis

331 1146 718 1211 orationem.
767 1147 1015 1228 praeter
1059 1144 1180 1208 hoc
1227 1144 1290 1208 in
1336 1144 1450 1207 illa
1497 1142 1777 1209 oratione
1824 1145 2039 1208 uestra
2085 1144 2242 1208 nihil
2278 1144 2429 1208 noui
2469 1163 2635 1208 com-

325 1251 490 1334 peri.
563 1249 853 1333 quisquis
913 1252 1128 1314 autem
1186 1249 1368 1315 uobis
1426 1249 1703 1332 obponet
1756 1250 2189 1331 quaestionem
2238 1250 2511 1332 aliquam
2562 1249 2637 1314 de

328 1358 652 1433 moribuS,
703 1357 923 1422 electis
969 1357 1205 1422 uestris
1246 1357 1524 1439 obponit.
1575 1355 1727 1438 quid
1776 1357 1989 1420 autem
2035 1356 2201 1422 inter
2244 1375 2361 1421 uos
2410 1357 2635 1440 agatis,

329 1467 448 1548 qui
501 1465 695 1530 electi
745 1464 922 1541 estis,
973 1483 1092 1546 ego
1140 1464 1300 1528 scire
1348 1483 1470 1528 non
1517 1482 1801 1546 possum.
1869 1481 2015 1526 nam
2072 1467 2135 1526 et
2191 1463 2635 1527 eucharistiam

239 1596 290 1635 ιο
332 1573 564 1637 audiui
605 1592 640 1636 a
679 1571 862 1636 uobis
903 1589 1088 1652 saepe
1127 1570 1297 1652 quod
1334 1569 1695 1653 accipiatis:
1744 1574 1999 1652 tempus
2036 1574 2250 1634 autem
2288 1570 2638 1652 accipiendi

330 1699 486 1744 cum
525 1698 630 1744 me
667 1679 914 1752 lateret,
955 1677 1108 1759 quid
1137 1676 1461 1760 accipiatis
1491 1676 1658 1741 unde
1691 1695 1878 1740 nosse
1910 1678 2140 1760 potui?
2178 1677 2391 1758 itaque
2432 1695 2633 1754 serua,

329 1789 388 1852 si
445 1787 686 1870 placet.
748 1787 1184 1869 quaestionem
1240 1786 1316 1850 de
1373 1785 1680 1852 moribus.
1736 1789 1811 1850 ut
1862 1785 2027 1850 inter
2092 1784 2325 1850 electos
2385 1787 2635 1849 uestros

329 1894 724 1961 discutiatis,
767 1894 824 1958 si
862 1894 1096 1959 discuti
1132 1897 1364 1976 potest.
1411 1892 1570 1957 mihi
1606 1892 1765 1958 fides
1805 1893 1951 1958 data
1988 1895 2087 1956 est
2125 1911 2161 1955 a
2197 1891 2403 1969 uobis,
2445 1909 2631 1973 quam

325 2000 528 2065 hodie
575 1999 861 2082 inprobo.
927 1999 1006 2064 de
1051 2000 1192 2082 ipsa
1235 1999 1554 2083 proposui.
1634 1999 1714 2063 ad
1766 1998 2161 2082 propositum
2216 2016 2427 2061 meum
2477 1996 2635 2061 mihi

239 2128 288 2167 ιε»
327 2106 813 2190 respondeatur.

416 2214 643 2278 Pom.
692 2212 884 2277 dixit:
951 2213 1033 2276 Et
1077 2221 1294 2277 nostra
1337 2212 1646 2296 professio
1694 2213 1833 2296 ipsa
1880 2215 1997 2288 est,
2047 2209 2215 2294 quod
2260 2211 2631 2294 incorrupti-

325 2321 486 2385 bilis
536 2320 624 2385 sit
679 2318 857 2396 deus,
917 2319 1088 2401 quod
1141 2319 1415 2396 lucidus,
1475 2319 1646 2402 quod
1709 2318 2050 2397 inadibilis,
2115 2318 2487 2396 intenibilis
2541 2317 2635 2382 in-

325 2425 664 2511 passibilis
712 2428 1032 2490 aeternam
1075 2426 1286 2491 lucem
1335 2427 1400 2490 et
1443 2426 1761 2510 propriam
1806 2425 2071 2504 habitet,
2131 2424 2302 2508 quod
2354 2424 2514 2488 nihil
2560 2443 2632 2488 ex

327 2553 476 2598 sese
559 2530 968 2615 corruptibile
1043 2531 1338 2615 proferat,
1396 2551 1512 2596 nec
1574 2531 1868 2597 tenebras
1932 2551 2047 2596 nec
2115 2532 2451 2596 daemones
2516 2549 2633 2596 nec

236 2657 288 2698 zo
329 2642 650 2716 satanam,
715 2657 832 2702 nec
890 2637 1063 2702 aliud
1119 2638 1456 2704 aduersum
1513 2638 1576 2702 in
1632 2657 1825 2722 regno
1882 2638 2021 2704 eius
2074 2637 2333 2722 reperiri
2384 2636 2626 2720 possit;

325 2743 434 2810 sui
483 2743 766 2808 similem
813 2744 1198 2809 saluatorem
1245 2743 1580 2821 direxisse3
1648 2745 1915 2810 uerbum
1972 2747 2193 2809 natum
2240 2763 2277 2808 a
2324 2742 2628 2808 constitu-

321 2851 502 2915 tione
570 2847 790 2912 mundi
847 2867 991 2912 cum
1051 2848 1358 2914 mundum
1415 2849 1767 2928 fabricaret,
1830 2853 1981 2932 post
2040 2849 2263 2914 mundi
2326 2848 2626 2914 fabricam

319 2955 494 3020 inter
529 2955 822 3020 homines
860 2955 1134 3032 uenisse,
1169 2955 1394 3040 dignas
1431 2956 1554 3020 sibi
1592 2957 1833 3020 animas
1873 2956 2143 3040 elegisse
2182 2959 2433 3021 sanctae
2472 2974 2626 3021 suae

321 3060 656 3128 uoluntati
693 3060 1006 3126 mandatis
1047 3061 1180 3126 suis
1221 3062 1603 3130 caelestibus
1644 3063 2090 3139 sanctificataS‚
2118 3061 2241 3127 fide
2282 3063 2345 3126 et
2380 3062 2625 3128 ratione

233 3193 284 3234 2⁵
319 3169 589 3233 inbutas
657 3167 1028 3232 caelestium
1092 3186 1300 3232 rerum
1365 3168 1503 3251 ipso
1561 3169 1822 3234 ductore
1878 3168 2023 3232 hinc
2080 3167 2311 3232 iterum
2367 3166 2617 3232 easdem

397 3405 424 3456 1
469 3403 680 3472 itaquse
721 3405 740 3468 (
744 3418 776 3455 a
815 3406 907 3468 er.)
946 3401 1002 3454 Β
1163 3402 1247 3470 ut]
1286 3407 1382 3456 aut
1418 3401 1466 3456 S
1622 3369 1945 3472 interrogati
1980 3403 2036 3455 B
2071 3401 2487 3472 interrogationi
2522 3401 2624 3455 PS

320 3493 354 3545 5
413 3495 476 3546 et
529 3489 757 3561 probaui
812 3507 914 3544 om.
973 3489 1020 3546 S
1159 3491 1190 3544 6
1248 3495 1604 3561 praeter—no
1661 3509 1763 3546 om.
1820 3491 1867 3546 S
2024 3496 2206 3546 uestra
2262 3491 2505 3545 oratione
2560 3491 2614 3544 A

321 3579 353 3632 7
394 3579 632 3650 opponit
667 3579 801 3634 ASb
910 3579 943 3634 8
982 3584 1225 3650 opponat
1260 3579 1348 3634 Ab
1493 3581 1659 3650 agitis
1699 3581 1745 3635 S
1840 3581 1875 3634 9
1913 3581 2273 3634 eurucasta'am
2311 3579 2363 3632 A
2412 3573 2620 3633 eucari-

319 3670 488 3724 stiam
529 3667 576 3723 S
689 3669 757 3724 10
797 3669 1076 3740 accipiatis
1115 3673 1172 3723 et
1207 3686 1498 3740 numquam
1535 3670 1693 3740 potui
1728 3670 1863 3724 scire
1900 3673 2116 3740 tempus
2154 3666 2298 3738 quod
2334 3668 2615 3740 accipiatis

316 3773 440 3830 sqq.
480 3758 536 3810 A
647 3759 714 3812 11
753 3757 900 3828 quod
937 3759 1170 3829 accipiat
1205 3757 1252 3812 S
1389 3775 1548 3812 nosse
1590 3762 1692 3828 (sp.
1729 3777 1853 3814 uae.
1888 3759 2028 3864 re'l.)
2048 3774 2151 3812 om.
2190 3758 2237 3812 S
2353 3758 2421 3813 13
2458 3757 2615 3828 fides}

315 3851 446 3928 oms
463 3871 513 3928 S
693 3873 758 3926 17
803 3839 1158 3943 inadibiliims
1175 3874 1232 3928 B
1364 3873 1693 3930 intentibilis
1718 3831 2108 3940 Pintenelibns
2127 3875 2183 3927 B
2226 3872 2539 3928 intenebilis
2559 3875 2612 3926 A

319 3961 388 4015 18
429 3960 678 4016 habitare
717 3962 854 4016 APb
889 3961 1138 4027 habitate
1165 3961 1221 4014 Β
1369 3963 1432 4016 19
1469 3979 1528 4016 se
1558 3961 1667 4016 S
1718 3963 1789 4016 20
1827 3961 2112 4016 sathanam
2148 3961 2261 4014 ΑΡ
2292 3963 2521 4014 satanan
2556 3962 2612 4014 B

318 4047 496 4119 aliud]
534 4049 744 4120 aliquid
780 4051 812 4104 b
958 4049 1102 4121 quod
1139 4051 1196 4105 in
1232 4067 1400 4122 regno
1439 4051 1542 4106 AS
1683 4053 1748 4106 21
1799 4052 1906 4122 sui]
1952 4051 2037 4106 sui
2084 4055 2267 4104 autem
2307 4048 2395 4102 bB
2445 4049 2607 4118 (3.1.)

317 4165 390 4219 22
428 4163 812 4220 cum—mundi
849 4182 952 4222 om.
991 4165 1038 4222 S
1141 4167 1212 4222 23
1248 4166 1440 4236 llnisse
1477 4166 1533 4219 B
1567 4165 1845 4221 habitasse
1883 4166 1939 4218 A
2048 4167 2121 4220 24
2154 4163 2519 4220 sanctificatos
2557 4165 2611 4217 A

317 4252 660 4308 sanctificata
697 4252 753 4305 B
896 4253 968 4325 et]
1009 4271 1072 4309 ac
1110 4254 1146 4308 b
1289 4255 1523 4324 ratione]
1568 4255 1793 4310 natione
1838 4257 1891 4308 A
1929 4255 2151 4308 notione
2190 4253 2237 4310 S
2340 4253 2409 4308 25
2448 4252 2607 4307 duca-

315 4346 438 4396 tore
475 4343 529 4395 A
569 4341 824 4396 eductore
864 4341 909 4396 S
1051 4349 1106 4397 et
1142 4343 1266 4398 hinc
1297 4343 1327 4398 b
1474 4345 1690 4414 iterum]
1719 4361 1821 4398 om.
1853 4343 1954 4398 AS
2098 4343 2335 4413 easdem]
2371 4345 2521 4413 ipsas
2558 4341 2613 4394 P
