3159 4984
478 442 610 504 648
1184 439 1234 488 S.
1295 434 1575 488 Aureli
1632 434 2069 504 Augustini

472 631 735 715 proinde
780 632 846 695 in
893 631 996 696 his
1044 631 1156 715 qui
1201 631 1475 715 flagrant
1517 630 1761 714 ingenti
1807 647 2017 694 amore
2055 628 2424 711 perspicuae
2461 628 2783 706 ueritatis,

475 757 599 804 non
657 740 757 802 est
809 737 1274 821 inprobandum
1331 736 1638 814 studium,
1697 735 1811 800 sed
1864 735 1945 800 ad
2000 735 2281 800 ordinem
2325 734 2784 800 reuocandum.

475 849 552 909 ut
617 864 654 909 a
715 845 840 910 fide
903 845 1169 928 incipiat
1235 847 1301 908 et
1361 843 1548 909 bonis
1613 843 1896 908 moribus
1954 843 2191 906 nitatur
2243 841 2594 925 peruenire,
2650 861 2787 923 quo

477 951 704 1017 tendit.
771 953 837 1016 in
886 971 959 1016 eo
1009 951 1264 1035 quippe,
1314 950 1488 1034 quod
1533 953 1845 1028 uersatur,
1896 950 2101 1014 uirtus
2150 951 2252 1012 est
2302 948 2655 1024 laboriosa3
2714 948 2789 1011 in

479 1078 552 1125 eo
598 1078 774 1138 uero,
825 1058 999 1140 quod
1047 1058 1308 1141 adpetit,
1364 1056 1686 1121 luminosa
1740 1055 2067 1141 sapientia.
2142 1055 2337 1136 „quid
2392 1074 2550 1140 opus
2610 1059 2777 1133 est,⁶
2858 1073 2889 1111 ⁵

479 1164 712 1246 inquit,
771 1164 1083 1242 „credere,
1131 1162 1304 1246 quod
1349 1182 1473 1228 non
1521 1160 1681 1224 mihi
1728 1160 2083 1226 ostenditur
2137 1160 2601 1226 manifestum?
2669 1163 2791 1226 ali·

477 1271 654 1354 quod
700 1271 970 1336 uerbum
1015 1288 1254 1351 prome,
1316 1287 1442 1350 quo
1489 1267 1743 1332 uideam
1790 1287 2000 1332 rerum
2047 1268 2329 1333 omnium
2375 1268 2789 1352 principium.

474 1377 540 1441 id
589 1376 757 1441 enim
806 1379 926 1454 est,
974 1375 1040 1439 in
1087 1375 1260 1458 quod
1305 1374 1576 1439 maxime
1636 1393 1707 1439 ac
1761 1374 2057 1458 primitus
2110 1374 2473 1452 inardescit,
2532 1376 2592 1439 si
2642 1379 2791 1442 ueri

477 1483 806 1548 studiosus
857 1485 956 1548 est
1003 1482 1252 1546 animus
1297 1480 1691 1545 rationalis“.
1744 1481 1845 1544 cui
1890 1482 2378 1564 respondeatur:
2440 1482 2795 1565 pulchrum

478 1595 578 1656 est
624 1589 904 1674 quidem,
955 1589 1128 1671 quod
1175 1587 1516 1665 desideras,
1566 1590 1632 1652 et
1678 1588 1874 1651 amari
1920 1588 2387 1672 dignissimum,
2445 1591 2557 1657 sed
2602 1591 2793 1675 prius
2842 1603 2903 1642 1⁰

483 1697 667 1762 nubit
711 1696 826 1760 Lia
873 1698 939 1762 et
983 1698 1210 1780 postea
1253 1694 1512 1760 Rachel.
1579 1695 1764 1760 ardor
1822 1715 1971 1779 ergo
2017 1695 2141 1760 iste
2189 1697 2269 1760 ad
2314 1697 2383 1760 id
2426 1699 2661 1776 ualeat,
2718 1705 2799 1763 ut-

479 1804 628 1870 ordo
677 1823 802 1869 non
848 1805 1196 1880 recusetur,
1247 1801 1361 1867 sed
1404 1801 1621 1885 potius
1668 1803 1995 1880 toleretur,
2036 1801 2172 1867 sine
2220 1821 2347 1886 quo
2394 1824 2519 1870 non
2564 1808 2799 1888 potest

477 1910 556 1974 ad
602 1910 668 1974 id
713 1909 1052 1992 perueniri,
1102 1908 1275 1991 quod
1319 1909 1498 1974 tanto
1547 1907 1767 1973 ardore
1815 1908 2121 1992 diligitur.
2191 1928 2335 1974 cum
2382 1914 2599 1976 autem
2644 1931 2798 1994 per-

475 2019 741 2080 uentum
805 2015 1016 2096 fuerit,
1086 2016 1281 2080 simul
1345 2015 1687 2080 habebitur
1748 2015 1814 2079 in
1879 2016 2001 2081 hoc
2067 2017 2321 2082 saeculo
2388 2037 2513 2083 non
2568 2018 2795 2083 solum

480 2123 772 2206 speciosa
812 2123 1274 2206 intellegentia,
1335 2123 1448 2189 sed
1495 2124 1689 2188 etiarn
1733 2123 2051 2189 laboriosa
2094 2124 2359 2188 iustitia.
2426 2125 2799 2207 quamlibet
2848 2134 2905 2172 15

480 2227 648 2291 enim
695 2233 880 2294 acute
927 2229 1380 2311 sinceriterque
1429 2232 1721 2294 cernatur
1767 2248 1805 2293 a
1848 2229 2224 2296 mortalibus
2260 2231 2799 2296 incommutabile

455 2335 743 2414 bonum,
793 2334 1001 2400 adhuc
1050 2354 1346 2419 corpuS‚
1397 2335 1597 2418 quod
1645 2337 2175 2419 corrumpitur,
2226 2337 2593 2422 adgrauat
2638 2339 2799 2402 ani·

481 2459 671 2505 mam
729 2445 802 2506 et
860 2442 1222 2526 deprimit
1275 2447 1574 2508 terrena
1642 2442 2106 2508 inhabitatio
2174 2463 2477 2510 sensum
2544 2445 2797 2509 multa

480 2549 967 2631 cogitantem.
1037 2549 1112 2613 ad
1181 2568 1382 2613 unum
1449 2567 1598 2632 ergo
1664 2548 2095 2629 tendendum,
2164 2549 2277 2614 sed
2338 2552 2596 2633 propter
2658 2551 2797 2616 hoc

476 2655 682 2718 multa
723 2655 983 2720 ferenda
1026 2660 1196 2721 sunt.
2842 2667 2905 2707 ’ὓ

571 2763 678 2828 54.
725 2763 954 2846 Itaque
1022 2762 1184 2828 duae
1251 2766 1403 2828 sunt
1447 2781 1673 2829 uxores
1720 2765 1910 2828 Iacob
1957 2764 2231 2842 liberae;
2280 2765 2501 2829 ambae
2547 2765 2797 2848 quippe

479 2870 632 2933 sunt
674 2869 844 2934 filiae
892 2868 1286 2934 remissionis
1332 2871 1760 2953 peccatorum,
1808 2869 1929 2934 hoc
1978 2873 2079 2935 est
2124 2871 2562 2949 dealbationis,
2612 2871 2799 2952 quod

481 2978 581 3040 est
626 2976 859 3040 Laban.
923 2978 1366 3041 uerumtamen
1423 2995 1550 3040 una
1605 2979 1855 3041 amatur
1909 2980 1975 3042 et
2028 2978 2227 3042 altera
2278 2979 2603 3044 toleratur.
2670 2978 2797 3042 sed

481 3099 644 3163 quae
682 3082 1030 3162 toleratur,
1085 3083 1228 3166 ipsa
1280 3081 1458 3166 prius
1516 3085 1580 3147 et
1633 3083 1893 3149 uberius
1956 3084 2351 3164 fecundatur,
2400 3089 2493 3162 ut,
2550 3083 2607 3149 si
2661 3103 2795 3150 non

479 3190 736 3270 propter
799 3207 868 3254 se
933 3189 1162 3273 ipsam,
1234 3193 1403 3255 certe
1458 3193 1717 3275 propter
1770 3190 1937 3256 filios
1995 3191 2317 3275 diligatur.
2384 3191 2563 3256 labor
2617 3191 2793 3255 enim
2834 3187 2905 3228 ²⁵

479 3292 796 3357 iustorum
859 3295 1206 3359 maximum
1271 3295 1549 3361 fructum
1615 3297 1812 3362 habet
1874 3297 1940 3362 in
2004 3297 2126 3375 eis,
2195 3317 2359 3380 quos
2422 3316 2615 3382 regno
2684 3297 2795 3362 dei

483 3401 788 3483 generant
820 3401 988 3466 inter
1023 3402 1262 3467 multas
1299 3403 1753 3486 temptationes
1794 3406 1860 3469 et
1895 3403 2339 3469 tribulationes
2368 3404 2791 3487 praedicando

485 3505 912 3589 euangelium,
963 3510 1027 3573 et
1073 3527 1203 3587 eOS,
1249 3512 1506 3592 propter
1551 3528 1714 3591 quos
1771 3513 1921 3575 sunt
1972 3509 2037 3573 in
2094 3510 2419 3575 laboribus
2468 3510 2797 3576 abundan-

666 3720 731 3774 17
772 3723 896 3793 Sap.
937 3724 986 3788 9,
1027 3725 1095 3778 15

679 3843 694 3874 1

560 3887 584 3939 1
649 3887 896 3958 ‘fraglant
957 3891 1028 3944 M
1258 3891 1293 3945 3
1366 3892 1605 3947 enitatur
1674 3891 1722 3947 Ο
1948 3895 1985 3948 6
2050 3893 2371 3952 ostenditur.
2435 3895 2799 3951 Manifestum

483 3992 594 4045 sqq.
633 3975 732 4031 86-
895 3977 928 4032 8
966 3982 1051 4032 est
1083 3979 1265 4049 inquit
1292 3979 1436 4051 quod
1465 3981 1497 4034 b
1659 3983 1798 4053 ueri]
1833 3983 1925 4038 uel
1951 3981 2212 4038 LSGMb
2356 3983 2389 4038 9
2425 3983 2715 4039 racionalis
2750 3983 2807 4038 0

487 4065 556 4118 14
601 4064 781 4119 seculo
817 4065 865 4120 0
969 4068 1037 4122 15
1081 4067 1298 4122 iusticia
1331 4069 1379 4123 Ο
1521 4069 1587 4124 16
1626 4075 1845 4138 aeusate
1886 4073 2026 4143 (exp.
2071 4088 2141 4126 m.
2189 4074 2249 4143 2)
2280 4071 2334 4125 L
2480 4073 2548 4126 18
2574 4071 2798 4126 inhabi-

477 4151 626 4207 tacio
688 4152 737 4207 0
838 4153 903 4207 21
953 4154 1173 4225 itaquae
1225 4155 1273 4210 0
1407 4157 1578 4212 libere
1616 4157 1671 4211 L
1794 4159 1867 4213 24
1919 4176 2023 4230 que
2076 4159 2123 4213 0
2254 4161 2321 4214 27
2377 4159 2705 4231 predicando
2751 4161 2809 4216 0

488 4241 556 4294 28
604 4257 695 4294 eos
753 4243 873 4310 (sed
927 4259 957 4297 o
1011 4260 1130 4312 erp.
1176 4252 1225 4299 et
1280 4246 1297 4300 i
1352 4248 1643 4317 superscr.)
1688 4245 1735 4301 0
1912 4250 2069 4320 quos]
2116 4249 2263 4319 quod
2297 4248 2455 4304 LSG
2600 4251 2711 4305 sint
2760 4253 2794 4300 l»

487 4327 890 4384 habundantius
934 4331 979 4385 Ο
