3159 4984
439 436 566 500 182
1125 432 1180 486 S.
1237 430 1516 485 Aureli
1568 430 2008 500 Augustini

526 630 631 695 23.
681 628 774 692 De
823 646 918 703 e0,
969 626 1136 708 quod
1185 624 1494 708 scriptum
1545 626 1681 688 est:
1728 622 2004 687 mulier
2049 625 2180 685 tua
2226 621 2330 687 sit
2376 624 2459 686 ut
2504 622 2727 687 uinea

433 733 930 802 frondescens
979 734 1052 797 et
1097 731 1252 796 filii
1299 730 1416 795 tui
1471 732 1556 793 ut
1612 729 1968 795 nouellae
2026 728 2403 793 oliuarum
2461 730 2535 793 in
2592 730 2727 793 cir-

434 842 648 907 cuitu
698 858 1000 905 mensae
1048 841 1221 902 tuae
1271 841 1344 901 et
1389 836 1701 901 uidebis
1749 835 1965 901 filios
2012 836 2350 901 filiorum
2392 840 2721 909 tuorum;

435 950 510 1013 et
555 948 774 1025 scies,
826 945 1002 1028 quia
1046 945 1186 1010 hoc
1233 943 1449 1008 modo
1498 942 1990 1007 benedicitur
2033 942 2272 1017 homo,
2331 942 2457 1025 qui
2506 943 2726 1005 timet

433 1053 831 1119 dominum.
899 1051 1021 1117 hoc
1064 1070 1177 1134 per
1222 1050 1600 1133 prophetam
1646 1049 1915 1133 figurate
1972 1048 2213 1113 dictum
2272 1049 2351 1113 ad
2406 1048 2721 1132 significa·
2790 1068 2816 1109 5

430 1160 671 1225 tionem
721 1158 1028 1223 ecclesiae
1074 1157 1386 1241 pertinere
1423 1155 1782 1221 Manichaei
1818 1175 1942 1221 non
1978 1155 2363 1239 intellegunt
2400 1158 2463 1219 et
2497 1158 2727 1238 putant

434 1266 816 1332 contrarium
883 1284 1046 1341 esse,
1113 1263 1283 1346 quod
1337 1263 1402 1327 in
1459 1262 1792 1346 euangelio
1848 1262 2145 1327 domiuus
2204 1261 2281 1327 de
2337 1261 2723 1345 spadonibus

433 1373 542 1451 ait,
591 1371 709 1455 qui
758 1390 826 1436 se
871 1372 1048 1454 ipsos
1099 1372 1377 1434 castrant
1420 1372 1678 1453 propter
1720 1388 1988 1453 regnum
2035 1369 2371 1434 caelorum.
2440 1368 2552 1432 sed
2606 1386 2721 1433 nos

427 1479 557 1543 iam
605 1481 671 1543 et
717 1478 794 1542 de
840 1478 978 1543 uiro
1027 1478 1092 1540 et
1137 1475 1214 1540 de
1257 1490 1452 1541 uxore
1499 1479 1565 1539 et
1620 1475 1697 1539 de
1754 1475 2161 1559 spadonibus,
2210 1477 2519 1557 quantum
2565 1474 2721 1539 satis

427 1584 571 1663 fuit,
617 1585 682 1649 in
730 1584 918 1648 tertio
969 1583 1248 1666 capitulo
1299 1582 1738 1647 disseruimus,
2760 1601 2811 1639 ιο

523 1692 628 1757 24.
658 1691 755 1756 De
785 1708 880 1765 e0,
914 1689 1084 1771 quod
1113 1688 1420 1771 scriptum
1452 1691 1552 1753 est
1581 1689 1749 1772 apud
1779 1688 2219 1755 Salomonem:
2250 1688 2549 1753 imitare
2578 1688 2715 1753 for-

433 1797 698 1862 micam
747 1800 820 1861 et
864 1796 1161 1859 intuere
1219 1795 1705 1879 diligentiam
1764 1796 1956 1872 eius,
2015 1795 2191 1878 quia
2246 1796 2333 1859 ab
2393 1795 2715 1859 aestatis

432 1907 770 1987 tempore
817 1920 1062 1984 usque
1111 1901 1428 1966 hiemem.
1477 1902 1787 1985 colligit
1832 1902 1981 1967 sibi
2030 1902 2445 1967 alimonias.
2512 1920 2714 1984 neque

431 2008 552 2075 hoc
625 2008 1012 2092 intellegunt
1073 2007 1430 2072 Manichaei
1503 2008 1874 2091 spiritaliter
1945 2028 2087 2073 esse
2152 2008 2587 2093 accipiendum
2652 2012 2717 2073 et

427 2117 659 2198 putant
701 2117 1112 2198 praeceptum
1161 2132 1324 2189 esse,
1371 2118 1446 2179 ut
1489 2114 1995 2179 thesaurizemus
2041 2114 2105 2179 in
2154 2118 2320 2179 terra
2364 2120 2477 2179 aut
2523 2116 2713 2180 etiam
2754 2134 2807 2175 ιε

434 2238 729 2286 curemus
759 2221 918 2285 haec
947 2221 1190 2298 horrea,
1221 2239 1381 2302 quae
1413 2220 1546 2285 sine
1575 2220 1709 2285 ullo
1747 2224 2081 2305 praecepto
2118 2222 2395 2287 multum
2431 2221 2719 2287 homines

429 2326 670 2411 inplere
749 2326 1068 2391 festinant.
1138 2330 1204 2390 et
1247 2325 1390 2391 ideo
1437 2326 1599 2390 illud
1643 2326 2023 2393 Adimantus
2070 2348 2140 2392 ex
2190 2329 2519 2413 euangelio
2567 2328 2722 2391 dicit

433 2434 774 2498 aduersum
815 2451 956 2497 esse
995 2432 1145 2497 huic
1183 2433 1560 2512 sententiae,
1598 2433 1707 2498 ubi
1748 2433 2042 2499 dominus
2081 2434 2205 2499 ait:
2246 2435 2487 2499 nolite
2528 2435 2717 2517 cogi-

427 2543 590 2605 tare
639 2538 724 2603 de
773 2538 1130 2604 cras-tino.
1181 2538 1294 2604 sed
1339 2558 1542 2621 neque
1590 2539 1713 2605 hoc
1747 2539 2133 2624 intellegunt
2169 2541 2247 2605 ad
2282 2541 2350 2605 id
2385 2540 2715 2623 pertinere,

425 2648 504 2711 ut
545 2645 922 2729 temporalia
967 2664 1091 2710 non
1139 2664 1426 2711 amemus
1473 2664 1679 2728 neque
1726 2646 2088 2723 timeamus,
2144 2666 2221 2711 ne
2275 2647 2459 2714 nobis
2508 2647 2719 2712 desint
2754 2664 2809 2705 ω

424 2751 804 2827 necessaria,
853 2754 918 2817 et
963 2754 1219 2835 propter
1263 2750 1404 2835 ipsa
1449 2751 1875 2834 conquirenda
1912 2754 2019 2817 uel
2056 2753 2171 2819 deo
2208 2754 2319 2817 uel
2353 2754 2717 2819 hominibus

427 2859 802 2925 semiamus.
853 2876 996 2921 nam
1046 2857 1102 2922 si
1147 2858 1270 2923 hoc
1314 2858 1458 2923 ideo
1499 2858 1741 2923 dictum
1782 2862 1900 2937 est,
1938 2862 2013 2923 ut
2048 2878 2173 2925 non
2212 2863 2504 2927 seruetur
2536 2860 2714 2943 panis

421 2964 489 3031 in
537 2963 904 3043 crastinum,
951 2964 1158 3048 magis
1207 2965 1329 3029 hoc
1398 2964 1643 3048 inplent
1690 2966 1839 3049 uagi
1874 2966 2323 3045 Romanorum,
2370 2986 2530 3049 quos
2576 2985 2714 3049 pas·

425 3071 600 3138 sinos
640 3069 982 3153 appellant,
1021 3072 1130 3152 qui
1169 3089 1416 3135 annona
1451 3072 1773 3137 cotidiana
1808 3072 2038 3139 satiato
2076 3076 2296 3137 uentre
2334 3078 2447 3137 aut
2482 3073 2717 3139 donant

427 3177 668 3251 statim,
717 3176 888 3257 quod
933 3180 1152 3253 restat,
1203 3181 1315 3241 aut
1359 3177 1698 3261 proiciunt,
1746 3199 1936 3262 quam
1973 3180 2081 3244 uel
2118 3180 2357 3245 domini
2394 3179 2712 3263 discipuli,
2750 3199 2803 3241 85

429 3282 540 3367 qui
587 3282 778 3347 etiam
819 3300 964 3347 cum
1001 3282 1140 3365 ipso
1179 3283 1433 3349 domino
1473 3284 1634 3349 caeli
1670 3287 1737 3350 et
1769 3288 1973 3351 terrae
2008 3286 2075 3351 in
2110 3289 2278 3351 terra
2312 3286 2713 3351 ambulantes

423 3389 674 3455 loculos
704 3388 1040 3466 habebant,
1071 3390 1178 3453 uel
1206 3390 1446 3457 Paulus
1476 3392 1828 3474 apostolus,
1858 3392 1969 3475 qui
2004 3393 2287 3457 omnium
2323 3397 2713 3459 terrenorum

426 3498 829 3579 contemptor
865 3496 958 3561 sic
993 3499 1207 3561 tamen
1247 3497 1627 3579 gubernauit
1656 3516 1749 3575 ea,
1778 3516 1939 3581 quae
1972 3499 2293 3582 praesenti
2327 3499 2499 3564 uitae
2538 3504 2715 3565 erant

594 3732 617 3783 1
661 3730 751 3783 ΡΒ.
793 3728 914 3794 127,
951 3728 985 3782 2
1024 3746 1142 3799 sqq.
1344 3730 1376 3785 8
1415 3730 1482 3785 cs.
1520 3730 1723 3805 Matth,
1762 3731 1847 3797 19,
1887 3732 1956 3785 12
2124 3731 2186 3786 11
2228 3732 2389 3787 Prou.
2428 3732 2479 3791 6.
2518 3734 2551 3787 6
2589 3750 2706 3803 sqq.

417 3818 484 3874 18
519 3816 717 3873 matth.
755 3817 806 3879 6,
846 3816 916 3869 34

489 3968 514 4020 1
557 3964 816 4020 scribtum
851 3962 908 4017 P
1049 3964 1123 4019 sit
1159 3967 1242 4035 ut]
1281 3966 1422 4021 sicut
1471 3966 1553 4020 Vb
1662 3968 1695 4021 2
1732 3968 1951 4023 nouella
1994 3968 2157 4023 TGV
2256 3971 2291 4025 5
2328 3987 2425 4041 per
2462 3978 2530 4038 (s.
2560 3972 2625 4037 1.)
2654 3972 2709 4023 P

413 4059 472 4112 et
501 4055 570 4110 ad
603 4054 804 4109 GTCS
817 4053 898 4107 Vb
1044 4055 1078 4109 9
1115 4054 1183 4107 de
1215 4059 1368 4121 (ante
1393 4060 1502 4125 ux.)
1534 4072 1637 4112 om.
1668 4055 1722 4109 P
1857 4058 1927 4113 10
1954 4058 2120 4113 tercio
2139 4060 2196 4114 P
2341 4060 2406 4114 12
2434 4060 2626 4131 estatis
2654 4059 2711 4114 P

409 4143 604 4199 estatis
659 4143 703 4198 8
811 4142 880 4196 13
915 4158 1121 4213 nequae
1157 4142 1214 4196 P
1247 4160 1418 4215 usque
1457 4145 1525 4200 ad
1568 4145 1869 4201 GTCSVb
2012 4147 2259 4218 hyemem
2308 4148 2359 4201 V
2468 4150 2533 4203 15
2588 4150 2705 4220 aut]

405 4236 472 4287 ut
495 4232 612 4288 GV
747 4230 987 4302 etiamP
1059 4232 1125 4286 16
1156 4248 1306 4287 orrea
1325 4232 1380 4285 P
1450 4233 1521 4288 24
1559 4234 1872 4289 cothidiana
1902 4234 1953 4289 V
2022 4236 2091 4289 26
2109 4241 2306 4291 terram
2339 4236 2389 4289 V
2512 4236 2701 4291 ambu-

405 4347 582 4402 lantes
623 4348 670 4413 (t
703 4347 767 4400 in
800 4352 942 4417 ras.)
979 4346 1034 4399 P
1140 4348 1210 4402 28
1251 4315 1386 4402 era'}
1423 4348 1478 4401 P
