3159 4984
490 450 615 513 298
1184 450 1236 503 S.
1292 448 1567 503 Aureli
1625 449 2062 519 Augustini

488 663 633 708 cum
692 644 849 709 duas
906 644 1147 709 animas
1204 664 1345 709 esse
1400 643 1462 707 in
1519 663 1647 709 uno
1705 643 2042 709 animantis
2101 662 2357 727 corpore
2423 643 2778 720 adfirmant,

487 770 677 815 unam
724 751 953 816 bonam
1003 751 1079 815 de
1135 753 1323 835 gente
1375 750 1562 827 lucis,
1623 751 1884 815 alteram
1940 751 2172 814 malam
2231 751 2307 814 de
2363 753 2551 834 gente
2606 753 2778 814 19119-

484 858 760 936 brarum,
809 858 1138 940 numquid,
1190 876 1333 922 cum
1383 856 1696 923 occiditur
1741 856 1994 933 animal,
2033 856 2200 920 bona
2247 857 2458 919 anima
2501 857 2669 941 fugit
2714 859 2780 920 et

484 966 654 1028 mala
698 967 1031 1028 remanet?
1082 964 1138 1029 si
1186 965 1353 1028 enim
1398 964 1521 1029 hoc
1570 966 1762 1039 esset,
1813 964 1870 1029 si
1916 963 2167 1028 uiueret
2204 963 2437 1027 animal
2476 963 2776 1042 occisum,

487 1070 804 1154 quomodo
863 1071 1127 1135 uiuebat
1181 1072 1245 1135 in
1304 1074 1491 1155 gente
1547 1070 1971 1147 tenebrarum,
2041 1070 2290 1151 quando
2357 1072 2559 1136 solam
2626 1089 2777 1135 suae
2835 1086 2866 1125 ⁵

485 1178 696 1261 gentis
732 1178 1009 1242 habebat
1046 1178 1339 1255 animam,
1371 1196 1497 1260 qua
1526 1178 1718 1242 etiam
1755 1177 2176 1241 rebellauerat
2213 1175 2550 1241 aduersum
2588 1196 2778 1260 regna

488 1284 755 1348 diuina?
797 1304 943 1348 cum
983 1304 1129 1367 ergo
1168 1284 1233 1347 in
1279 1287 1482 1349 morte
1532 1283 1877 1349 cuiuslibet
1914 1283 2205 1348 animalis
2245 1287 2510 1365 utraque
2550 1284 2776 1349 anima.

488 1394 553 1453 et
597 1392 767 1456 bona
812 1394 876 1455 et
920 1391 1108 1468 mala,
1159 1391 1408 1455 deserat
1454 1410 1726 1469 carnem,
1786 1409 1899 1454 cur
1975 1390 2278 1455 inmunda
2334 1409 2475 1455 caro
2526 1389 2776 1468 dicitur,

486 1498 669 1579 quasi
716 1518 753 1561 a
800 1499 937 1562 sola
981 1498 1149 1561 bona
1206 1499 1414 1562 anima
1470 1498 1846 1563 deseratur?
1913 1498 2062 1580 quia
2118 1497 2240 1561 etsi
2295 1497 2542 1579 aliquae
2607 1498 2777 1562 uitae

485 1603 788 1686 reliquiae
835 1607 1183 1672 remanent.
1234 1624 1303 1668 ex
1352 1608 1618 1687 utraque
1675 1607 2038 1679 remanent;
2106 1623 2221 1668 nec
2276 1604 2488 1687 ipsum
2546 1604 2776 1687 quippe
2817 1622 2872 1659 ιο

484 1710 707 1774 fimum
755 1711 977 1775 dicunt
1021 1730 1344 1775 remanere
1392 1712 1527 1776 sine
1578 1711 1899 1793 aliquibus
1957 1711 2200 1794 exiguis
2245 1710 2532 1793 reliquiis
2579 1730 2777 1774 mem-

484 1818 745 1881 brorum
795 1817 914 1881 dei.
983 1818 1225 1882 nullam
1272 1818 1469 1901 igitur
1517 1836 1770 1882 causam
1831 1817 2172 1900 reperiunt,
2233 1836 2344 1881 cur
2400 1816 2779 1881 adseuerent

488 1944 705 1989 carnes
754 1923 1045 2007 frugibus
1102 1923 1553 1988 inmundioreS.
1596 1924 1707 1988 sed
1744 1924 2050 1989 uidelicet
2085 1923 2374 1987 fallacem
2417 1923 2778 1987 castitatem

487 2050 671 2095 suam
750 2032 1065 2095 ostentare
1144 2037 1443 2094 conantes
1512 2050 1585 2093 90
1673 2034 1902 2113 putant
1974 2030 2437 2095 inmundiorem
2507 2050 2776 2107 carnem,

486 2138 654 2219 quod
705 2138 779 2201 (19
830 2137 1169 2202 concubitu
1221 2138 1467 2209 existat,
1526 2136 1711 2217 quasi
1767 2156 1891 2201 non
1947 2138 2125 2201 tanto
2181 2136 2626 2202 uehementius
2675 2157 2775 2203 co·
2815 2152 2869 2190 1⁵

487 2249 726 2327 guntur
791 2245 1073 2308 membro
1142 2244 1236 2308 illi
1304 2244 1523 2309 diuino
1591 2245 2028 2309 manducando
2095 2262 2479 2309 succurrere.
2540 2246 2776 2326 quanto

484 2351 619 2414 illic
686 2351 886 2415 artius
935 2351 1324 2435 conligatum
1400 2354 1648 2435 putant.
1725 2354 2046 2434 postremo
2115 2350 2169 2414 si
2232 2349 2359 2414 ista
2423 2369 2614 2414 causa
2681 2353 2779 2415 est

484 2458 747 2523 maioris
804 2457 1221 2522 inmunditiae
1262 2459 1566 2534 carnium,
1609 2478 1682 2523 ea
1721 2458 2056 2523 comedant
2092 2456 2459 2521 animalium
2499 2476 2776 2539 corpora.

487 2584 648 2646 (11139
716 2585 840 2629 11011
908 2566 983 2629 (19
1050 2566 1393 2629 concubitu
1462 2566 1780 2639 oriuntur,
1850 2565 2018 2630 sicut
2084 2568 2234 2629 sunt
2295 2564 2778 2628 innumerabilia

485 2690 715 2753 genera
788 2672 1133 2745 uermium,
1204 2691 1471 2753 quorum
1536 2672 1878 2737 nonnullos
1943 2672 2142 2755 uulgo
2211 2672 2408 2735 edunt
2472 2670 2778 2753 quaedam
2815 2688 2872 2726 2⁰

486 2778 830 2843 Veneticae
895 2778 1187 2862 regiones
1257 2798 1329 2842 ex
1394 2778 1723 2843 arboribus
1787 2780 1991 2843 natos.
2068 2796 2250 2841 ranas
2326 2777 2545 2851 etiam,
2622 2796 2779 2859 quas

484 2887 743 2966 repente
792 2904 863 2949 ex
908 2904 1035 2948 una
1080 2886 1303 2968 pluuia
1350 2889 1516 2948 terra
1564 2888 1843 2969 generat,
1891 2885 1955 2948 in
2013 2903 2224 2949 escam
2283 2884 2394 2948 isti
2449 2884 2780 2948 adsumere

488 2990 863 3057 debuerunt.
914 2995 988 3056 ut
1035 2992 1135 3055 dei
1186 2992 1285 3057 sui
1332 2991 1616 3055 membra
1665 2992 1900 3057 talibus
1957 2992 2176 3057 formis
2235 2991 2572 3056 commixta
2625 2990 2782 3054 libe-

484 3099 713 3172 rarent,
764 3098 819 3161 si
868 3116 1006 3162 eam
1055 3117 1304 3163 carnem
1344 3098 1760 3173 detestantur,
1801 3094 1960 3179 q‘uae
2001 3098 2340 3161 concubitu
2378 3099 2780 3180 propagatur.

486 3206 551 3267 91
579 3223 779 3287 genus
810 3204 1157 3269 humanum
1194 3205 1418 3269 9110113
1449 3208 1803 3288 arguerent,
1845 3203 2015 3286 quod
2053 3204 2305 3287 gallinis
2346 3203 2781 3285 columbisque
2821 3220 2874 3259 25

485 3313 833 3374 uescantur
889 3329 960 3374 ex
1015 3312 1449 3375 masculorum
1513 3312 2017 3392 feminarumque.
2086 3311 2258 3375 coitu
2317 3308 2662 3392 procreatis
2721 3312 2784 3371 et

488 3416 854 3480 mundiores
905 3418 1060 3481 caeli
1111 3422 1175 3482 et
1219 3421 1419 3483 terrae
1468 3418 1632 3483 filias
1681 3437 1864 3482 ranas
1903 3418 2199 3481 abiciant.
2249 3436 2394 3481 nam
2434 3415 2783 3481 secundum

491 3523 764 3587 istorum
814 3524 1097 3588 fabulam
1146 3526 1513 3589 mundiores
1562 3528 1713 3589 sunt
1756 3523 1944 3609 primi
1989 3524 2305 3607 principes
2361 3524 2786 3587 tenebrarum.

492 3649 758 3711 quorum
800 3634 1090 3712 parentes
1127 3633 1378 3697 arbores
1420 3634 1694 3697 fuerunt.
1730 3651 1916 3714 quam
1957 3632 2092 3715 ipse
2125 3630 2558 3695 Manichacus
2600 3648 2786 3711 quem

491 3740 671 3819 pater
718 3740 784 3799 et
828 3741 1029 3801 mater
1077 3738 1548 3803 concumbendo
1599 3739 1972 3821 genuerunt.
2029 3736 2393 3802 mundiores
2443 3735 2632 3799 etiam
2679 3755 2782 3817 pe·
2823 3752 2876 3795 30

494 3842 713 3907 (11191111
762 3863 998 3910 eorum.
1050 3844 1156 3925 qui
1207 3844 1340 3907 sine
1411 3844 1754 3909 concubitu
1805 3845 2033 3909 sudore
2084 3844 2286 3907 carnis
2343 3842 2446 3907 uel
2506 3842 2782 3923 corporis

568 4082 594 4131 1
636 4079 868 4131 amantis
912 4076 1027 4131 (1¹3²
1175 4077 1459 4131 adfirment
1502 4076 1646 4130 CSG
1757 4079 1788 4130 9
1828 4094 1860 4130 3
1898 4094 1999 4131 om.
2046 4078 2124 4129 Cb
2241 4078 2304 4129 12
2342 4075 2655 4146 repperiunt
2684 4075 2789 4127 Lc·

494 4169 559 4220 15
602 4184 706 4237 quo
746 4162 777 4220 b
890 4167 955 4220 17
994 4166 1078 4219 illi
1122 4166 1169 4220 G
1272 4168 1336 4219 21
1378 4168 1596 4221 uenctie
1624 4167 1719 4219 'Ob
1829 4168 1898 4220 22
1937 4168 2205 4235 germinat
2245 4168 2277 4220 b
2389 4167 2458 4219 24
2489 4166 2535 4219 31
2568 4170 2617 4233 (9
2649 4182 2782 4219 corr.

489 4255 551 4307 in
597 4256 636 4315 1)
687 4254 733 4308 S
872 4256 940 4308 25
998 4252 1258 4308 columbis
1316 4272 1452 4324 quae
1502 4254 1555 4307 L
1701 4254 1770 4308 30
1827 4255 2133 4308 cucobendo
2198 4254 2246 4307 0
2421 4253 2658 4323 pediculi
2710 4254 2786 4307 CI»

491 4344 553 4396 31
599 4343 781 4396 sudori
820 4344 871 4396 L
1016 4345 1187 4397 carnis
1227 4344 1313 4397 1191
1352 4361 1455 4398 om.
1496 4344 1635 4396 Leo
1781 4350 1902 4411 post
1941 4344 2175 4413 corporis
2217 4344 2348 4397 add.
2387 4343 2472 4395 uel
2513 4342 2599 4395 Lb
