3159 4984
466 465 595 528 626
1180 460 1231 511 S.
1291 457 1563 512 Aureli
1624 459 2057 527 Augustini

471 658 850 740 promissam
897 659 1130 720 terram
1180 660 1245 720 et
1287 655 1769 719 innumerabilis
1816 654 2248 718 multitudinis
2296 652 2780 717 abundantiam.

471 763 750 828 nondum
825 767 1040 827 tamen
1115 762 1314 827 fuisse
1389 762 1819 846 patefactum,
1886 760 2202 843 quomodo
2265 761 2443 824 illius
2508 759 2783 823 seminis

471 874 646 935 esset
707 871 922 934 futura
984 869 1379 953 propagatio,
1437 873 1653 932 utrum
1710 888 1782 932 ex
1838 887 2020 932 carne
2079 866 2391 945 Abrahae,
2457 867 2513 930 si
2568 867 2645 929 de
2708 885 2782 929 se

478 977 615 1059 ipse
664 980 1012 1061 generaret.
1073 995 1150 1040 an
1209 995 1280 1039 ex
1335 976 1693 1054 uoluntate,
1753 976 1808 1040 si
1864 977 2141 1056 aliquem
2193 974 2356 1039 forte
2402 975 2779 1056 adoptaret:

473 1084 699 1148 deinde
747 1084 804 1148 si
851 1083 928 1148 de
979 1103 1162 1148 carne
1207 1083 1435 1166 ipsius,
1483 1086 1699 1147 utrum
1740 1103 1811 1146 ex
1851 1082 2024 1160 Sara,
2074 1101 2151 1146 an
2200 1102 2271 1146 ex
2318 1081 2441 1146 alia
2485 1099 2780 1164 prorsuS,
2866 1098 2897 1135 ε»

475 1190 759 1255 nondum
814 1189 1294 1254 manifestatum
1359 1190 1519 1254 fuit:
1585 1191 1825 1273 legant.
1890 1190 2170 1271 inquam.
2240 1189 2348 1270 qui
2400 1190 2650 1257 uolunt,
2715 1191 2785 1251 et

481 1296 810 1361 inuenient
834 1297 1149 1361 Faustum
1187 1300 1299 1360 aut
1334 1297 1472 1361 falli
1507 1297 1919 1380 inprudenter
1973 1299 2085 1360 aut
2120 1297 2339 1361 fallere
2377 1295 2779 1378 inpudenter.

473 1403 690 1486 itaque
737 1403 1056 1467 Abraham
1114 1423 1262 1467 cum
1319 1404 1442 1469 sibi
1496 1403 1747 1468 uideret
1800 1423 1924 1468 non
1980 1404 2159 1467 nasci
2214 1403 2382 1468 filios
2448 1406 2513 1465 et
2557 1407 2782 1466 tamen

474 1510 700 1574 semini
749 1529 864 1574 suo
911 1509 1147 1574 factam
1195 1510 1683 1593 promissionem
1741 1514 2005 1586 teneret,
2061 1511 2264 1592 primo
2315 1509 2389 1574 de
2437 1508 2783 1591 adoptione

474 1580 816 1699 cogitabat.
875 1615 996 1680 hoc
1053 1614 1317 1692 indicat,
1377 1615 1544 1700 quod
1602 1634 1749 1680 cum
1807 1615 1923 1681 deo
1978 1616 2247 1698 loquens
2297 1616 2386 1679 ait
2430 1615 2507 1679 de
2552 1631 2893 1678 uerna-1⁰

471 1722 618 1787 culo
670 1743 825 1787 suo:
885 1723 1008 1787 hic
1055 1723 1277 1787 heres
1324 1741 1532 1787 meus
1583 1723 1747 1787 erit
1794 1725 2119 1805 tamquam
2170 1723 2443 1788 diceret:
2504 1721 2651 1803 quia
2700 1721 2783 1786 de

473 1848 576 1892 me
641 1829 779 1911 ipso
845 1828 1006 1891 mihi
1063 1847 1278 1893 semen
1335 1848 1458 1893 non
1517 1828 1771 1905 dedisti,
1828 1830 1889 1894 in
1949 1831 2075 1895 isto
2124 1829 2368 1912 conple,
2417 1829 2582 1911 quod
2634 1847 2785 1893 meo

475 1935 704 2000 semini
749 1936 1126 2019 promisisti.
1177 1937 1232 2001 si
1280 1937 1447 2001 enim
1503 1956 1722 2001 semen
1780 1937 2091 2018 cuiusque
2146 1955 2270 2001 non
2328 1935 2784 2018 appellaretur.

475 2041 602 2105 nisi
658 2041 827 2124 quod
886 2042 963 2106 de
1022 2043 1160 2107 eius
1219 2061 1400 2107 carne
1457 2045 1842 2120 nasceretur,
1900 2062 2017 2108 nec
2071 2061 2188 2108 nos
2237 2044 2585 2126 appellaret
2632 2062 2785 2125 apo-

475 2148 684 2212 stolus
734 2167 949 2212 semen
996 2148 1310 2227 Abrahae,
1371 2150 1478 2232 qui
1536 2154 1703 2214 certe
1762 2149 2067 2234 originem
2119 2151 2321 2214 carnis
2370 2150 2447 2214 ab
2493 2150 2604 2214 illo
2651 2169 2786 2213 non
2821 2165 2883 2202 1⁵

477 2253 791 2332 ducimuS,
833 2254 945 2319 sed
982 2254 1340 2320 imitatione
1376 2255 1526 2320 fidei
1564 2275 1781 2322 semen
1822 2257 1959 2321 eius
1998 2257 2150 2320 facti
2186 2277 2411 2321 sumus
2450 2255 2785 2320 credentes

473 2361 540 2424 in
590 2361 866 2438 Christo,
916 2362 1100 2426 cuius
1149 2382 1292 2428 caro
1332 2383 1404 2426 ex
1440 2363 1619 2428 illius
1659 2383 1843 2428 carne
1880 2368 2227 2448 propagata
2266 2366 2384 2431 est.
2432 2367 2587 2427 tunc
2624 2383 2783 2446 ergo

477 2466 797 2532 Abraham
847 2468 1097 2532 audiuit
1143 2487 1179 2532 a
1226 2469 1518 2534 domino:
1577 2491 1719 2536 non
1766 2471 1887 2536 hic
1936 2471 2080 2534 erit
2125 2471 2341 2535 heres
2388 2473 2596 2546 tuus;
2648 2469 2787 2534 sed

479 2573 606 2655 qui
655 2574 856 2639 exiet
901 2574 986 2638 de
1034 2579 1250 2641 utero
1299 2578 1450 2652 tuo,
1499 2577 1665 2660 ipse
1715 2578 1862 2642 erit
1906 2579 2123 2643 heres
2172 2581 2371 2644 tuus.
2438 2579 2565 2642 iam
2622 2581 2787 2643 tunc

484 2681 845 2764 adoptionis
895 2682 1280 2766 cogitatione
1330 2683 1585 2747 sublata
1631 2703 1776 2748 cum
1826 2685 1904 2749 de
1952 2705 2019 2750 se
2064 2686 2205 2768 ipso
2246 2705 2462 2750 semen
2500 2688 2790 2768 speraret
2827 2696 2885 2732 ²⁰

477 2787 816 2867 Abraham,
863 2789 1150 2853 restabat
1192 2790 1527 2863 incertum,
1575 2793 1793 2855 utrum
1842 2811 1913 2856 ex
1960 2791 2132 2869 Sara,
2172 2811 2250 2855 an
2290 2812 2361 2855 ex
2400 2792 2559 2856 alia:
2608 2793 2787 2874 quod

481 2895 581 2958 illi
629 2895 786 2960 deus
836 2896 1158 2961 occultare
1204 2896 1435 2976 uoluit,
1484 2897 1685 2964 donec
1728 2899 1906 2982 prius
1955 2919 2025 2964 ex
2075 2900 2304 2964 ancilla
2348 2903 2537 2964 uetus
2584 2901 2787 2963 testa-

481 3003 770 3064 mentum
833 3001 1230 3085 figuraretur.
1299 3004 1453 3086 quid
1517 3025 1666 3088 ergo
1730 3006 1984 3084 mirum,
2054 3006 2109 3070 si
2171 3006 2397 3071 uidens
2460 3006 2787 3071 Abraham

482 3106 766 3170 sterilem
811 3127 1069 3173 uxorem
1119 3109 1479 3193 cupientem
1527 3111 1652 3176 sibi
1696 3114 1959 3195 prolem,
2001 3132 2189 3195 quam
2228 3133 2445 3196 parere
2479 3114 2619 3196 ipsa
2656 3131 2788 3178 non

484 3213 715 3294 potuit,
774 3233 845 3277 ex
903 3214 1140 3279 famula
1197 3235 1313 3280 sua
1369 3219 1434 3280 et
1481 3237 1553 3281 ex
1600 3220 1828 3284 marito
1875 3219 2229 3302 prouenire,
2278 3241 2401 3286 non
2450 3240 2601 3286 suae
2652 3241 2789 3286 car·
2822 3225 2879 3265 ²⁵

483 3319 613 3382 nali
671 3319 1004 3402 cupiditati
1067 3322 1283 3400 cessit,
1350 3323 1462 3387 sed
1529 3325 1849 3408 coniugali
1910 3328 2215 3410 potestati
2297 3329 2787 3412 obtemperauit.

491 3425 751 3490 credens
798 3426 920 3491 hoc
969 3427 1185 3492 Saram
1237 3449 1307 3493 ex
1354 3429 1456 3494 dei
1501 3435 1663 3495 nutu
1714 3433 2017 3507 uoluisse,
2076 3435 2184 3517 qui
2230 3435 2359 3499 iam
2406 3455 2478 3500 ex
2524 3455 2592 3500 se
2638 3437 2789 3520 ipso

484 3531 586 3595 illi
631 3532 928 3596 heredem
974 3536 1371 3617 promiserat.
1422 3537 1534 3602 sed
1581 3559 1653 3603 ex
1702 3559 1826 3622 qua
1870 3540 2107 3606 femina
2162 3561 2287 3608 non
2340 3543 2789 3626 praedixerat?

663 3753 688 3802 1
732 3749 797 3802 cf.
839 3749 976 3804 Gen.
1013 3751 1097 3814 12,
1136 3752 1170 3806 3
1283 3755 1348 3806 15
1389 3753 1452 3808 cf.
1496 3753 1613 3809 Gal.
1655 3709 1813 3819 3,,29
1926 3759 1991 3811 18
2031 3759 2165 3813 Gen.
2210 3760 2293 3822 15,
2332 3760 2365 3813 3
2404 3777 2485 3830 sq.

557 3925 584 3976 1
615 3925 1029 3980 innumerabilis
1060 3929 1097 3996 (i
1125 3929 1222 3995 fin.
1251 3945 1295 3982 s.
1327 3932 1376 3992 e)
1407 3929 1454 3983 S
1582 3930 2007 3986 habundantiam
2047 3935 2095 3988 0
2234 3937 2267 3990 6
2296 3937 2719 4003 manisaestatum
2748 3939 2801 3993 C

483 4014 829 4068 manifestum
869 4016 900 4069 b
1068 4017 1098 4068 7
1137 4016 1422 4070 inueniant
1456 4017 1508 4070 L
1670 4019 1789 4075 falli
1824 4022 1887 4074 in
1922 4040 2034 4076 ras,
2076 4024 2121 4077 C
2258 4025 2321 4078 10
2358 4025 2647 4080 bernaculo
2694 4029 2781 4080 31¹

488 4103 551 4155 11
583 4103 726 4156 heris
755 4104 806 4155 L
919 4105 1022 4157 erit
1057 4105 1108 4158 h.
1141 4121 1210 4158 m.
1244 4105 1290 4158 C
1397 4107 1461 4160 13
1501 4108 1943 4178 appellaretursl!
1972 4113 2025 4164 L
2063 4113 2443 4183 appaellaretur
2468 4113 2515 4168 S
2624 4117 2691 4168 14
2722 4116 2793 4171 de

484 4205 586 4242 om.
641 4191 751 4245 SG
831 4193 862 4244 b
1075 4193 1140 4247 19
1193 4193 1350 4248 heres
1407 4195 1464 4264 (h
1519 4212 1561 4250 s,
1624 4198 1658 4253 l.
1714 4215 1783 4252 m.
1840 4217 1941 4254 rec.
2002 4201 2163 4266 add.)
2228 4202 2277 4256 G
2512 4208 2645 4258 tunc
2704 4205 2791 4258 ed.

489 4277 806 4334 Mam-ina.-
842 4298 982 4335 nunc
1020 4282 1113 4335 lib.
1143 4282 1174 4336 b
1283 4286 1354 4338 20
1390 4283 1700 4340 adobtionis
1734 4291 1797 4342 M
1866 4289 1934 4344 26
1973 4290 2069 4343 sed
2108 4307 2211 4345 om.
2242 4292 2273 4344 b
2385 4291 2793 4363 obtemperauit

487 4366 542 4431 (b
583 4383 648 4419 ex
681 4386 716 4437 p
755 4385 888 4424 corr.
927 4385 997 4424 m.
1035 4375 1083 4434 1)
1130 4369 1178 4422 G
1281 4373 1349 4424 27
1389 4389 1587 4426 sarram
1628 4377 1680 4428 L
1826 4395 1887 4431 ex
1928 4382 1997 4443 (3.
2040 4380 2103 4445 l.)
2148 4379 2201 4432 G
