3159 4984
910 448 998 502 VI.
1058 447 1347 504 Contra
1401 449 1769 503 Faustum
1826 449 1955 504 lib.
2012 449 2185 504 XXII.
2534 453 2660 516 647

368 644 723 708 obseruatis
771 647 1187 726 posteaquam
1250 645 1492 710 homini
1536 665 1649 728 pro
1716 645 2053 728 concupita
2100 649 2165 710 et
2211 647 2461 728 sperata
2526 646 2665 728 pul-

367 749 674 814 cherrima
721 749 1138 815 delectatione
1187 751 1505 817 doctrinae
1551 771 1664 833 per
1707 751 2158 834 temptationes
2215 751 2422 817 uarias
2484 751 2665 834 quasi

367 878 478 941 per
521 857 715 922 huius
765 857 1006 922 saeculi
1052 860 1272 921 noctes
1318 857 1655 921 tolerantia
1690 857 1925 922 laboris
1965 857 2321 922 adhaeserit
2358 895 2445 906 —
2483 858 2666 924 uelut

366 984 476 1048 pro
523 965 764 1030 Rachel
809 964 924 1028 Lia
977 963 1304 1047 inopinata
1360 963 1695 1029 coniuncta
1752 964 1838 1028 sit
1883 1001 1969 1010 —
2028 969 2093 1028 et
2148 965 2307 1032 hanc
2365 967 2663 1033 sustinet.

302 1093 328 1128 ε»
367 1077 440 1135 ut
503 1071 582 1136 ad
645 1071 824 1134 illam
880 1071 1228 1153 perueniat,
1287 1071 1344 1135 si
1397 1073 1877 1154 perseueranter
1931 1074 2121 1150 amat,
2188 1073 2464 1156 acceptis
2522 1074 2665 1138 aliis

367 1181 610 1261 septem
657 1177 1010 1261 praeceptis
1059 1215 1144 1224 —
1193 1196 1265 1241 ac
1313 1177 1368 1242 si
1416 1177 1666 1242 dicatur
1711 1178 1803 1242 ei:
1861 1178 2064 1242 serui
2124 1179 2316 1243 alios
2376 1184 2662 1263 septem

367 1304 594 1350 annos
640 1303 771 1368 pro
819 1284 1102 1348 Rachel
1147 1315 1234 1332 ⁶—-
1281 1286 1356 1347 ut
1411 1283 1498 1349 sit
1550 1303 1790 1367 pauper
1844 1283 2091 1367 spiritu.
2150 1285 2345 1362 mitis,
2411 1286 2663 1368 lugenS,

366 1391 650 1456 esuriens
707 1391 1056 1472 sitiensque
1113 1390 1447 1459 iustitiam.
1505 1391 1883 1468 misericors,
1940 1391 2163 1454 mundi
2220 1391 2447 1470 cordis,
2496 1393 2663 1476 paci-

364 1499 540 1563 ficus.
608 1498 810 1561 uellet
867 1498 1034 1561 enim
1092 1498 1302 1576 horno,
1363 1498 1416 1561 si
1474 1497 1613 1561 fieri
1666 1501 1906 1580 posset,
1966 1499 2101 1563 sine
2150 1499 2281 1563 ulla
2326 1500 2665 1564 tolerantia

279 1623 331 1661 ιο
366 1604 619 1683 laborm,
670 1623 830 1686 quae
877 1604 942 1667 in
990 1604 1234 1688 agendo
1290 1604 1713 1687 patiendoque
1772 1605 2210 1687 amplectenda
2267 1609 2384 1682 est,
2444 1607 2661 1672 statim

365 1713 442 1776 ad
487 1712 789 1795 pulchrae
839 1713 1028 1793 atque
1076 1711 1391 1804 perfectae
1441 1711 1788 1794 sapientiae
1838 1712 2097 1777 delicias
2136 1714 2503 1796 peruenire3
2550 1714 2664 1778 sed

362 1819 484 1883 hoo
530 1838 654 1884 non
700 1820 916 1901 potest
961 1817 1026 1880 in
1075 1821 1242 1881 terra
1285 1818 1713 1882 morientium.
1780 1818 1903 1883 hoc
1950 1817 2115 1883 enim
2164 1818 2421 1884 uidetur
2466 1821 2661 1904 signi-

361 1925 568 2002 ficare‚
627 1925 797 2006 quod
845 1924 1084 1988 dictum
1137 1927 1236 1988 est
1284 1924 1361 1987 ad
1407 1925 1637 1990 Iacob:
1704 1943 1845 1990 non
1905 1928 2023 1990 est
2076 1926 2307 1992 moris
2364 1927 2435 1990 in
2493 1927 2659 1992 loco

361 2034 644 2108 nostro,
692 2032 778 2095 ut
820 2031 1064 2096 minor
1109 2031 1344 2096 nubat
1389 2031 1602 2114 prius
1650 2051 1867 2113 quam
1914 2033 2169 2109 maior,
2210 2033 2357 2114 quia
2393 2052 2516 2098 non
2555 2035 2661 2098 ab·

271 2155 322 2192 1⁵
363 2139 550 2203 surde
615 2139 818 2202 maior
879 2138 1262 2221 appellatur,
1331 2157 1490 2220 quae
1555 2142 1839 2222 tempore
1904 2140 2076 2223 prior
2136 2143 2253 2204 est.
2330 2140 2500 2223 prior
2564 2145 2663 2205 est

359 2250 574 2310 autem
617 2245 682 2310 in
730 2247 904 2309 recta
949 2245 1224 2310 hominis
1273 2245 1625 2311 eruditione
1672 2246 1851 2311 labor
1896 2246 2214 2329 operandi,
2272 2267 2431 2330 quae
2490 2249 2661 2312 iusta

361 2355 528 2428 sunt.‚
579 2372 770 2435 quam
820 2352 1119 2434 uoluptas
1166 2352 1603 2436 intellegendi,
1655 2372 1813 2435 quae
1862 2373 2014 2418 uera
2061 2358 2229 2421 sunt.

450 2460 556 2524 53.
606 2459 706 2523 Ad
745 2459 865 2524 hoc
904 2459 1101 2533 ualet,
1142 2459 1315 2540 quod
1353 2459 1663 2541 scriptum
1702 2463 1836 2524 est:
1889 2461 2323 2542 concupisti
2371 2462 2658 2544 sapien-

356 2566 560 2644 tiam,
610 2583 832 2629 serua
875 2565 1244 2642 mandata,
1303 2569 1379 2628 et
1445 2565 1791 2630 dominus
1848 2567 2163 2649 praebet
2217 2567 2426 2631 illam
2484 2568 2655 2632 tibi:

263 2686 318 2726 ²⁰
357 2672 656 2737 mandata
689 2671 914 2752 utique
953 2671 1033 2735 ad
1066 2671 1379 2736 iustitiam
1417 2673 1831 2754 pertinentia3
1872 2673 2185 2738 iustitiam
2222 2677 2456 2750 autem,
2496 2693 2659 2756 quae

356 2798 426 2843 ex
473 2779 598 2843 fide
646 2782 764 2854 est,
815 2796 978 2860 quae
1026 2778 1190 2841 inter
1234 2777 1727 2860 temptationum
1781 2778 2023 2842 incerta
2078 2781 2389 2856 uersatur,
2437 2783 2513 2843 ut
2555 2780 2657 2863 pie

357 2886 686 2953 credendo.
719 2885 890 2968 quod
930 2884 1208 2950 nondum
1245 2884 1582 2967 intellegit,
1616 2884 1811 2948 etiam
1845 2884 2319 2968 intellegentiae
2356 2886 2657 2950 meritum

355 2995 799 3074 consequatur.
867 2994 1176 3073 quantum
1235 2991 1400 3055 enim
1457 2992 1653 3066 ualet,
1710 2991 1884 3072 quod
1928 2991 2115 3055 modo
2166 2994 2659 3056 commemoraui

355 3119 496 3165 esse
555 3097 902 3181 scriptum:
962 3098 1400 3181 concupisti
1457 3097 1939 3180 sapientiam,
2012 3116 2233 3162 serua
2287 3099 2655 3166 mandata.

269 3213 427 3270 ²⁵et
493 3206 841 3272 dominus
908 3206 1222 3289 praebet
1286 3206 1498 3269 illam
1563 3205 1741 3283 tibi,
1797 3207 2051 3270 tantum
2110 3215 2175 3269 et
2226 3205 2389 3270 illud
2444 3207 2655 3270 ualere

355 3313 657 3379 arbitror:
725 3312 877 3378 nisi
935 3311 1456 3388 credideritis,
1518 3331 1659 3377 non
1716 3311 2231 3396 intellegetis,
2281 3315 2357 3375 ut
2407 3313 2659 3378 iustitia

355 3420 433 3484 ad
469 3420 682 3497 fidem,
711 3419 791 3483 ad
820 3419 1194 3502 sapientiam
1230 3436 1383 3483 uero
1419 3418 1859 3503 intellegentia
1894 3419 2205 3502 pertinere
2242 3422 2653 3487 monstretur.

529 3676 564 3729 8
623 3674 689 3728 cf.
745 3673 943 3728 Matth.
1002 3673 1052 3736 5.
1109 3673 1142 3726 3
1191 3691 1307 3743 sqq.
1491 3673 1559 3726 13
1610 3672 1743 3728 Gen.
1792 3673 1879 3735 29,
1925 3673 1996 3725 26
2184 3673 2248 3726 18
2294 3672 2438 3726 Eccl.
2490 3673 2534 3734 1,
2586 3673 2653 3725 33

353 3764 421 3816 26
458 3763 548 3819 Es.
589 3764 638 3824 7,
678 3763 711 3815 9

420 3912 452 3964 2
491 3911 856 3966 delectacione
901 3910 948 3964 C
1088 3911 1121 3964 3
1159 3914 1344 3964 noctes
1385 3915 1432 3980 (s
1467 3925 1510 3964 8.
1551 3911 1609 3979 Ζ.)
1652 3911 1706 3964 Cr'
1740 3915 1955 3964 noctem
1992 3910 2096 3963 Mb
2242 3911 2514 3965 adheserit
2550 3910 2658 3964 LO

350 3999 382 4052 5
421 4004 604 4054 amata
639 4000 670 4054 b
852 4000 885 4053 6
933 4003 1198 4070 semptem
1242 3999 1291 4054 0
1428 4000 1695 4070 preceptis
1740 4001 1787 4055 C
1928 4001 2043 4072 eius
2084 4000 2130 4055 S
2173 4001 2271 4066 eis'l
2320 4004 2405 4066 (us
2452 4006 2544 4065 er.)
2586 4002 2660 4054 M

349 4091 378 4142 7
417 4088 534 4159 pro]
572 4092 794 4160 propter
829 4088 874 4142 C
1016 4088 1090 4142 sis
1120 4088 1151 4142 b
1261 4089 1294 4142 8
1323 4075 1595 4144 iusticiam
1632 4089 1680 4143 G
1788 4091 1847 4144 11
1892 4090 2110 4144 delitias
2138 4089 2238 4143 SG
2349 4091 2417 4142 12
2452 4091 2592 4145 ‘'cv-tra
2611 4089 2659 4144 S

349 4177 416 4231 13
447 4178 546 4234 alt.
576 4181 660 4232 est
685 4194 728 4232 a.
760 4179 795 4234 Ζ.
831 4195 902 4235 m.
941 4181 981 4232 2
1006 4176 1061 4231 L
1133 4177 1202 4231 14
1237 4176 1499 4231 absurdae
1537 4176 1693 4232 LSG
1768 4179 1833 4232 17
1874 4179 2355 4248 quam—sunt·(in
2382 4177 2665 4248 maram:

343 4282 447 4320 rec.
487 4267 690 4334 adeor.)
727 4267 775 4321 Ο
953 4267 1020 4321 18
1061 4265 1328 4336 sapientia
1365 4267 1418 4320 L
1597 4265 1669 4320 20
1701 4267 1976 4321 iusticiam
2015 4267 2138 4338 (bis)
2185 4266 2277 4321 CS
2459 4269 2529 4321 24
2565 4285 2655 4322 sa-

345 4355 554 4424 pientia
587 4357 640 4410 L
749 4355 818 4410 25
855 4354 1046 4426 prebet
1088 4355 1137 4410 0
1237 4355 1306 4408 26
1343 4355 1667 4424 intellegitis
1694 4354 1849 4410 LSG
1990 4355 2211 4410 iusticia
2252 4355 2299 4408 C
