3159 4984
1035 472 1138 525 ΙΙΙ.
1179 470 1428 527 Contra
1465 470 1909 524 Fortunatam
1947 468 2347 539 disputatio.
2688 467 2813 529 109

507 663 726 727 anima
790 666 902 727 aut
966 680 1157 744 quare
1223 662 1490 727 eandem
1545 662 1702 727 deus
1759 661 1907 727 hinc
1964 662 2141 744 cupit
2194 660 2479 734 liberare,
2539 678 2699 742 quae
2752 658 2817 721 in

507 769 726 833 medio
771 770 1083 835 malorum
1130 768 1316 833 uiuit.

609 877 715 941 26.
763 875 938 945 ΑΓΘ.
980 875 1172 940 dixit:
1223 877 1404 940 Hanc
1453 894 1713 940 causam
1762 876 1873 941 abs
1920 880 1986 940 te
2025 894 2277 958 quaere.
2318 874 2381 938 id
2420 877 2555 939 est:
2606 874 2663 939 si
2699 874 2815 939 deo

511 982 732 1047 noceri
777 1000 904 1047 non
950 985 1216 1066 poterat,
1267 1002 1458 1065 quare
1505 983 1631 1047 huc
1678 1002 1793 1048 nos
1838 982 2067 1049 misit?

385 1118 430 1157 s
609 1088 823 1157 FORT.
871 1088 1063 1153 dixit:
1133 1087 1470 1167 Quaeritur
1513 1108 1550 1153 a
1596 1089 1801 1161 nobis,
1850 1089 1904 1155 si
1952 1088 2069 1154 deo
2116 1089 2357 1154 malum
2414 1108 2639 1155 nocere
2694 1108 2815 1153 non

511 1195 744 1278 possit,
811 1214 926 1260 cur
990 1196 1116 1259 huc
1173 1194 1382 1259 anima
1433 1196 1635 1261 missa
1686 1196 1897 1271 fuerit,
1956 1200 2069 1261 aut
2123 1216 2249 1279 qua
2292 1197 2536 1261 ratione
2580 1195 2817 1259 mundo

511 1302 826 1385 permixta
871 1302 976 1367 sit.
1027 1302 1196 1384 quod
1241 1302 1306 1367 in
1357 1321 1429 1367 eo
1475 1303 1885 1368 manifestum
1934 1306 2053 1374 est.
2102 1303 2269 1385 quod
2316 1303 2407 1367 ait
2450 1302 2816 1386 apostolus:

515 1408 884 1491 numquid
933 1408 1129 1473 dicit
1173 1408 1625 1492 figmentum
1674 1410 1759 1477 ei.
1809 1409 1935 1492 qui
1974 1429 2051 1474 se
2091 1408 2345 1473 finxit:
2396 1428 2529 1474 cur
2563 1428 2673 1473 me
2710 1408 2819 1471 ita

513 1515 1020 1580 formaueris‘?
1088 1517 1142 1581 si
1209 1535 1360 1600 ergo
1419 1516 1737 1583 causanda
1792 1519 1893 1580 est
1946 1516 2102 1581 haec
2156 1534 2279 1593 res,
2334 1515 2817 1598 interrogandus

397 1650 472 1687 ιο
517 1624 644 1692 est,
685 1622 790 1703 qui
831 1623 1103 1688 animam
1152 1624 1379 1689 direxit
1421 1624 1599 1689 nulla
1634 1626 1901 1708 cogente
1940 1642 2009 1688 se
2046 1623 2461 1697 necessitate:
2511 1622 2567 1687 si
2604 1626 2817 1687 autem

515 1730 872 1794 necessitas
937 1730 1148 1795 fuerat
1211 1732 1506 1796 mittendi
1570 1730 1867 1805 animam,
1930 1730 2159 1795 merito
2226 1733 2326 1795 est
2390 1733 2455 1794 et
2516 1728 2818 1794 uoluntas

515 1835 834 1900 liberandi
881 1854 1040 1903 eam.

615 1943 722 2006 27.
771 1943 945 2012 AUG.
994 1942 1185 2008 dixit:
1235 1944 1556 2009 Ptemitur
1602 1964 1750 2028 ergo
1798 1943 1957 2010 deus
2003 1944 2433 2009 necessitate?

615 2047 827 2117 FORT.
878 2048 1070 2114 dixit:
1137 2051 1273 2115 Iam
1326 2050 1449 2116 hoc
1505 2054 1643 2115 est:
1709 2051 1841 2117 noli
1896 2050 1975 2114 ad
2029 2050 2335 2116 inuidiam
2402 2050 2668 2116 excitare
2730 2049 2815 2127 id,

407 2182 474 2221 ιε
521 2156 698 2237 quod
743 2154 988 2221 dictum
1035 2158 1154 2233 est,
1195 2156 1364 2238 quod
1401 2176 1524 2223 non
1571 2157 1939 2223 necessitati
1986 2157 2255 2223 facimus
2303 2158 2631 2222 subditum
2678 2176 2819 2223 esse

521 2262 739 2339 deum,
787 2263 900 2328 sed
945 2262 1302 2329 uoluntarie
1347 2264 1603 2329 misisse
1649 2265 1942 2329 animam.

619 2370 723 2434 28.
771 2371 946 2440 Ace.
985 2370 1176 2434 dixit:
1217 2370 1457 2445 Recita,
1497 2369 1668 2453 quod
1706 2390 1897 2454 supra
1933 2371 2177 2437 dictum
2205 2376 2324 2437 est.
2362 2370 2459 2457 (et
2480 2372 2817 2437 recitatum

523 2478 667 2539 est:
718 2476 782 2540 si
834 2479 1082 2541 autem
1129 2478 1556 2543 necessitas
1595 2478 1747 2543 fuit
1785 2478 2137 2544 mittendi
2176 2480 2512 2554 animam,
2552 2479 2819 2543 merito

525 2586 650 2645 est
697 2586 769 2646 et
814 2583 1176 2649 uoluntas
1221 2584 1601 2649 liberandi
1650 2585 1855 2669 eam).

407 2716 482 2755 zu
615 2687 787 2757 AUG.
835 2688 1028 2755 dixit:
1092 2689 1476 2755 Audiuimus
1544 2688 1633 2777 [si
1678 2694 1927 2757 autem
1982 2692 2409 2759 necessitas
2464 2692 2615 2757 fuit
2658 2693 2821 2758 mit-

523 2794 738 2859 tendi
787 2796 1127 2866 animam.
1174 2798 1448 2863 merito
1497 2802 1617 2865 est
1672 2802 1745 2863 et
1796 2800 2159 2865 uoluntas
2207 2800 2581 2867 liberandi
2620 2798 2821 2888 eam}

619 2902 714 2966 Tu
783 2922 930 2987 ergo
998 2904 1210 2969 dixisti
1274 2904 1474 2971 fuisse
1523 2906 1969 2971 necessitatem
2015 2906 2315 2972 mittendi
2368 2906 2664 2973 animam.
2712 2908 2825 2972 sed

525 3008 588 3075 si
647 3008 836 3075 modo
903 3010 1304 3075 uoluntatem
1365 3011 1470 3077 uis
1535 3010 1762 3087 dicere,
1842 3016 1909 3077 et
1977 3013 2099 3078 hoc
2164 3012 2365 3080 addo:
2443 3014 2543 3079 cui
2612 3015 2823 3081 noceri

521 3114 688 3179 nihil
741 3118 1009 3199 poterat.
1079 3116 1355 3182 crudelis
1415 3119 1718 3183 uoluntas
1782 3120 1990 3185 fuerat
2052 3119 2348 3185 mittendi
2412 3121 2687 3185 animam
2744 3122 2821 3187 ad

409 3246 480 3286 ιε
526 3223 742 3285 tantas
817 3220 1124 3287 miserias,
1193 3221 1363 3304 quod
1425 3223 1754 3289 refellendi
1820 3243 2012 3289 causa
2076 3224 2225 3307 quia
2276 3226 2520 3307 loquor,
2568 3226 2823 3291 ueniam

708 3410 742 3465 8
781 3411 932 3464 Rom.
971 3412 1022 3470 9,
1061 3410 1130 3465 20

606 3599 631 3650 1
673 3595 728 3649 in
767 3610 870 3649 om.
900 3594 1011 3647 BP
1081 3597 1116 3649 4
1145 3596 1248 3661 hec
1279 3595 1336 3648 Β
1407 3598 1440 3649 5
1469 3613 1578 3650 non
1616 3613 1720 3651 om.
1750 3600 1821 3663 A,
1840 3614 1884 3651 s.
1909 3599 1944 3652 l.
1966 3598 2019 3653 Β
2094 3600 2127 3653 6
2156 3602 2269 3669 cur}
2299 3616 2438 3670 quur
2462 3601 2518 3655 Β
2547 3619 2711 3672 quare
2740 3602 2825 3657 Pb

523 3686 564 3739 8
603 3700 742 3755 quur
775 3684 832 3738 Β
924 3685 958 3739 9
996 3700 1080 3739 res
1115 3684 1218 3754 hec
1255 3685 1288 3738 b
1433 3686 1877 3757 interrogandum
1914 3688 2013 3740 ΕΡ
2104 3688 2169 3741 10
2208 3688 2323 3759 qui]
2360 3706 2455 3743 cur
2488 3691 2544 3743 A
2638 3691 2700 3744 11
2740 3690 2824 3744 fu-

527 3775 636 3829 erit
671 3774 727 3827 P
759 3774 867 3827 fuit
903 3772 976 3827 Sb
1053 3776 1119 3828 14
1158 3775 1360 3829 exitere
1388 3776 1443 3829 A
1520 3778 1588 3830 15
1615 3794 1723 3831 non
1753 3794 1856 3832 om.
1884 3778 2052 3844 ASP‚
2080 3795 2124 3833 s.
2156 3779 2191 3833 l.
2220 3778 2276 3831 Β
2418 3780 2741 3833 necessitate
2770 3781 2824 3833 A

525 3862 846 3916 necessitati
879 3861 918 3929 (i
946 3877 1083 3916 corr.
1112 3878 1178 3915 ex
1207 3866 1256 3931 e)
1286 3861 1343 3915 Β
1455 3864 1521 3916 16
1551 3863 1836 3919 uoluntate
1855 3866 1910 3919 A
1939 3866 2278 3922 uoluntariae
2308 3866 2363 3919 Β
2505 3868 2741 3922 mississe
2771 3868 2826 3922 Β

533 3951 602 4005 17
659 3948 864 4003 dictum
922 3948 1504 4019 est.fert'dii.(di1
1541 3967 1645 4006 om.
1685 3952 1737 4021 b)
1770 3952 2057 4009 recitatum
2097 3957 2181 4008 est
2219 3954 2295 4009 Sb
2410 3954 2473 4007 18
2511 3958 2595 4007 est
2632 3970 2734 4009 om.
2771 3956 2826 4009 A

529 4066 602 4119 19
633 4082 750 4120 eam
780 4080 882 4119 om.
902 4064 1058 4118 ASP
1162 4064 1234 4121 20
1261 4068 1583 4147 augustinus
1613 4064 1774 4121 dixB
1900 4067 2037 4123 dixit
2064 4086 2168 4124 om.
2198 4068 2230 4122 l
2357 4069 2597 4123 si—-eam
2623 4068 2827 4123 inclusi

529 4199 852 4269 necessitas]
906 4214 1124 4253 necesse
1161 4198 1217 4253 P
1360 4200 1526 4257 fuerit
1568 4201 1625 4254 P
1670 4156 1836 4257 1²:1th
1879 4202 1936 4255 B
1979 4201 2161 4257 fuerat
2204 4202 2259 4255 A
2403 4201 2469 4255 21
2528 4201 2733 4255 animas
2770 4201 2825 4254 A

529 4312 605 4367 22
663 4320 792 4367 ante
845 4313 925 4369 Tu
985 4312 1116 4367 add.
1163 4302 1283 4386 ’du—g
1336 4314 1426 4370 dii
1481 4317 1538 4370 Β
1690 4319 1839 4391 ergo]
1898 4321 2079 4372 autem
2136 4319 2169 4371 b
2313 4316 2383 4371 23
2436 4272 2716 4385 hocs⁶hoc
2770 4315 2827 4368 Β

535 4400 702 4471 addo]
731 4402 892 4457 audio
921 4402 1075 4457 ASP
1099 4402 1265 4478 addio
1286 4404 1342 4457 Β
1434 4406 1503 4459 24
1533 4406 1701 4460 suits
1826 4406 2105 4461 animssA
2196 4407 2267 4461 25
2295 4406 2414 4461 dice
2444 4406 2535 4460 uel
2562 4406 2825 4475 loquorA
