3159 4984
503 407 630 469 702
1198 407 1251 457 S.
1309 407 1582 458 Aureli
1639 406 2078 474 Augustini
2537 454 2568 482 9

502 600 934 683 pietatemque
981 602 1353 665 referantur.
1420 620 1494 664 ac
1548 620 1664 684 per
1715 602 1837 666 hoc
1894 603 2087 666 etiam
2147 602 2203 667 si
2247 604 2642 670 Manichaeis
2695 606 2793 670 uel

508 707 866 790 quibusque
916 708 1057 773 aliis
1106 707 1182 772 de
1230 708 1331 773 his
1378 709 1604 792 figuris
1639 728 1849 773 rerum
1889 715 2212 794 gestarum
2252 715 2469 776 noster
2507 711 2800 796 displicet

503 815 875 880 intellectus
932 815 1039 880 uel
1093 815 1254 880 ratio
1312 817 1419 880 uel
1475 815 1712 899 opinio,
1767 817 1932 882 illud
1988 817 2286 896 sufficiat,
2353 818 2525 900 quod
2589 824 2796 901 patres

512 921 733 998 nostri,
784 922 1017 1004 quibus
1066 922 1224 986 deus
1272 922 1565 1004 perhibet
1608 923 1810 988 bonae
1859 923 2030 988 uitae
2077 927 2268 1007 atque
2324 925 2388 988 in
2447 926 2582 990 suis
2629 945 2796 1009 prae·

510 1028 715 1111 ceptis
764 1029 1202 1094 oboedientiae
1248 1029 1714 1108 testimonium,
1758 1049 1830 1093 ea
1864 1031 2157 1095 ueritatis
2205 1031 2426 1116 regula
2461 1032 2798 1097 defendun-
2851 1053 2874 1093 ο

506 1137 649 1212 tur,
718 1153 892 1218 quae
944 1135 1070 1200 nisi
1128 1135 1345 1219 prauis
1413 1140 1478 1201 et
1544 1137 1832 1202 distortis
1908 1137 2205 1202 cordibus
2281 1137 2618 1222 displicere
2681 1158 2798 1204 non

503 1226 748 1325 possit,
818 1246 882 1305 et
948 1241 1119 1324 quod
1186 1261 1261 1307 ea
1324 1243 1658 1326 scriptura,
1727 1244 1831 1308 cui
1893 1245 2280 1327 peruersitas
2345 1245 2574 1310 erroris
2631 1245 2796 1311 illius

503 1349 765 1412 inimica
813 1351 932 1427 est,
982 1349 1047 1412 in
1098 1350 1494 1431 quibuslibet
1536 1351 1870 1415 hominum
1916 1351 2128 1430 factm,
2177 1370 2338 1434 quae
2377 1353 2487 1416 uel
2519 1351 2802 1416 laudauit

503 1457 615 1520 uel
662 1456 875 1540 arguit
919 1457 1027 1521 uel
1073 1459 1323 1521 tantum
1371 1460 1622 1521 narrata
1669 1457 1853 1522 nobis
1901 1457 2240 1522 iudicanda
2275 1458 2630 1541 proposuit.
2667 1459 2800 1543 ipsa

510 1563 919 1646 inculpabilis
964 1563 1476 1647 uenerabilisque
1522 1564 1830 1647 persistit.
2833 1587 2878 1626 ιο

596 1671 701 1734 96.
771 1667 939 1747 Quid
994 1689 1149 1734 uero
1207 1670 1434 1735 utilius
1492 1674 1686 1753 atque
1744 1673 2064 1738 salubrius
2121 1673 2222 1756 pie
2277 1673 2643 1757 legentibus
2699 1675 2800 1738 uel

507 1777 915 1842 audientibus
980 1777 1129 1841 illas
1196 1795 1407 1842 sacras
1470 1777 1720 1842 litteras
1788 1779 2037 1844 consuli
2102 1799 2174 1845 ac
2238 1780 2520 1863 prospici
2573 1781 2797 1864 potuit,

508 1903 699 1966 quam
747 1886 823 1946 ut
867 1903 991 1948 non
1043 1885 1253 1948 solum
1298 1884 1363 1948 in
1413 1885 1505 1949 eis
1553 1886 1910 1950 laudabiles
1956 1886 2249 1951 homines
2297 1887 2377 1951 ad
2421 1887 2800 1951 imitandum

508 1993 573 2055 et
617 1990 1148 2074 reprehensibiles
1206 1992 1285 2056 ad
1342 1992 1698 2057 cauendum
1755 1997 2274 2077 proponerentur,
2329 2013 2556 2059 uerum
2613 1995 2800 2058 etiam

508 2098 819 2180 quaedam
865 2099 1177 2164 bonorum
1227 2098 1684 2164 declinationes
1734 2103 1799 2164 et
1842 2101 2064 2184 lapsus
2102 2101 2166 2164 in
2205 2101 2448 2166 malum
2487 2102 2625 2167 siue
2663 2100 2802 2166 inde
2837 2119 2878 2156 1⁵

509 2205 681 2269 idem
740 2204 949 2269 denuo
1010 2207 1275 2270 correcti
1327 2206 1391 2268 in
1447 2206 1624 2270 uiam
1679 2207 1941 2270 redeant
1987 2208 2124 2273 siue
2170 2208 2633 2274 inreuocabiles
2679 2228 2804 2272 ma-

510 2315 739 2388 neant,
800 2315 865 2376 et
909 2331 1130 2376 rursus
1178 2313 1487 2394 quaedam
1532 2314 1848 2379 malorum
1893 2315 2284 2380 mutationes
2341 2318 2406 2380 et
2459 2320 2804 2399 prouentus

507 2419 573 2484 in
622 2419 860 2484 bonum
908 2418 1046 2484 siue
1092 2420 1560 2504 perseueraturi
1608 2420 1748 2486 siue
1783 2421 1849 2484 in
1885 2421 2155 2504 pristina
2187 2423 2422 2487 iterum
2460 2423 2804 2506 relapsuri:

509 2529 585 2591 ut-
640 2546 847 2609 neque
893 2527 1051 2592 iusti
1095 2528 1161 2592 in
1210 2529 1575 2612 superbiam
1626 2529 1970 2594 securitate
2017 2530 2402 2595 extollantur
2445 2549 2562 2595 nec
2607 2529 2808 2613 iniqui

512 2636 732 2700 contra
777 2634 1161 2700 medicinam
1210 2635 1653 2717 desperatione
1703 2635 2148 2700 obdurentur?
2206 2640 2273 2700 at
2315 2636 2448 2704 illa,
2498 2655 2658 2719 quae
2707 2655 2807 2701 ne·
2836 2657 2883 2696 20

508 2761 631 2823 que
680 2740 760 2805 ad
806 2741 1191 2807 imitandum
1245 2761 1448 2824 neque
1506 2742 1589 2807 ad
1645 2743 2001 2807 cauendum
2061 2743 2230 2808 facta
2284 2743 2618 2810 hominum
2673 2763 2808 2826 per-

511 2850 719 2916 tinent
764 2853 829 2914 et
872 2853 1087 2914 tamen
1134 2850 1200 2913 in
1249 2852 1471 2914 sancta
1518 2849 1837 2932 scriptura
1879 2849 2299 2933 reperiuntur,
2348 2853 2460 2914 aut
2507 2850 2585 2914 ad
2631 2850 2804 2914 illam

514 2959 923 3022 conexionem
959 2957 1172 3041 posita
1209 2959 1378 3034 sunt,
1410 2956 1643 3040 quibus
1683 2957 2125 3021 occasionibus
2165 2957 2243 3021 ad
2279 2977 2380 3022 res
2417 2956 2808 3022 necessarias

510 3064 827 3144 ueniatur,
878 3067 991 3128 aut
1037 3084 1111 3130 eo
1158 3065 1322 3148 ipSO‚
1372 3084 1496 3146 quo
1547 3064 1850 3129 uidentur
1896 3063 2232 3147 superflua,
2273 3065 2430 3130 satis
2467 3065 2812 3129 admonent

514 3170 579 3234 in
630 3170 721 3234 eis
770 3170 989 3252 quaeri
1038 3173 1326 3255 oportere
1372 3171 1685 3254 mysticae
1733 3170 2007 3236 alicuius
2055 3171 2538 3256 significationis
2595 3189 2812 3236 oracu-
2839 3193 2890 3231 ει,

512 3277 671 3340 lum.
720 3296 924 3360 neque
974 3278 1143 3341 enim
1191 3278 1267 3342 de
1313 3278 1416 3342 his
1464 3278 1646 3343 libris
1692 3278 2039 3360 loquimur,
2086 3277 2152 3342 in
2201 3279 2433 3362 quibus
2480 3278 2662 3342 nulla
2705 3279 2812 3342 uel

512 3402 717 3467 pauca
752 3403 825 3450 ac
862 3405 985 3450 non
1026 3386 1233 3450 multa
1268 3386 1670 3470 apertissima
1703 3387 2076 3469 prophetico
2115 3385 2342 3469 spiritu
2369 3385 2810 3468 praenuntiata

515 3491 644 3554 iam
692 3509 946 3572 quoque
992 3491 1152 3574 ipsis
1199 3493 1391 3557 rebus
1436 3491 1697 3575 inpletis
1747 3493 2192 3557 auctoritatem
2238 3491 2520 3555 diuinam
2577 3490 2812 3556 fidelis-

514 3597 677 3662 sima
724 3600 787 3660 et
832 3597 1339 3679 praeclarissima
1384 3599 1675 3664 ueritatis
1712 3600 1858 3664 luce
1895 3601 2234 3675 testantur,
2280 3601 2356 3662 ut
2411 3597 2666 3664 omnino
2707 3598 2811 3662 de-

586 3859 611 3912 1
654 3859 951 3913 manicheis
996 3859 1232 3916 LCSG
1356 3862 1392 3914 4
1429 3863 1643 3914 nostros
1681 3860 2108 3916 PCSGMDb
2171 3847 2266 3916 n-rs
2293 3861 2332 3920 (1
2371 3878 2410 3915 α
2445 3877 2514 3916 m.
2553 3861 2586 3914 2
2625 3877 2652 3916 s
2689 3879 2810 3931 ap.

511 3963 569 4000 os
624 3951 911 4015 supet-ser.)
968 3948 1022 4003 L
1253 3950 1393 4004 bone
1450 3948 1549 4004 SG
1729 3951 1998 4020 preceptis
2059 3951 2106 4004 C
2289 3951 2324 4005 5
2361 3949 2706 4022 obedientiae
2769 3951 2814 4004 G

512 4037 587 4140 ‘¹14
624 4035 1015 4110 rephensibiles
1053 4038 1107 4092 L
1289 4039 1355 4094 15
1390 4037 1576 4109 lapsus
1615 4039 1662 4110 (s
1699 4041 1798 4108 fin.
1836 4055 1880 4095 ε.
1919 4041 1956 4094 Ζ.
1996 4039 2127 4097 add.
2165 4055 2235 4095 m.
2276 4039 2330 4109 2)
2367 4038 2421 4093 L
2456 4039 2670 4109 lapsum
2707 4039 2812 4094 Mb

510 4119 751 4224 ifstidem
788 4151 863 4205 M
894 4151 951 4206 id
990 4160 1017 4208 e
1056 4153 1088 4207 b
1235 4154 1301 4209 17
1340 4155 1628 4226 prouectus
1672 4154 1721 4209 0
1859 4154 1927 4207 22
1964 4155 2344 4225 repperiuntur
2367 4153 2447 4207 L2
2591 4155 2661 4208 24
2699 4171 2811 4208 am-

510 4244 733 4295 monent
786 4241 1013 4297 LSMG
1191 4244 1261 4298 25
1318 4244 1470 4314 queri
1531 4241 1576 4296 Ο
1718 4243 1946 4315 mystice
2001 4243 2056 4296 L
2233 4243 2303 4298 28
2361 4243 2708 4298 1111014138111111
2761 4243 2816 4296 L

508 4329 578 4382 29
613 4329 733 4382 luce
780 4329 825 4381 C
