3159 4984
467 440 598 503 418
1180 436 1233 488 S.
1290 434 1569 489 Aureli
1625 435 2062 504 Augustini

464 632 531 695 et
593 631 937 712 unicuique
1003 630 1172 712 quod
1238 633 1338 695 est
1400 634 1741 694 ueneratus
1807 632 1952 693 ante
2019 629 2348 713 cognitum
2415 629 2761 695 Christum.

462 742 609 804 nam
676 738 735 803 si
796 739 947 820 post
1007 737 1343 803 idolatriae
1410 736 1686 803 diuortia
1739 736 2180 802 Hebraeorum
2245 737 2390 819 quis
2447 736 2638 801 deum
2697 740 2764 802 et

464 845 791 912 Christum
854 845 1093 927 pariter
1158 846 1347 923 colat,
1414 844 1575 908 nihil
1636 843 1749 908 ille
1806 844 2066 926 quidem
2123 844 2342 909 detriti
2405 844 2666 927 pudoris
2727 864 2765 907 a

460 952 699 1018 femina
764 952 1173 1035 discrepauit‚
1233 970 1394 1033 quae
1450 954 1604 1035 post
1656 951 1849 1016 unius
1913 952 2129 1015 mariti
2195 950 2443 1016 obitum
2509 951 2762 1016 duobus

460 1059 769 1143 nupserit.
1576 1070 1579 1073 ’
2834 1078 2866 1116 5

552 1170 612 1232 2.
662 1168 1133 1239 AUGUSTI->ms
1170 1166 1534 1250 respondit:
1582 1166 1822 1230 Audite
1859 1166 2038 1242 haec,
2081 1182 2350 1247 quorum
2388 1163 2578 1230 corda
2617 1184 2762 1248 pos—

460 1275 633 1340 sidet
670 1275 992 1352 ChristuS‚
1044 1277 1109 1338 et
1154 1274 1392 1351 uidete,
1434 1274 1488 1339 si
1524 1273 1838 1351 toleratis,
1879 1272 2003 1337 nisi
2043 1272 2192 1354 quia
2227 1272 2364 1355 ipse
2405 1274 2506 1337 est
2541 1274 2762 1336 uestra

458 1383 786 1464 patientia.
854 1382 1135 1447 Faustus
1194 1401 1363 1448 nouo
1422 1382 1614 1445 melle
1675 1381 1904 1463 plenus
1959 1380 2206 1462 respuit
2261 1384 2514 1444 acetum
2569 1382 2762 1443 uetus

461 1492 527 1553 et
570 1489 815 1579 Paulus
864 1492 1043 1555 aceto
1090 1492 1309 1554 uetere
1355 1489 1583 1571 plenus
1633 1486 1857 1552 effudit
1904 1486 2263 1564 dimidium,
2320 1506 2445 1568 quo
2507 1490 2763 1568 caperet

458 1596 745 1661 infusum
809 1597 938 1661 mel
1002 1615 1273 1673 nouum,
1342 1615 1465 1661 non
1533 1594 1949 1671 seruandum,
2026 1593 2139 1658 sed
2206 1593 2756 1676 corrumpendum.
2807 1610 2866 1649 ιο

457 1702 643 1768 uides
710 1704 907 1780 enim,
975 1702 1145 1784 quod
1210 1703 1301 1766 ait
1364 1703 1696 1786 apostolus
1762 1703 2048 1767 Paulus:
2126 1721 2398 1767 seruus
2468 1700 2756 1766 Christi

458 1802 1057 1885 Iesu‚'uoeatus
1115 1810 1554 1892 apostolu8‚
1625 1812 2076 1893 segregatus
2142 1810 2214 1873 in
2275 1808 2761 1892 euangelium

461 1915 601 1992 dei,
662 1935 733 1981 ex
788 1916 980 1980 melle
1038 1935 1207 1982 nouo
1267 1919 1402 1993 est3
1458 1916 1624 1981 illud
1681 1920 1895 1981 autem
1954 1917 2123 1997 quod
2181 1916 2507 1998 sequitur:
2567 1914 2762 1996 quod

460 2025 633 2087 ante
710 2024 1179 2104 promiserat
1250 2042 1381 2105 per
1454 2023 1867 2106 prophetas
1943 2042 2122 2089 suos
2198 2024 2270 2087 in
2349 2021 2761 2105 scripturis

460 2130 754 2194 sanctis
804 2129 889 2193 de
928 2129 1101 2194 filio
1144 2149 1303 2206 su0‚
1344 2131 1471 2212 qui
1508 2132 1764 2196 factus
1805 2134 1922 2196 est
1959 2133 2028 2196 ei
2068 2151 2147 2197 ex
2188 2130 2475 2196 semine
2512 2129 2761 2194 Dauid
2807 2146 2868 2185 15

460 2235 876 2301 secundum
944 2254 1263 2312 carnem,
1334 2256 1403 2300 ex
1470 2240 1650 2303 aceto
1718 2243 1955 2302 uetere.
2023 2237 2166 2319 quis
2231 2236 2354 2303 hoc
2421 2236 2766 2300 sustineret

462 2340 702 2418 audire,
754 2342 877 2406 nisi
924 2361 1041 2407 nos
1091 2344 1528 2409 consolaretur
1570 2344 1742 2408 idem
1791 2344 2046 2409 dicens:
2116 2346 2418 2427 oportet
2473 2348 2547 2425 et
2600 2344 2763 2409 hae-

462 2466 672 2512 reses
740 2468 939 2527 esse‚
999 2452 1083 2513 ut
1138 2451 1445 2533 probati
1500 2450 1895 2517 manifesti
1951 2451 2146 2515 fiant
2199 2450 2271 2515 in
2337 2451 2601 2517 uobis?
2651 2452 2764 2516 sed

462 2554 615 2636 quid
666 2574 827 2637 opus
878 2559 978 2621 est
1024 2556 1246 2621 eadem
1291 2558 1418 2622 iam
1469 2559 1764 2641 superius
1813 2558 1968 2623 satis
2019 2558 2189 2622 dicta
2234 2561 2570 2642 repetere?
2617 2578 2764 2623 nam

458 2679 739 2744 pannum
808 2682 1050 2727 nouum
1118 2667 1183 2727 et
1243 2665 1708 2729 uestimentum
1763 2667 1954 2730 uetus
2012 2669 2077 2730 et
2131 2666 2356 2729 uinum
2411 2684 2650 2731 nouum
2701 2669 2767 2729 et
2802 2681 2865 2719 πο

460 2772 637 2834 utres
683 2772 935 2835 ueteres
982 2790 1107 2836 non
1159 2771 1283 2861 duo
1331 2774 1718 2837 testamenta
1763 2772 2143 2856 significare,
2203 2773 2316 2837 sed
2372 2773 2532 2837 duas
2587 2772 2759 2837 uitas

461 2878 526 2939 et
563 2894 710 2958 spes
751 2876 929 2947 duas,
971 2877 1051 2940 ad
1088 2877 1212 2942 duo
1252 2897 1403 2943 uero
1442 2880 1833 2943 testamenta
1868 2878 2297 2962 intellegenda
2334 2879 2510 2943 illam
2550 2877 2764 2942 datam

462 3000 603 3046 esse
652 3000 688 3045 a
737 2982 991 3048 domino
1042 2983 1573 3049 similitudinem:
1632 3006 1717 3068 pr
1739 2989 2048 3069 opterea
2105 2987 2358 3052 scriba
2413 2986 2763 3051 eruditus

459 3088 533 3151 in
603 3108 837 3173 regno
908 3089 1028 3153 dei
1087 3090 1375 3155 similis
1436 3094 1552 3156 est
1607 3090 2151 3174 patrifamilias
2207 3093 2627 3176 proferenti
2676 3093 2764 3157 de

461 3196 823 3262 thesauro
874 3216 1007 3262 suo
1055 3214 1247 3262 noua
1296 3200 1368 3263 et
1411 3201 1696 3277 uetera,
1759 3218 1832 3263 ex
1877 3200 2000 3277 his,
2051 3202 2411 3282 quae·ante
2461 3200 2846 3277 diximus‚25

460 3302 844 3379 recordetur,
914 3305 1023 3385 qui
1087 3306 1386 3387 potuerit,
1454 3307 1562 3369 uel
1629 3310 1798 3371 certe
1862 3310 2208 3385 recenseat,
2286 3307 2397 3389 qui
2461 3307 2760 3373 uoluerit.

463 3409 621 3473 duas
688 3410 855 3473 enim
922 3430 1067 3493 spes
1135 3412 1191 3476 si
1257 3412 1399 3493 quis
1464 3413 1786 3478 habendas
1851 3415 2196 3497 putauerit,
2256 3418 2330 3478 ut
2385 3417 2451 3479 et
2504 3416 2766 3498 propter

461 3515 837 3580 felicitatem
884 3520 1199 3582 terrenam
1249 3521 1314 3582 et
1357 3523 1616 3602 propter
1659 3540 1928 3604 regnum
1977 3522 2297 3586 caelorum
2337 3520 2455 3585 deo
2497 3522 2760 3595 seruiat,

642 3734 704 3786 11
736 3734 889 3787 Rom.
926 3739 967 3799 1,
1000 3736 1030 3787 1
1060 3752 1177 3805 sqq.
1257 3736 1320 3787 17
1349 3736 1375 3789 1
1405 3735 1524 3790 eor.
1558 3737 1641 3801 11,
1674 3738 1741 3789 19
1818 3738 1884 3791 19
1911 3736 2006 3790 lib.
2037 3738 2175 3791 vm
2249 3736 2318 3790 23
2343 3703 2541 3791 matth.
2572 3738 2658 3802 13,
2687 3737 2761 3791 52

534 3856 567 3909 2
605 3856 841 3911 dibortia
877 3858 968 3909 Μι
1114 3858 1147 3910 3
1198 3857 1299 3911 ade
1346 3858 1463 3911 ‘criti
1502 3856 1604 3912 SG
1747 3861 1782 3912 4
1829 3858 2158 3930 discrepabit
2193 3862 2267 3916 L¹
2409 3930 2418 3937 ι
2487 3859 2648 3913 marit
2682 3860 2759 3913 L¹

462 3947 496 3999 5
524 3946 769 4001 nubserit
786 3946 863 3999 L¹
956 3946 989 3999 6
1023 3947 1157 4014 Gap.
1186 3946 1365 4001 XXXI
1384 3946 1662 4002 LSPMG·
1753 3949 1784 4001 7
1816 3956 1844 4003 e
1877 3952 1938 4015 (s.
1970 3950 2007 4004 l.
2035 3966 2104 4003 m.
2134 3950 2188 4017 2)
2212 3949 2265 4003 L
2356 3950 2389 4003 8
2409 3948 2682 4019 pacientia
2717 3950 2768 4003 0

465 4062 529 4115 11
598 4061 686 4115 dei
754 4062 941 4116 christi
996 4061 1028 4115 b
1175 4064 1241 4116 16
1297 4019 1481 4117 {unsre
1550 4020 1884 4172 (abstineret
1944 4065 1992 4120 o
2133 4066 2198 4119 17
2256 4064 2626 4120 consularem
2680 4061 2758 4116 υ

460 4176 676 4230 hereses
713 4176 822 4230 LC'
929 4174 996 4230 19
1024 4177 1159 4230 satis
1186 4194 1287 4232 om.
1319 4176 1419 4233 SG
1552 4165 1797 4251 repetere
1819 4136 1961 4236 {atis
1990 4180 2138 4236 dicta
2171 4180 2220 4235 0
2323 4180 2391 4234 24
2421 4179 2760 4235 dssaheasauro

464 4271 521 4335 (n
559 4268 652 4333 er.)
693 4266 767 4319 M
904 4266 973 4319 26
1020 4266 1328 4321 recordetur
1373 4268 1491 4337 (cor
1523 4270 1588 4323 in
1620 4272 1756 4337 ras.)
1797 4267 1851 4322 L
1982 4270 2072 4340 qui
2112 4270 2152 4337 (i
2190 4254 2344 4335 eae'o)
2384 4267 2438 4322 L
2547 4267 2618 4323 28
2654 4266 2758 4321 deo

462 4354 686 4423 seruiat]
724 4354 998 4409 deseruiat
1034 4353 1134 4409 SG
