3159 4984
467 387 550 452 56
1171 387 1222 439 S.
1281 387 1547 440 Aureli
1613 389 2056 457 Augustini

464 580 528 645 in
577 601 692 646 suo
743 601 968 666 genere
1019 582 1145 647 ista
1191 582 1506 647 laudanda
1555 583 1660 647 sit.
1723 583 2093 666 suggeritur
2139 583 2307 647 enim
2356 581 2565 648 animo
2611 581 2775 647 bene

465 707 533 752 se
600 689 716 754 deo
787 689 1128 754 subicienti
1190 691 1392 773 primo
1459 710 1585 757 non
1652 710 1855 766 omne,
1924 690 2093 772 quod
2159 690 2515 757 laudamus.
2578 689 2773 756 omni.

465 795 633 876 quod
681 797 1140 878 uituperamuS.
1181 815 1320 862 esse
1361 796 1889 881 anteponendum.
1940 815 2145 882 neque
2184 797 2351 860 enim
2392 795 2537 878 quia
2576 795 2771 862 laudo

461 902 988 985 purgatissimum
1034 904 1386 986 plumbum.
1431 905 1509 969 ob
1557 905 1679 969 hoc
1716 903 1876 968 illud
1916 901 2334 986 uituperando
2374 921 2525 967 auro
2563 902 2769 985 pluris

464 1008 749 1072 aestimo.
817 1009 880 1073 in
930 1029 1046 1074 suo
1096 1011 1262 1073 enim
1312 1029 1537 1094 genere
1587 1009 1864 1092 quidque
1914 1008 2439 1074 considerandum
2490 1011 2605 1072 est.
2674 1008 2767 1072 in·
2844 1027 2875 1066 s

461 1115 658 1198 probo
709 1116 1236 1182 iurisconsultum
1275 1119 1509 1182 multas
1549 1118 1725 1200 leges
1763 1117 2179 1200 ignorantem,
2220 1115 2333 1180 sed
2374 1133 2519 1180 eum
2558 1117 2773 1178 tamen

461 1221 910 1304 probatissimo
959 1225 1162 1288 sutori
1212 1225 1304 1289 sic
1353 1225 1656 1308 praefero,
1704 1227 1781 1286 ut
1827 1243 1905 1288 ne
1966 1220 2455 1306 comparandum
2516 1221 2773 1303 quidem

462 1331 704 1411 putem.
755 1333 821 1392 at
866 1331 1063 1395 istum
1101 1331 1312 1408 laudo,
1354 1330 1523 1412 quod
1563 1349 1717 1394 suae
1758 1330 1909 1394 artis
1947 1328 2375 1412 peritissimus
2416 1328 2536 1404 sit;
2586 1327 2769 1392 illum

466 1447 698 1501 autem.
732 1436 902 1518 quod
942 1455 1120 1501 suam
1161 1437 1621 1520 professionem
1658 1437 1870 1501 minus
1908 1435 2165 1519 inpleat,
2196 1436 2331 1498 iure
2361 1434 2765 1518 reprehendo.

465 1560 536 1605 ex
587 1562 710 1624 quo
759 1544 1030 1626 reperire
1079 1544 1372 1608 deberem
1420 1545 1627 1608 lucem
1679 1543 1891 1616 istam,
1943 1542 2111 1625 quod
2148 1542 2213 1605 in
2251 1559 2479 1625 genere
2518 1540 2771 1624 proprio
2822 1563 2879 1602 ιο

462 1649 740 1730 perfecta
807 1654 996 1716 esset.
1057 1651 1192 1716 iure
1250 1651 1532 1726 laudari;
1600 1655 1812 1715 tamen
1881 1650 2027 1732 quia
2094 1648 2493 1713 sensibilium
2557 1666 2771 1711 rerum

465 1772 724 1835 numero
792 1757 1160 1828 includitur,
1232 1757 1401 1839 quod
1467 1775 1669 1841 genus
1736 1755 2260 1838 intellegibilium
2316 1752 2530 1837 generi
2586 1752 2775 1817 cedat

466 1879 726 1926 necesse
778 1866 895 1934 est,
945 1863 1106 1927 infra
1151 1863 1423 1929 iniustas
1482 1868 1546 1928 et
1600 1865 2092 1946 intemperantes
2148 1861 2412 1938 animaS‚
2470 1859 2769 1943 quoniam

467 1971 614 2030 sunt
667 1969 1139 2052 intellegibiles.
1182 1990 1324 2036 esse
1364 1969 1811 2055 deputandam
1853 1969 2149 2051 quamuis
2185 1969 2343 2032 istas
2382 1986 2505 2031 non
2543 1965 2773 2030 iniuria

467 2072 868 2140 damnatione
918 2077 1328 2160 dignissimas
1376 2078 1754 2143 iudicemus.
1824 2076 2187 2158 quaerimus
2234 2093 2505 2155 namque
2552 2072 2615 2136 in
2662 2071 2766 2136 his
2816 2095 2875 2134 ιε»

465 2181 634 2261 quod
683 2184 1058 2248 concilietur
1106 2185 1243 2256 deo,
1293 2204 1418 2250 non
1467 2185 1635 2266 quod
1683 2185 1794 2248 isti
1850 2182 2085 2266 fulgori
2140 2183 2546 2265 praeferatur.
2613 2198 2763 2260 qua·

465 2291 721 2370 propter
787 2290 1076 2372 quisquis
1143 2291 1264 2355 hoc
1326 2292 1539 2355 lumen
1611 2311 1679 2354 ex
1748 2291 1863 2354 deo
1934 2308 2070 2353 esse
2139 2286 2563 2360 contenderet,
2636 2304 2762 2349 non

462 2413 897 2478 repugnarem.
939 2396 1051 2460 sed
1089 2397 1293 2481 magis
1343 2397 1583 2462 animas
1633 2396 1926 2468 dicerem‚
1977 2395 2243 2458 uitiosas
2282 2392 2495 2466 etiam,
2537 2411 2657 2455 non
2695 2391 2761 2454 in

463 2504 768 2580 quantum
837 2502 1128 2568 uitiosae.
1197 2503 1309 2568 sed
1365 2503 1428 2567 in
1489 2507 1800 2586 quantum
1860 2501 2106 2565 animae
2164 2503 2333 2572 sunt,
2393 2498 2579 2562 deum
2638 2496 2763 2560 sibi

461 2624 602 2670 esse
651 2611 994 2674 creatorem
1043 2611 1228 2674 fateri
1279 2615 1585 2694 oportere.
2792 2627 2863 2666 2⁰

557 2715 617 2777 6.
685 2715 826 2779 Hoc
874 2716 1014 2780 loco
1065 2716 1118 2780 si
1169 2716 1502 2798 quisquam
1561 2716 1815 2781 illorum
1878 2717 2104 2779 cautus
2172 2716 2237 2777 et
2299 2711 2573 2795 uigilans
2634 2709 2761 2772 iam

465 2819 657 2883 etiam
689 2821 1036 2888 studiosior
1064 2843 1251 2906 quam
1293 2823 1673 2906 pertinacior
1716 2843 1818 2887 me
1850 2821 2216 2886 admoneret
2246 2838 2368 2883 non
2404 2818 2477 2882 de
2507 2816 2764 2881 uitiosis

461 2926 709 2995 animis.
759 2929 872 2993 sed
922 2929 997 2995 de
1045 2930 1202 3013 ipsis
1249 2931 1425 2994 uitiis
1475 2949 1615 2994 esse
1664 2927 2090 3011 quaerendum
2130 2961 2217 2971 —
2256 2943 2415 3006 quae
2466 2922 2763 3006 quoniam

467 3051 658 3097 sensu
707 3036 984 3119 corporis
1033 3056 1156 3102 non
1207 3037 1757 3121 cognoscerentur,
1818 3038 1881 3098 et
1937 3036 2148 3098 tamen
2209 3032 2762 3114 cognoscerentur.

461 3157 584 3204 non
633 3140 755 3205 nisi
801 3142 1247 3228 intellegibilis
1293 3163 1479 3226 posse
1527 3143 1766 3225 accipi;
1818 3160 1977 3224 quae
2020 3141 2073 3203 si
2112 3137 2524 3203 sensibilibus
2563 3135 2762 3199 omni·
2800 3172 2869 3212 25

535 3298 558 3349 1
592 3254 1005 3382 reg-galilaufflili
1106 3291 1182 3356 sir
1211 3301 1334 3354 ΜΒ
1443 3305 1824 3372 suggereretur
1850 3299 1923 3351 M
1947 3299 2271 3366 suggeretur
2299 3293 2410 3346 AB
2486 3293 2518 3345 2
2550 3309 2604 3346 se
2636 3290 2761 3360 deo]

455 3431 552 3486 sed
583 3448 644 3486 eo
676 3433 751 3486 Sb
863 3434 895 3487 3
926 3451 1042 3489 esse
1075 3438 1142 3502 (s.
1175 3435 1238 3502 l.)
1269 3436 1322 3488 A
1469 3429 1849 3504 anteponenda
1880 3447 1995 3484 esse
2025 3429 2079 3482 A
2225 3426 2387 3482 laudo
2422 3425 2547 3492 (dan
2580 3441 2763 3494 paene

457 3551 556 3613 α’.)
586 3547 642 3599 Β
749 3550 784 3601 4
805 3548 1099 3652 plumbum
1129 3549 1570 3621 purgatissimum
1603 3549 1644 3601 S
1750 3549 1785 3600 5
1823 3545 1954 3615 quid
1983 3545 2037 3598 A
2066 3510 2213 3614 (ιιιιᾱ
2224 3542 2300 3595 M
2323 3540 2515 3612 quidq3
2542 3539 2597 3593 B
2627 3538 2760 3608 quid

458 3662 603 3732 quod
632 3663 675 3716 S
755 3663 787 3716 6
819 3681 883 3729 eu
913 3671 1028 3718 tam
1053 3665 1106 3717 A
1190 3666 1220 3719 7
1249 3681 1345 3718 nec
1375 3663 1505 3717 AM
1592 3663 1624 3716 8
1655 3665 1838 3732 potest
1869 3663 2031 3726 (corr.
2062 3675 2127 3712 ex
2153 3659 2361 3728 putem)
2393 3656 2447 3709 A
2594 3654 2662 3708 ad
2688 3653 2767 3706 M

481 3733 550 3766 inu
529 3743 591 3766 um

456 3778 622 3860 istum
651 3779 704 3831 A
851 3780 1010 3834 laudo
1053 3781 1179 3847 (dan
1201 3796 1381 3847 paene
1409 3781 1501 3844 er.)
1534 3777 1589 3830 B
1704 3777 1767 3831 10
1796 3775 2065 3846 repperire
2094 3773 2275 3826 MBA
2388 3771 2453 3824 13
2491 3770 2760 3839 intempe-

566 3870 627 3899 tn·

455 3915 638 3979 rantes
659 3913 712 3965 A
731 3912 1116 3982 intemperatus
1138 3913 1182 3965 S
1293 3913 1358 3965 14
1378 3910 1687 3964 noniniuria
1705 3909 1783 3961 Βι
1898 3909 1963 3962 15
1982 3906 2367 3976 dampnatione
2389 3905 2443 3956 A
2553 3903 2622 3955 22
2641 3905 2761 3955 stu-

458 4025 640 4081 diosor
657 4029 712 4082 A
732 4027 1026 4082 studiosior
1047 4027 1150 4094 (ior
1169 4043 1235 4080 ex
1251 4027 1336 4078 ius
1355 4042 1424 4078 m.
1447 4029 1486 4078 2
1505 4027 1669 4090 corr.)
1690 4024 1745 4077 B
1890 4021 2213 4125 pertinatior
2230 4020 2303 4072 M
2302 4018 2409 4071 BA
2556 4033 2759 4070 ammo·

457 4146 611 4196 neret
647 4143 758 4196 AB
901 4141 966 4196 de
1006 4159 1106 4196 om.
1137 4140 1270 4193 AB²
1363 4141 1431 4194 23
1462 4140 1669 4193 animas
1704 4140 1777 4192 132
1921 4138 2055 4208 ipsis
2069 4102 2237 4191 ¹uitiis
2276 4135 2355 4186 Β·2
2457 4133 2527 4186 24
2576 4135 2632 4184 et
2669 4147 2761 4184 co-

459 4237 844 4300 gnoscerentur
887 4249 989 4286 om.
1030 4230 1061 4285 b
1111 4233 1560 4299 cagnoscerentur
1610 4233 1661 4290 (a
1701 4243 1834 4281 corr.
1886 4243 1949 4280 er
1996 4243 2023 4280 e
2072 4244 2139 4280 m.
2180 4224 2330 4290 2)B
2478 4223 2546 4274 25
2585 4221 2731 4288 quel·
2736 4219 2763 4286 l

457 4345 805 4400 sensibilibus
847 4348 914 4408 <si
952 4347 1043 4416 er.)
1075 4347 1126 4398 A
1165 4311 1535 4415 quae'sensib.
1565 4343 1621 4395 B
