3159 4984
460 448 590 511 552
980 422 989 429 ⁹
1168 444 1215 498 S.
1280 442 1555 499 Aureli
1611 442 2046 513 Augustini

452 642 730 724 ponitur,
792 659 936 705 cum
987 640 1073 705 sit
1117 640 1285 704 inter
1330 640 1877 705 innumerabiles?
1945 641 2056 703 aut
2102 658 2216 703 cur
2259 658 2384 703 non
2433 637 2521 702 sit
2565 638 2758 702 etiam

450 748 589 831 ipse
635 748 820 813 Iesus
842 752 872 811 ἱ)
940 750 1005 811 et
1070 747 1221 829 quid
1288 748 1413 813 sihi
1467 748 1594 811 iam
1649 748 1800 812 uult
1849 746 1916 811 in
1973 745 2230 829 scriptis
2287 744 2514 809 Fausti
2567 744 2762 808 fallax

452 858 703 919 textura
730 855 1091 932 uerborum,
1122 854 1235 918 ubi
1264 858 1529 919 conatus
1558 853 1745 918 uelut
1780 871 2128 937 congruere
2163 852 2336 917 ueris
2373 852 2760 929 christianiS‚

454 982 491 1026 a
539 961 773 1044 quibus
811 961 1002 1045 longe
1040 961 1438 1043 nimiumque
1478 960 1851 1039 secluditur,
1889 960 2016 1024 ait:
2065 959 2310 1043 igitur
2343 978 2476 1025 nos
2514 960 2760 1041 patris

458 1069 763 1151 quidem
816 1068 937 1133 dei
986 1067 1537 1151 omnipotentis
1587 1070 1662 1132 et
1709 1066 1996 1132 Christi
2051 1066 2210 1130 filii
2267 1066 2430 1131 eius
2489 1069 2562 1131 et
2611 1066 2756 1148 spi·
2833 1078 2866 1117 ⁵

454 1178 663 1241 ritus
713 1174 963 1241 sancti
1008 1193 1233 1240 unum
1282 1174 1630 1257 idemque
1688 1174 1825 1239 sub
1881 1173 2181 1257 triplici
2237 1172 2759 1257 appellatione

453 1282 779 1349 colimus
829 1285 1139 1345 numen?
1210 1300 1323 1346 cur
1369 1281 1537 1345 enim
1586 1281 1704 1344 sub
1752 1280 1991 1364 triplici
2047 1300 2121 1345 ac
2175 1299 2298 1346 non
2355 1280 2573 1363 potius
2633 1279 2760 1343 sub

449 1388 797 1472 multiplici
862 1408 987 1454 non
1054 1388 1481 1472 appellatione
1546 1390 1819 1475 tantum,
1888 1387 2003 1453 sed
2067 1388 2260 1451 etiam
2325 1406 2412 1465 re,
2479 1386 2534 1451 si
2601 1388 2764 1468 quot.

450 1497 727 1573 nomina,
775 1499 877 1560 tot
922 1514 1227 1578 personae
1274 1498 1475 1559 sunt?
1538 1514 1746 1577 neque
1803 1495 1990 1571 enim,
2045 1495 2219 1560 sicut
2267 1495 2334 1558 in
2389 1494 2581 1559 armis
2629 1512 2758 1557 una

448 1622 549 1668 res
600 1606 699 1667 est
748 1603 869 1667 sub
915 1602 1154 1685 triplici
1221 1601 1646 1686 appellatione
1703 1602 1894 1667 ensis,
1952 1620 2193 1670 mucro.
2252 1601 2526 1685 gladius,
2585 1600 2764 1666 sicut

451 1728 643 1774 unam
689 1728 821 1773 rem
872 1708 1084 1773 dicitis
1134 1711 1199 1771 et
1235 1708 1451 1772 lunam
1490 1711 1556 1772 et
1591 1726 1822 1772 nauem
1859 1708 2166 1773 minorem
2206 1713 2273 1772 et
2306 1709 2758 1773 luminatorem

451 1818 833 1881 nocturnum
884 1818 949 1879 et
994 1815 1049 1879 si
1098 1814 1251 1896 quid
1301 1813 1475 1877 aliud
1520 1813 1822 1878 uocabuli
1895 1813 2098 1878 eidem
2155 1814 2246 1878 rei
2301 1814 2605 1879 tribuitis.
2663 1812 2762 1877 ita

453 1922 725 2005 potestis
801 1922 1007 1985 dicere
1086 1920 1357 1985 eundem
1422 1920 1696 2004 primum
1762 1920 2122 1997 hominem,
2192 1940 2380 2002 quem
2455 1921 2758 2002 spiritum

453 2030 778 2112 potentem
830 2030 895 2091 et
944 2046 1131 2109 quem
1184 2026 1760 2110 splenditenentem
1819 2031 1885 2091 et
1937 2046 2128 2109 quem
2181 2026 2507 2091 Atlantem
2561 2026 2758 2089 maxi-

452 2154 651 2208 mum,
702 2134 815 2199 sed
865 2134 1029 2197 alius
1080 2137 1183 2199 est
1228 2134 1359 2211 1116,
1420 2133 1585 2197 alius
1633 2136 1826 2215 atque
1873 2134 2038 2197 alius
2085 2134 2196 2198 ille
2245 2136 2310 2197 et
2352 2134 2488 2211 ille,
2538 2136 2603 2197 et
2647 2152 2758 2197 ne·
2791 2138 2848 2177 ¹⁵

454 2240 689 2305 minem
744 2241 1021 2305 istorum
1072 2239 1398 2305 Christum
1456 2239 1662 2305 dicere
1720 2240 1964 2305 soletis.
2031 2244 2143 2305 aut
2187 2241 2504 2323 quomodo
2550 2258 2758 2304 unum

452 2364 706 2423 numen,
776 2346 833 2410 si
900 2345 1154 2409 diuersa
1218 2349 1455 2427 opera?
1523 2349 1637 2409 aut
1701 2365 1815 2411 cur
1877 2366 2000 2412 non
2065 2350 2278 2411 totum
2335 2347 2529 2411 simul
2582 2364 2756 2411 unus

452 2452 767 2530 Christus,
808 2452 863 2516 si
900 2453 1154 2537 propter
1192 2470 1379 2515 unam
1422 2454 1846 2517 substantiam
1887 2456 1952 2517 et
1984 2454 2048 2518 in
2087 2454 2417 2519 arboribus
2457 2453 2756 2519 Christus

446 2562 512 2621 et
574 2558 639 2621 in
703 2559 1143 2642 persecutione
1208 2559 1589 2624 Iudaeorum
1647 2559 1938 2625 Christus
2004 2563 2070 2624 et
2129 2560 2194 2623 in
2261 2560 2397 2625 sole
2462 2578 2536 2624 ac
2597 2561 2758 2624 luna

455 2662 799 2750 Christus?
848 2685 1073 2749 nempe
1120 2666 1259 2731 uias
1312 2685 1531 2731 omnes
1578 2669 1800 2731 uestra
1835 2666 2284 2749 phantasmata
2318 2666 2754 2749 perdiderunt.
2791 2672 2850 2709 ²⁰

448 2790 674 2855 nempe
722 2772 881 2836 nihil
927 2772 1101 2835 aliud
1151 2775 1302 2837 sunt
1347 2791 1535 2854 quam
1582 2773 1726 2837 uisa
1771 2774 2139 2838 furentium.

538 2882 640 2944 13.
694 2864 820 2945 Cur
868 2884 1085 2944 autem
1134 2880 1472 2944 arbitretur
1506 2880 1788 2945 Faustus
1833 2899 2048 2963 parem
2097 2880 2280 2947 nobis
2319 2900 2460 2945 esse
2497 2882 2756 2965 religio-

447 3005 591 3050 nem
640 2987 807 3051 circa
856 3005 1084 3069 panem
1134 2990 1199 3050 et
1246 2985 1528 3064 calicem,
1586 2987 1821 3064 nescio,
1879 3006 2026 3051 cum
2073 2987 2467 3052 Manichaeis
2521 2988 2752 3051 uinum

449 3096 707 3177 gustare
754 3113 877 3158 non
924 3093 1172 3177 religio,
1224 3093 1336 3158 sed
1394 3093 1801 3177 sacrilegium
1857 3094 1960 3158 sit.
2026 3095 2090 3157 in
2147 3113 2278 3157 uua
2333 3094 2498 3158 enim
2555 3114 2752 3178 agno-

451 3202 641 3263 scunt
686 3200 875 3264 deum
924 3219 1136 3279 suum,
1184 3200 1248 3264 in
1298 3220 1461 3283 cupa
1506 3201 1756 3277 nolunt,
1805 3202 1988 3283 quasi
2035 3202 2278 3283 aliquid
2316 3222 2426 3268 eos
2465 3203 2753 3267 calcatus
2789 3204 2846 3243 ²⁵

402 3300 407 3305 ’
447 3308 513 3368 et
564 3306 849 3371 inclusus
898 3307 1249 3371 offenderit.
1316 3310 1533 3371 noster
1590 3311 1804 3373 autem
1851 3309 2033 3391 panis
2081 3311 2145 3373 et
2191 3308 2373 3385 calix,
2429 3326 2555 3372 non
2612 3308 2752 3389 qui-

446 3411 607 3474 libet
660 3448 747 3458 —
805 3413 989 3492 quasi
1051 3415 1308 3495 propter
1373 3413 1696 3477 Christum
1761 3414 1825 3477 in
1891 3413 2086 3497 spicis
2154 3418 2220 3478 et
2279 3415 2346 3478 in
2410 3415 2752 3478 sarmentis

446 3518 743 3601 ligatum.
784 3519 956 3583 sicut
999 3520 1097 3582 illi
1146 3520 1469 3603 desipiunt
1502 3556 1613 3596 —-.,
1653 3520 1769 3585 sed
1807 3522 1978 3585 certa
2016 3520 2488 3586 consecratione
2523 3522 2750 3603 mysti-

448 3642 560 3688 cus
606 3624 681 3689 fit
726 3625 929 3705 nobis,
978 3646 1101 3692 non
1149 3627 1451 3691 nascitur.
1501 3627 1766 3709 proinde
1812 3628 1982 3709 quod
2019 3647 2144 3695 non
2182 3628 2272 3691 ita
2310 3627 2402 3703 fit,
2445 3627 2744 3708 quamuis

514 3819 543 3871 1
584 3833 723 3887 quur
764 3817 812 3870 C
914 3819 949 3870 2
986 3818 1200 3871 scribtis
1242 3816 1295 3871 G
1440 3816 1583 3871 salax
1619 3817 1668 3872 0
1771 3818 1804 3872 3
1843 3822 2058 3874 tectura
2093 3820 2189 3873 GL
2297 3822 2333 3875 4
2372 3818 2684 3875 secludetur
2711 3821 2744 3875 b

448 3907 478 3960 7
518 3922 714 3961 nomen
774 3904 1077 3961 P¹LSMG
1254 3922 1397 3975 quur
1454 3906 1501 3959 G
1641 3907 1674 3960 8
1731 3908 1810 3977 re]
1865 3923 1933 3961 ne
1989 3906 2194 3963 SMGb
2394 3909 2541 3980 qnod
2594 3909 2748 3964 L'M

442 3993 510 4047 10
546 3992 709 4063 sicut]
760 3996 817 4047 et
861 3995 1003 4055 sicut
1049 3993 1149 4049 SG
1296 3996 1364 4047 12
1400 4010 1456 4048 re
1496 3994 1598 4049 15¹6
1745 3998 1816 4049 14
1852 3997 2156 4051 athlantem
2191 3997 2394 4053 LGSG
2547 4001 2610 4053 15
2645 3998 2743 4053 ille

441 4082 605 4136 alims
659 4084 713 4153 (a
759 4092 851 4151 er.)
900 4084 953 4137 L
1096 4084 1161 4137 17
1218 4100 1413 4137 110111611
1462 4082 1666 4139 SGMb
1847 4102 1985 4157 quur
2036 4087 2085 4141 0
2244 4086 2408 4141 simul
2453 4086 2522 4141 b:
2569 4088 2743 4143 semel

440 4171 531 4225 ub.
717 4172 781 4223 19
819 4170 1098 4226 iudeorum
1141 4171 1190 4226 0
1364 4172 1435 4226 20
1470 4177 1681 4245 uestras
1720 4176 1769 4227 L
1953 4176 2017 4228 21
2071 4176 2370 4231 furentium
2419 4176 2460 4245 (i
2503 4190 2550 4231 ε.
2597 4178 2658 4243 1.)
2699 4178 2748 4231 S

440 4260 507 4311 22
547 4276 686 4329 quur
727 4258 776 4313 0
913 4261 981 4315 23
1018 4260 1315 4315 manicheis
1353 4260 1461 4315 Lo
1532 4278 1537 4285 ·
1602 4264 1790 4319 uinum
1827 4265 1871 4331 (i
1901 4280 1948 4319 ε.
1989 4264 2048 4332 1.)
2092 4264 2142 4319 0
2270 4268 2340 4320 24
2379 4282 2486 4319 uva
2524 4266 2578 4333 (v
2613 4282 2738 4335 sup.

438 4348 460 4402 i
498 4366 535 4401 a
569 4364 639 4401 m.
678 4352 728 4415 1)
774 4348 825 4402 G
971 4350 1039 4403 26
1075 4347 1278 4417 noster]
1320 4354 1389 4405 1-ιῖ
1426 4350 1509 4415 (in
1545 4358 1680 4419 ras.)
1729 4352 1774 4405 L
1920 4356 1986 4407 27
2029 4352 2332 4424 sarmentis]
2371 4356 2658 4409 sac-raihtis
2696 4354 2744 4409 0
