3159 4984
955 472 1043 525 VI.
1083 470 1371 525 Contra
1428 471 1796 524 Faustum
1853 470 1983 523 lib.
2042 470 2134 523 xl.
2551 472 2678 532 313

390 669 863 733 saeculorum
914 667 1267 732 obuenit‘?
1314 676 1488 749 puto,
1539 666 1707 747 quod
1767 685 1888 730 non
1938 665 2329 747 concupiscit
2380 663 2676 727 alienum.

386 776 499 858 qui
544 776 663 840 hoc
710 775 887 859 legit.
938 774 1105 857 quod
1156 775 1463 856 scriptum
1513 778 1612 837 est
1657 776 1911 857 propter
1955 774 2185 855 ipsum.

1179 1000 1398 1055 LIBER
1434 999 1877 1054 L'NDECIMUS.

480 1113 537 1175 1.
584 1110 909 1179 FAUSTUS
959 1110 1139 1173 dixit:
1188 1109 1567 1191 Apostolum
1617 1108 1894 1190 accipis?
1943 1112 2008 1172 et
2041 1108 2329 1172 maxime.
2383 1125 2494 1171 cur
2531 1125 2677 1189 ergo

318 1254 345 1289 .-‚
386 1235 506 1281 non
556 1215 757 1281 credis
806 1216 1009 1280 filium
1057 1216 1157 1279 dei
1207 1234 1277 1279 ex
1326 1215 1564 1279 semine
1623 1214 1832 1278 Dauid
1889 1220 2102 1278 natum
2153 1213 2501 1278 secundum
2551 1231 2678 1275 car-

272 3909 333 3945 30

384 1326 569 1386 nem?
616 1341 739 1386 non
790 1322 1082 1404 equidem
1157 1321 1532 1385 crediderim
1608 1322 1970 1402 apostolum
2022 1320 2119 1383 dei
2199 1318 2508 1384 contraria
2554 1318 2678 1382 sibi

386 1429 655 1493 scribere
704 1429 988 1511 potuisse
1031 1431 1095 1491 et
1130 1428 1317 1493 modo
1357 1428 1539 1493 hanc.
1578 1427 1768 1492 modo
1809 1427 1984 1490 illam
2036 1427 2111 1491 de
2161 1426 2414 1489 domino
2463 1428 2676 1489 nostro

382 1536 677 1600 habuisse
727 1534 1123 1599 sententiam.
1175 1534 1285 1597 sed
1343 1533 1489 1615 quia
1537 1533 1721 1597 uobis
1769 1534 1858 1596 ita
1905 1533 2132 1614 placet.
2175 1534 2281 1613 qui
2331 1550 2674 1613 numquam

383 1642 515 1705 sine
564 1643 889 1705 stomacho
956 1641 1189 1704 auditis
1256 1641 1495 1721 aliquid
1561 1660 1700 1703 esse
1765 1641 1828 1703 in
1892 1640 2178 1721 apostolo
2229 1640 2674 1719 cauponatum.

334 1789 341 1813 .
381 1767 457 1811 ne
504 1748 623 1813 hoc
671 1748 923 1829 quidem
973 1747 1153 1811 nobis
1222 1748 1386 1810 scias
1454 1766 1594 1810 esse
1663 1747 2066 1814 contrarium.
2117 1746 2172 1810 si
2221 1743 2476 1825 quidem
2525 1743 2678 1805 haec

381 1858 568 1918 uetus
615 1854 909 1917 uideatur
975 1872 1112 1916 esse
1181 1856 1245 1917 et
1309 1853 1568 1933 antiqua
1635 1852 1844 1933 opinio
1913 1851 2097 1915 Pauli
2163 1852 2238 1914 de
2305 1850 2472 1917 Iesu.
2533 1868 2676 1912 cum

381 1980 525 2023 eum
572 1965 636 2023 et
679 1960 815 2041 ipse
866 1960 1073 2023 Dauid
1120 1960 1323 2022 filium
1369 1962 1625 2041 putaret
1681 1962 1754 2021 ut
1812 1959 2022 2021 ceteri.
2085 1958 2251 2039 quod
2299 1961 2510 2020 tamen
2560 1954 2671 2017 ubi

377 2063 609 2129 falsum
676 2066 915 2131 didicit.
982 2066 1322 2149 interpolat
1388 2070 1452 2128 et
1516 2066 1792 2128 infirmat
1859 2065 2263 2146 scribensque
2336 2064 2412 2127 ad
2463 2064 2678 2128 Corin-

378 2173 567 2237 thios,
617 2192 783 2239 nos,
827 2172 1449 2254 inquit.nemi11em
1490 2172 1840 2235 nouimus
1891 2171 2300 2234 secundum
2351 2190 2676 2239 carnem:

320 2316 337 2349 -,
380 2283 451 2341 et
515 2279 576 2342 si
645 2280 1137 2362 cognouimus
1206 2277 1616 2342 secundum
1685 2296 1982 2340 carnem
2056 2277 2470 2348 Christum,
2541 2280 2674 2343 sed

376 2403 565 2449 nunc
603 2386 743 2448 iam
784 2405 921 2449 non
982 2385 1348 2449 nouimus,
1411 2403 1600 2464 quare
1643 2384 1999 2447 consideres
2041 2387 2308 2466 oportet,
2364 2389 2670 2465 quantum

373 2490 623 2555 intersit
688 2492 851 2555 inter
915 2493 1067 2555 haec
1136 2492 1260 2555 duo
1330 2491 1624 2573 capitula.
1705 2510 1735 2553 e
1803 2492 2034 2571 quibus
2113 2510 2306 2555 unum
2383 2491 2672 2571 perhibet

374 2598 583 2661 lesum
631 2598 833 2662 filium
888 2598 1091 2661 Dauid
1142 2598 1493 2661 secundum
1562 2617 1835 2661 carnem.
1896 2598 2163 2660 alterum
2223 2616 2373 2660 uero
2422 2598 2549 2661 iam
2599 2618 2666 2661 se

376 2704 687 2767 neminem
726 2724 913 2769 nosse
954 2706 1297 2769 secundum
1342 2724 1610 2769 carnem.
1653 2724 1812 2785 quae
1865 2704 1916 2767 si
1958 2708 2222 2784 utraque
2273 2708 2422 2767 sunt
2459 2704 2665 2769 Pauli.

284 2856 299 2863 -
332 2852 339 2875 .
376 2816 487 2873 aut
531 2811 645 2874 hac
692 2812 933 2876 ratione
982 2816 1180 2875 erunt.
1232 2831 1357 2893 qua
1406 2812 1549 2880 dixi,
1611 2815 1722 2874 aut
1788 2831 1983 2874 unum
2050 2810 2330 2893 ipsorum
2381 2830 2503 2874 non
2554 2812 2672 2874 erit

372 2916 573 2982 Pauli.
623 2919 1024 3000 prosequitur
1089 2918 1385 2999 denique:
1452 2918 1740 2999 itaque,
1809 2917 2036 2997 iuquit.
2105 2917 2166 2981 si
2234 2936 2380 2999 qua
2428 2921 2548 2981 est
2593 2919 2665 2981 in

376 3023 675 3087 Christo
726 3044 915 3088 noua
963 3027 1337 3090 creatura.
1380 3026 1645 3087 uetera
1693 3024 2193 3095 transierunt,
2245 3042 2416 3087 ecce
2464 3024 2666 3087 facta

374 3134 549 3193 sunt
604 3132 847 3193 omnia
914 3151 1122 3197 noua.
1192 3130 1373 3194 uides
1444 3150 1592 3213 ergo
1661 3149 1806 3193 eum
1875 3134 2152 3193 ueterem
2221 3132 2535 3213 appellare
2603 3135 2668 3195 et

372 3238 797 3303 transitoriam
864 3238 1051 3301 fidem
1117 3238 1291 3301 illam
1342 3238 1632 3318 priorem,
1683 3237 1746 3300 id
1797 3239 1896 3299 est
1943 3237 2153 3300 Iesum
2207 3238 2548 3302 credidisse
2598 3259 2670 3302 ex

276 3378 333 3414 ψ,
375 3345 611 3409 semine
658 3344 868 3409 Dauid
916 3344 1265 3409 secundum
1315 3362 1583 3419 carnem,
1633 3363 1864 3408 nouam
1917 3363 2065 3408 uero
2117 3346 2278 3409 hanc
2329 3345 2672 3409 secundam

374 3454 439 3514 et
483 3455 970 3533 permanentem,
1012 3452 1159 3533 quia
1194 3452 1511 3516 neminem
1558 3452 1684 3514 iam
1717 3451 1966 3515 nouerit
2005 3452 2355 3516 secundum
2399 3472 2666 3521 carnem.

372 3560 751 3640 quapropter
796 3560 860 3621 et
904 3557 1075 3623 alibi.
1127 3576 1287 3621 cum
1338 3576 1612 3634 essem,
1652 3556 1876 3637 inquit,
1927 3558 2328 3639 paruulus,
2381 3564 2468 3621 ut
2513 3579 2674 3641 par-

374 3664 601 3728 uulus
648 3665 1037 3745 loquebar,
1106 3667 1189 3727 ut
1250 3665 1621 3746 paruulus
1689 3663 2104 3747 sapiebam.
2170 3668 2252 3727 ut
2300 3667 2665 3746 paruulus

372 3770 823 3850 cogitabam3
894 3789 1055 3834 cum
1105 3773 1353 3834 autem
1401 3770 1655 3834 factus
1725 3790 1884 3835 sum
1933 3772 2075 3845 uir,
2125 3790 2313 3852 quae
2360 3774 2668 3853 paruuli

373 3880 582 3940 erant
628 3877 1023 3941 euacuaui.
1076 3876 1244 3959 quod
1291 3878 1347 3941 si
1384 3877 1475 3940 ita
1513 3879 1631 3951 est,
1664 3876 1816 3958 quid
1866 3896 2011 3960 ergo
2063 3879 2125 3940 et
2171 3896 2284 3940 nos
2333 3877 2666 3961 indignum

549 4018 583 4070 ἴ)
623 4016 687 4070 cf.
726 4018 879 4073 Rom.
923 4018 969 4079 1,
1009 4018 1040 4071 3
1154 4017 1221 4069 14
1260 4020 1305 4072 Π
1347 4017 1465 4072 Cor.
1506 4019 1555 4079 5,
1602 4018 1664 4069 16
1704 4034 1781 4085 sq.
1893 4016 1960 4069 ‘27
1999 4018 2026 4071 1
2067 4016 2186 4071 Cor.
2229 4017 2406 4075 13,11

442 4126 477 4175 4
532 4140 653 4191 cap.
709 4123 861 4176 xxn
915 4122 1189 4176 LSPMG
1372 4124 1404 4175 9
1470 4123 1746 4176 sthomaco
1805 4122 1856 4175 L
1921 4122 2198 4177 stomacho
2265 4124 2321 4185 (11
2387 4138 2429 4176 s.
2489 4124 2545 4176 l.·
2607 4124 2674 4176 M

369 4214 731 4280 cauponatum
781 4212 839 4277 (i.
886 4228 931 4264 e.
978 4212 1149 4265 mixtu
1186 4226 1228 4263 s.
1270 4213 1304 4265 l.
1354 4228 1391 4263 a
1432 4228 1495 4264 m.
1538 4216 1588 4267 1»
1630 4212 1698 4263 M
1823 4213 1889 4264 13
1930 4212 2242 4281 interpellat
2281 4212 2330 4263 L
2467 4214 2540 4265 :20
2576 4218 2670 4265 aut

368 4316 473 4352 om.
524 4299 556 4352 b
744 4300 853 4353 dixi
902 4301 985 4361 (in
1029 4302 1221 4369 mary.)
1271 4300 1369 4353 SG
1514 4301 1583 4353 28
1633 4303 1694 4353 ut
1741 4301 1996 4370 paruulus
2044 4300 2350 4369 cogitabam
2391 4318 2492 4353 οη.
2533 4300 2668 4353 LCb

372 4388 443 4441 30
480 4388 709 4442 uacuaui
746 4388 845 4443 SG
882 4388 1106 4457 deposui
1146 4390 1407 4441 euacuaui
1452 4388 1497 4441 C
