3159 4984
504 439 631 503 780
1227 440 1280 492 S.
1338 439 1613 493 Aureli
1667 439 2102 510 Augustini

504 633 569 696 et
617 631 989 715 deceptores
1027 634 1421 715 paracletum
1461 633 1693 700 dicitis
1741 633 2002 716 proinde
2051 634 2227 700 nullo
2273 637 2464 701 modo
2513 638 2803 702 ualentes

504 739 857 816 ostendere,
908 741 1225 822 quomodo
1276 741 1361 806 sit
1405 741 1516 805 ille
1564 741 1943 824 paracletus,
1992 761 2117 807 non
2157 746 2275 820 cst,
2314 743 2484 807 unde
2523 743 2806 808 doceatis

502 845 869 910 firmissima
924 846 1137 930 aliqua
1196 847 1573 912 auctoritate
1629 867 1747 913 uos
1805 848 2198 932 conperisse,
2267 850 2806 932 quemadmodum

502 951 658 1016 haec
708 952 943 1036 scripta
992 954 1383 1038 euangelica,
1433 973 1505 1018 ex
1552 955 1785 1036 quibus
1833 973 1958 1020 non
2007 957 2220 1021 omnia
2255 957 2459 1022 uultis
2497 957 2806 1040 accipere,

504 1075 627 1122 non
677 1058 806 1124 sint
852 1060 1287 1142 apostolorum
1338 1059 1596 1126 Christi.
1643 1065 1844 1126 restat
1892 1081 2064 1145 erg0,
2120 1066 2196 1127 ut
2244 1062 2470 1128 dicatis
2515 1063 2640 1128 hoc
2687 1082 2809 1128 uos
2876 1083 2906 1123 ⁵

504 1185 579 1230 ea
624 1168 867 1232 ratione
917 1169 1300 1252 conperisse,
1343 1169 1493 1251 quia
1526 1169 1683 1233 talia
1719 1169 1808 1235 ibi
1848 1171 2018 1248 sunt,
2061 1187 2221 1251 quae
2260 1169 2497 1234 Christi
2533 1169 2808 1253 gloriam

503 1272 884 1353 decolorent,
935 1275 1185 1340 scilicet
1233 1276 1380 1357 quia
1450 1278 1640 1340 natus
1704 1295 1777 1340 ex
1840 1275 2090 1360 uirgine
2145 1275 2236 1340 ibi
2291 1279 2598 1349 narratur,
2659 1275 2810 1357 quia

502 1381 939 1461 circumcisus,
1017 1382 1165 1465 quia
1230 1402 1342 1466 pro
1409 1383 1522 1448 illo
1593 1382 1880 1448 oblatum
1945 1382 2350 1460 sacrificium,
2416 1382 2584 1465 quod
2650 1386 2810 1448 tunc

504 1487 903 1568 offerebatur,
956 1488 1107 1570 quia
1153 1489 1535 1573 baptizatus,
1587 1489 1736 1572 quia
1782 1491 2136 1573 temptatus
2185 1509 2222 1552 a
2268 1489 2518 1554 diabolo
2568 1493 2687 1554 est.

597 1596 700 1658 19.
749 1595 869 1660 His
922 1598 1135 1660 autem
1184 1596 1464 1678 exceptis
1504 1598 1569 1660 et
1604 1581 1992 1660 testimoniis
2032 1615 2104 1660 ex
2142 1599 2359 1660 uetere
2395 1598 2811 1672 testamento,
2852 1617 2910 1654 ιο

504 1720 665 1784 quae
712 1702 844 1767 illis
890 1702 1133 1768 incerta
1180 1707 1332 1768 sunt
1377 1702 1630 1781 litteris,
1681 1705 1890 1767 cetera
1933 1722 2054 1768 uos
2103 1703 2454 1768 secundum
2497 1703 2585 1777 id,
2635 1704 2812 1785 quod

500 1807 780 1872 Faustus
847 1808 1161 1891 loquitur,
1238 1809 1525 1875 fatemini
1602 1809 1886 1893 accipere
1953 1813 2019 1874 et
2079 1809 2487 1893 praecipue
2555 1810 2809 1874 crucis

502 1913 669 1979 eius
769 1915 1173 1998 mysticam
1275 1915 1676 1994 fixionem,
1780 1933 1926 1996 qua
2022 1915 2409 1998 passionis
2513 1916 2808 1979 animae

501 2023 815 2086 uestrae
874 2023 1197 2086 uulnera
1253 2023 1886 2088 demonstrantur.
1955 2022 2249 2100 deinde,
2308 2022 2543 2103 inquit,
2600 2041 2808 2105 prae-

503 2129 723 2210 cepta
770 2129 1149 2193 salutaria
1197 2131 1360 2195 eius
1410 2133 1484 2194 et
1528 2130 1931 2212 parabolas
1981 2131 2484 2211 cunctumque
2535 2149 2810 2194 sermo·
2849 2147 2907 2186 1⁵

505 2253 668 2297 nem
726 2234 1120 2313 deificum,
1180 2237 1305 2319 qui
1362 2237 1675 2300 maxime
1733 2236 2042 2301 duarum
2099 2236 2535 2319 praeferens
2593 2240 2806 2301 natu-

502 2358 751 2404 rarum
792 2340 1336 2407 discretionem
1387 2343 1638 2426 ipsius
1687 2361 1853 2408 esse
1901 2362 2042 2407 non
2089 2342 2305 2406 uenit
2347 2341 2421 2406 in
2469 2341 2804 2407 dubium.

501 2446 737 2512 uidetis
786 2466 933 2532 crgo
989 2448 1055 2514 id
1113 2469 1230 2516 uos
1288 2469 1492 2534 agere,
1550 2453 1626 2513 ut
1681 2449 1887 2514 omnis
1945 2449 2022 2514 de
2075 2448 2286 2514 medio
2345 2447 2806 2532 scripturarum

504 2553 827 2618 auferatur
880 2556 1227 2622 auctoritas
1286 2560 1352 2621 et
1406 2576 1563 2622 suus
1624 2557 1852 2638 cuique
1911 2555 2160 2620 animus
2218 2558 2437 2620 auctor
2493 2555 2600 2628 sit,
2650 2556 2805 2638 q'uid

498 2660 563 2724 in
631 2680 881 2744 quaque
948 2662 1263 2746 scriptura
1326 2665 1570 2747 probet,
1641 2663 1792 2745 quid
1857 2662 2170 2746 inprobet,
2235 2661 2298 2726 id
2365 2665 2484 2740 est,
2549 2666 2623 2726 ut
2677 2681 2804 2728 non
2842 2679 2902 2718 ω

500 2768 865 2832 auctoritati
904 2769 1360 2851 scripturarum
1400 2770 1751 2835 subiciatur
1789 2770 1866 2834 ad
1895 2769 2109 2846 fidem,
2143 2769 2254 2835 sed
2293 2770 2411 2836 sibi
2453 2770 2804 2854 scripturas

498 2872 634 2956 ipse
693 2874 990 2953 subiciat,
1048 2895 1171 2940 non
1227 2879 1321 2956 ut·
1358 2877 1501 2941 ideo
1558 2877 1658 2940 illi
1713 2877 1964 2961 placeat
2017 2876 2279 2960 aliquid,
2345 2877 2494 2960 quia
2559 2876 2682 2940 hoc
2738 2876 2803 2940 in

502 2981 762 3046 sublimi
810 2981 1191 3047 auctoritate
1240 2982 1549 3066 scriptum
1597 2983 1855 3067 legitur,
1905 2983 2018 3047 sed
2061 2983 2205 3048 ideo
2261 2987 2434 3048 recte
2491 2982 2804 3067 scriptum

501 3087 813 3166 uideatur,
847 3088 995 3172 quia
1031 3089 1153 3154 hoc
1188 3089 1286 3152 illi
1323 3089 1583 3172 placuit.
1626 3109 1749 3173 quo
1788 3092 1852 3153 te
1892 3090 2262 3169 committiS,
2301 3090 2508 3153 anima
2545 3089 2802 3166 misera,

496 3195 783 3272 infirma,
860 3195 1220 3260 carnalibus
1299 3196 1549 3261 nebulis
1625 3196 1968 3261 inuoluta?
2047 3216 2177 3278 quo
2253 3199 2320 3261 te
2394 3197 2801 3262 committis?
2841 3215 2899 3253 τε»

498 3317 755 3366 remoue
822 3319 969 3385 ergo
1038 3303 1510 3381 auctoritatem,
1576 3303 1941 3380 uideamus,
2006 3323 2265 3369 remoue
2329 3303 2800 3378 auctoritatem,

500 3407 690 3471 redde
737 3407 1066 3472 rationem.
1136 3427 1289 3473 eone
1336 3409 1497 3474 ratio
1544 3412 1658 3473 tua
1702 3410 2089 3493 perducitur,
2137 3412 2214 3474 ut
2256 3410 2382 3475 nisi
2429 3409 2530 3475 dei
2574 3413 2802 3474 natura

504 3515 829 3580 uiolabilis
887 3516 1445 3599 corruptibilisque
1504 3517 1816 3597 credatur,
1875 3518 2113 3582 exitum
2167 3517 2552 3582 theatricum
2605 3517 2802 3600 longa

496 3621 614 3685 illa
670 3621 886 3684 fabula
940 3625 1157 3686 uestra
1210 3624 1481 3706 reperire
1546 3644 1670 3689 non
1726 3624 1983 3707 possit?
2047 3627 2369 3708 postremo
2433 3623 2600 3688 unde
2667 3623 2799 3688 scis

570 3824 601 3876 1
640 3821 975 3892 paraclytum
1012 3821 1104 3879 C'S
1134 3823 1455 3894 paraclitum
1489 3824 1541 3879 G
1687 3825 1936 3879 uolentes
1964 3824 2012 3880 S
2034 3823 2280 3878 ualentes
2309 3831 2362 3896 (a
2391 3839 2528 3878 corr.
2558 3839 2626 3876 ea:
2653 3823 2708 3891 ο)
2745 3823 2800 3878 G

497 3911 530 3964 2
586 3911 892 3981 paraclytus
950 3909 1041 3965 05¹
1260 3911 1293 3965 3
1350 3912 1818 3982 quemammodum
1872 3912 1924 3966 L
2142 3913 2174 3966 7
2231 3911 2543 3967 decolorent
2599 3910 2676 3980 (lo
2731 3913 2802 3965 in

495 4001 632 4063 raa.)
692 3999 809 4056 (ἦς’
990 3999 1024 4054 9
1081 4003 1380 4071 temptatus
1438 4002 1491 4072 (p
1546 4018 1590 4056 s.
1633 4002 1705 4070 λ.)
1753 4001 1836 4055 ·Μ
1990 4003 2058 4057 10
2113 4005 2170 4056 et
2219 4017 2288 4057 er.
2327 4001 2401 4054 M
2549 4003 2722 4055 ueteri
2764 4002 2800 4056 b

500 4091 565 4143 11
604 4089 779 4144 literis
816 4088 865 4144 S
969 4089 1035 4143 13
1072 4090 1287 4144 mistica
1324 4091 1369 4160 (s
1407 4107 1544 4144 corr.
1582 4107 1648 4146 ex
1683 4093 1736 4158 x)
1775 4091 1852 4144 M
1879 4091 2151 4145 mixticam
2189 4092 2265 4144 L²
2377 4105 2484 4159 qua
2515 4090 2569 4156 (a
2597 4104 2643 4144 ε.
2673 4105 2800 4158 atp.

498 4193 527 4248 e
554 4194 623 4232 m.
651 4179 702 4247 1)
732 4177 779 4234 S
847 4179 916 4232 16
944 4177 1219 4248 preferens
1250 4178 1297 4232 Ο
1376 4179 1442 4231 19
1472 4177 1685 4250 cuique]
1717 4180 1974 4250 cuiusque
2009 4180 2040 4233 b
2115 4178 2182 4233 20
2207 4195 2452 4249 quaquam
2480 4181 2532 4245 (e
2561 4194 2628 4232 σε
2655 4183 2721 4242 ae)
2755 4179 2808 4234 S

498 4283 743 4338 quaquae
788 4265 839 4321 G
877 4283 1124 4336 quaqnae
1161 4267 1238 4320 L2
1276 4284 1383 4337 qua
1420 4285 1454 4338 q
1477 4269 1535 4334 :sl
1576 4269 1736 4338 (quae
1777 4273 1880 4322 aut
1914 4285 2021 4338 qua
2045 4268 2188 4336 suit)
2227 4267 2302 4320 M
2493 4270 2636 4321 uta.
2677 4267 2712 4321 1.
2755 4265 2808 4322 S

496 4356 561 4408 21
584 4355 925 4409 auctoritatis
946 4353 1013 4406 M
1086 4355 1154 4408 22
1186 4354 1635 4425 quia—uideatur
1655 4373 1755 4412 om..
1779 4356 1878 4410 SG
1967 4358 2036 4410 29
2055 4355 2325 4428 repperire
2357 4360 2411 4426 (p
2433 4371 2551 4425 emp.
2571 4372 2641 4409 m.
2663 4356 2718 4422 2)
2745 4359 2802 4411 L
