3159 4984
975 470 1067 523 VI.
1128 468 1417 523 Contra
1470 471 1842 525 Faustum
1898 471 2029 527 lib.
2067 472 2183 525 XX.
2583 478 2710 540 549

412 682 489 727 ne
536 666 703 729 terra
750 664 825 728 de
873 664 1099 746 spiritu
1149 667 1370 729 sancto
1420 665 1749 748 concipere
1786 666 2116 749 patibilem
2155 667 2372 732 Iesum
2413 670 2477 732 et
2512 668 2714 731 Maria

411 772 595 855 uirgo
645 792 769 837 non
814 771 1078 855 potuit?
1148 791 1439 856 conpara,
1490 774 1545 839 si
1593 773 1810 851 audes,
1857 774 2198 859 uirginalia
2240 774 2491 839 uiscera
2535 777 2714 839 tanta

412 878 709 943 castitate
776 878 1173 943 sanctificata
1236 898 1382 944 cum
1442 880 1736 945 omnibus
1793 883 1996 945 terrae
2051 880 2231 959 locis,
2288 881 2402 945 ubi
2459 881 2711 946 arbores

410 985 769 1065 herbaeque
816 985 1185 1069 gignuntur.
1234 985 1405 1050 itane
1450 986 1514 1049 in
1562 986 1676 1050 illa
1722 986 1957 1051 femina
1995 988 2384 1053 exhorrescis
2425 990 2536 1051 aut
2570 986 2712 1052 hor-

349 1110 376 1149 5
407 1110 653 1156 rescere
720 1094 784 1155 te
850 1090 1039 1175 fingis
1104 1094 1360 1155 uterum
1424 1092 1772 1174 pudicitiae
1839 1092 2202 1158 dedicatum
2270 1098 2334 1158 et
2387 1095 2453 1159 in
2507 1094 2710 1160 hortis

410 1198 706 1263 omnibus
756 1198 996 1263 circum
1042 1216 1331 1279 quasque
1368 1199 1560 1264 urbes
1601 1218 1674 1263 ex
1712 1200 2018 1265 cluacinis
2058 1201 2241 1283 aquis
2278 1201 2494 1266 Iesum
2534 1202 2713 1287 gigni

408 1324 532 1369 non
582 1304 1023 1371 exhorrescis?
1071 1306 1217 1388 quis
1258 1306 1429 1370 enim
1468 1306 1827 1387 quamlibet
1864 1307 2280 1371 caenulentus
2319 1308 2549 1373 humor
2585 1328 2708 1374 non

406 1412 895 1476 innumerabilia
958 1412 1247 1496 germina
1310 1412 1442 1476 edit
1505 1414 1571 1477 et
1635 1414 1886 1477 nutrit?
1952 1413 2044 1478 sic
2098 1414 2477 1497 praedicatis
2535 1416 2712 1481 nasci

404 1519 737 1602 patibilem
774 1519 1013 1598 Iesum,
1054 1539 1245 1601 quem
1286 1520 1537 1585 credere
1575 1524 1795 1585 natum
1838 1540 1978 1585 esse
2019 1521 2094 1585 de
2132 1522 2381 1607 uirgine
2420 1523 2709 1588 clamatis

316 1646 369 1684 ιο
406 1626 760 1710 indignum.
812 1626 869 1690 si
918 1645 1168 1691 carnem
1204 1626 1451 1710 putatis
1487 1628 1881 1706 inmundam,
1923 1646 2034 1692 cur
2069 1629 2256 1693 uobis
2293 1648 2418 1695 non
2455 1630 2712 1694 uidetur

404 1732 797 1801 inmundius.
866 1733 1040 1816 quod
1105 1753 1141 1797 a
1205 1752 1358 1798 suae
1425 1733 1655 1798 salutis
1720 1738 2220 1817 temperamento
2284 1736 2422 1815 ipsa
2485 1739 2708 1819 natura

407 1840 610 1903 carnis
669 1841 1027 1923 expurgat?
1092 1858 1170 1903 an
1238 1858 1380 1905 caro
1446 1840 1754 1905 inmunda
1810 1843 1912 1906 est
1965 1844 2032 1905 et
2083 1842 2295 1919 fimus,
2354 1842 2468 1923 qui
2524 1861 2708 1907 carne

406 1947 702 2030 egeritur.
750 1946 1030 2011 mundus
1078 1948 1229 2011 est?
1276 1965 1401 2011 non
1440 1965 1591 2030 ergo
1631 1946 1996 2027 adtenditis,
2035 1967 2160 2013 non
2197 1949 2433 2014 uidetis
2473 1952 2706 2015 sterco-

401 2053 577 2117 ribus
622 2053 851 2117 laetari
906 2072 1113 2136 agros,
1172 2071 1299 2134 quo
1355 2053 1632 2119 fertilius
1686 2054 2157 2119 fecundentur?
2225 2075 2451 2139 nempe
2509 2057 2589 2120 ad
2640 2056 2708 2120 id

312 2178 365 2217 ιε»
402 2159 569 2224 redit
629 2162 849 2225 uestra
912 2160 1252 2237 dementia,
1318 2162 1395 2225 ut
1458 2161 1535 2226 de
1602 2162 1831 2245 spiritu
1898 2165 2139 2242 sancto,
2205 2182 2398 2246 quem
2455 2182 2706 2228 carnem

400 2266 637 2331 Mariae
688 2266 900 2333 dicitis
950 2267 1381 2351 dedignatum,
1422 2271 1600 2333 tanto
1649 2269 1910 2334 uberius
1958 2272 2024 2333 et
2067 2270 2301 2334 laetius
2347 2273 2514 2334 terra
2562 2288 2706 2335 con—

400 2372 613 2456 cipiat,
654 2377 895 2455 quanto
944 2373 1303 2439 studiosius
1348 2374 1544 2439 fuerit
1591 2377 1794 2440 carnis
1843 2375 2137 2441 sordibus
2186 2380 2250 2441 et
2297 2377 2702 2459 squaloribus

397 2480 826 2564 pinguefacta.
896 2500 971 2544 an
1028 2482 1105 2544 ut
1156 2480 1281 2546 hoc
1336 2481 1713 2559 defendatis,
1772 2481 1998 2547 dicetis
2055 2482 2352 2566 spiritum
2409 2486 2703 2548 sanctum

396 2586 943 2651 incontaminabili
988 2587 1229 2670 ubique
1276 2587 1515 2669 pollere
1559 2589 1967 2671 praesentia?
2014 2589 2438 2671 respondetur
2474 2590 2700 2655 uobis:

306 2714 360 2752 ευ
399 2712 511 2759 cur
555 2712 678 2757 non
728 2712 879 2777 ergo
928 2696 991 2757 et
1038 2694 1102 2757 in
1150 2698 1331 2759 utero
1378 2693 1730 2778 uirginali?
1795 2694 1908 2759 sed
1961 2698 2038 2758 ut
2093 2694 2169 2759 de
2218 2700 2526 2778 conceptu
2574 2696 2702 2761 iam

395 2804 665 2878 taceam,
712 2803 967 2883 partum
1012 2801 1229 2883 ipsum
1278 2800 1505 2864 deinde
1550 2800 1870 2884 respicite.
1937 2800 2402 2885 concipientem
2451 2802 2528 2866 de
2575 2802 2700 2886 spi—

394 2908 523 2971 ritu
598 2911 819 2973 sancto
886 2908 1098 2972 dicitis
1165 2911 1399 2971 terram
1463 2907 1724 2990 gignere
1789 2908 2122 2991 patibilem
2185 2908 2398 2973 Iesum
2425 2960 2439 2984 ,
2508 2927 2700 2990 quem

394 3017 607 3078 tamen
654 3014 748 3078 ita
795 3014 1300 3079 contaminatum
1350 3014 1521 3078 omni
1568 2998 1642 3077 er
1685 3013 1862 3097 ligno
1908 3014 2184 3097 pendere
2240 3014 2588 3098 perhibetis
2632 3016 2698 3080 in

392 3120 687 3205 frugibus
738 3123 803 3184 et
846 3120 1077 3203 pomis,
1126 3124 1201 3185 ut
1254 3119 1828 3185 innumerabilibus
1886 3120 2270 3185 animalibus
2325 3122 2696 3187 animalium

305 3248 359 3288 ει»
396 3228 793 3292 uescentium
852 3227 1146 3291 carnibus
1207 3226 1480 3309 amplius
1538 3226 2026 3307 contaminetur,
2087 3246 2158 3292 ex
2215 3246 2290 3293 ea
2335 3228 2475 3293 sola
2518 3232 2696 3312 parte

391 3336 780 3419 purganduS,
830 3334 936 3399 cui
979 3334 1181 3399 fames
1226 3336 1447 3399 uestra
1492 3334 1882 3399 subuenerit.
1938 3333 2158 3416 itaque
2205 3354 2321 3401 nos
2371 3334 2696 3401 Christum

394 3441 597 3505 filium
636 3440 757 3519 dei,
796 3442 1065 3506 uerbum
1106 3440 1228 3518 dei,
1265 3439 1916 3505 incontaminabiliter
1952 3459 2136 3505 carne
2170 3441 2470 3506 indutum
2508 3442 2695 3508 corde

394 3547 730 3625 credimus,
781 3566 887 3612 ore
937 3548 1333 3624 confitemur,
1383 3546 1533 3628 quia
1578 3547 1690 3611 illa
1729 3548 2092 3613 substantia
2129 3550 2542 3614 contaminari
2581 3568 2696 3613 nec

392 3673 575 3719 carne
638 3657 880 3738 potest,
949 3670 1111 3734 quae
1176 3653 1354 3717 nulla
1417 3672 1485 3718 re
1549 3656 1803 3736 potest;
1878 3673 1997 3719 uos
2065 3658 2279 3720 autem
2343 3655 2693 3720 secundum

361 3984 369 3989 -
463 3952 486 4003 1
546 3950 831 4005 neterrade
879 3948 927 4004 S
974 3946 1177 4003 n&ena
1232 3945 1299 4000 de
1335 3946 1409 3999 M
1418 3949 1431 3981 ¹
1601 3950 1636 4001 2
1691 3950 1924 4021 conpara
1974 3950 2021 4005 0
2189 3952 2221 4005 3
2277 3916 2610 4016 sanctificat}
2649 3950 2696 4005 S

384 4040 421 4091 4
456 4038 781 4111 herbaeque]
820 4042 1070 4110 terreque
1109 4038 1141 4091 b
1260 4036 1291 4087 5
1337 4038 1512 4095 hortis
1551 4040 1600 4096 S
1703 4042 1734 4095 6
1773 4040 2028 4095 cloacinis
2068 4036 2350 4096 CL2S²M2
2459 4038 2490 4093 7
2530 4056 2690 4094 cenu-

384 4128 567 4183 lentus
603 4130 659 4183 L
696 4130 1015 4202 cenulentus
1058 4133 1107 4186 0
1282 4112 1437 4189 umor
1474 4132 1606 4187 SM¹
1800 4130 1862 4183 11
1903 4128 2214 4183 inmundius
2254 4132 2374 4196 (sec.
2413 4128 2432 4182 i
2467 4144 2510 4183 s.
2551 4129 2610 4193 Ζ.)
2651 4128 2699 4185 S

388 4218 442 4288 a]
481 4217 551 4272 ad
589 4218 647 4289 (d
686 4220 817 4273 add.
856 4234 900 4274 8.
942 4220 978 4275 Ζ.
1017 4236 1086 4275 m.
1127 4224 1187 4289 2)
1218 4222 1272 4276 L
1415 4222 1842 4291 temperamento
1882 4218 1958 4271 L¹
1999 4221 2089 4283 (m.
2119 4220 2160 4271 2
2185 4218 2241 4287 τῖ’)
2356 4218 2424 4271 14
2457 4218 2616 4271 letari
2653 4216 2700 4272 G

386 4308 453 4361 1³
506 4308 743 4378 pinguae
800 4308 947 4363 facta
991 4308 1179 4365 LMS¹
1226 4311 1430 4383 pingue
1474 4311 1621 4365 facta
1671 4308 1723 4363 G
1867 4305 2048 4362 dicitis
2099 4306 2354 4362 GLSMb
2467 4306 2531 4361 19
2569 4323 2689 4377 pre·

384 4397 562 4450 sentia
606 4398 653 4451 0
756 4398 827 4453 20
865 4416 1003 4467 quur
1040 4400 1087 4453 C
1227 4404 1486 4471 concepto
1532 4398 1848 4454 CL¹S¹MG
1957 4397 2028 4450 24
2063 4396 2294 4468 frigibus
2332 4396 2396 4451 S¹
