3159 4984
261 1083 293 1120 5

242 1613 301 1654 1⁰

252 2145 302 2182 15

259 3207 311 3246 25

832 439 921 492 vl.
988 439 1279 494 contra
1334 409 1702 495 Faust‘um
1764 439 1894 493 lib.
1953 441 2148 493 xxm.
2497 445 2624 508 713

332 641 551 700 eontra
597 635 769 718 quod
816 634 1221 717 euangelium
1272 634 1563 716 quisquis
1613 634 1786 698 aliud
1835 634 2326 712 adnuntiauerit,
2366 637 2440 699 ut
2487 653 2628 698 ana-

332 746 552 808 thema
599 743 703 818 sit,
752 760 985 826 magna
1032 760 1183 806 cura
1228 741 1449 805 fideles
1498 742 1849 806 admonuit.

426 854 485 915 8.
536 850 705 930 Quid
744 868 891 933 ergo
929 849 1059 913 iam
1106 851 1366 914 moueat
1412 848 1617 912 sancti
1666 850 1982 933 euangelii
2022 851 2423 927 sectatorem,
2465 851 2634 932 quod

336 959 473 1023 sine
523 957 869 1024 concubitu
914 955 1149 1039 Ioseph
1200 953 1493 1020 Christus
1540 959 1730 1020 natus
1779 975 1851 1020 ex
1897 955 2147 1040 uirgine
2193 957 2366 1021 filius
2421 959 2634 1020 tamen

336 1064 549 1130 Dauid
616 1064 993 1147 appellatur,
1062 1081 1207 1126 cum
1275 1061 1756 1146 generationum
1820 1062 2050 1127 seriem
2113 1081 2238 1128 non
2293 1081 2498 1146 usque
2556 1063 2634 1126 ad

336 1171 625 1236 Mariam.
667 1169 777 1234 sed
817 1188 1022 1252 usque
1062 1169 1141 1232 ad
1178 1169 1409 1251 Ioseph
1448 1169 1816 1234 Matthaeus
1855 1169 2254 1254 euangelista
2287 1169 2634 1253 perducat?

338 1278 542 1361 primo
599 1277 751 1361 quia
804 1275 1021 1340 mariti
1077 1275 1215 1340 eius
1273 1275 1482 1339 fuerat
1534 1277 1793 1357 propter
1846 1275 2098 1341 uirilem
2157 1295 2376 1341 sexum
2421 1276 2635 1360 potius

338 1385 704 1452 honoranda
746 1402 1052 1469 persona;
1100 1403 1305 1466 neque
1354 1383 1522 1448 enim
1562 1383 1713 1466 quia
1749 1383 2092 1449 concubitu
2129 1403 2252 1450 non
2288 1383 2637 1467 permixtus

340 1492 483 1558 ideo
530 1512 655 1557 non
704 1491 993 1568 maritus,
1053 1510 1200 1555 eum
1247 1490 1387 1574 ipse
1434 1491 1803 1554 Matthaeus
1851 1493 2060 1564 narret
2105 1489 2182 1554 ab
2233 1491 2458 1573 angelo
2506 1490 2639 1554 Ma-

345 1599 503 1662 riam
552 1598 890 1683 coniugem
934 1597 1139 1680 ipsius
1188 1596 1594 1680 appellatam,
1643 1596 1754 1680 qui
1799 1598 2028 1672 narrat,
2068 1596 2239 1678 quod
2275 1615 2397 1660 non
2435 1596 2639 1679 ipsius

343 1704 708 1780 concubitu,
759 1704 870 1769 sed
920 1703 997 1769 de
1046 1703 1276 1785 spiritu
1325 1705 1545 1768 sancto
1596 1706 1990 1785 conceperat.
2039 1703 2269 1786 quodsi
2314 1721 2438 1767 non
2475 1703 2638 1766 Mat-

341 1813 569 1877 thaeus
618 1813 951 1894 apostolus
999 1811 1125 1875 ista
1168 1829 1343 1886 uera,
1393 1809 1507 1874 sed
1552 1809 1786 1892 aliquis
1827 1809 1990 1874 alius
2028 1810 2148 1875 sub
2189 1809 2328 1874 eius
2365 1810 2638 1876 nomine.

349 1919 517 1984 sicut
550 1918 911 1983 Manichaei
956 1920 1205 2000 putant.
1247 1935 1320 1981 ea
1355 1916 1519 1981 falsa
1568 1917 2015 1994 conscriberet,
2061 1917 2232 1981 itane
2280 1916 2404 1980 sibi
2450 1917 2640 1981 etiam

342 2027 477 2109 ipse
524 2026 589 2090 in
636 2025 827 2089 rebus
875 2023 1298 2107 apertissimis
1348 2026 1413 2086 et
1466 2027 1599 2087 tam
1658 2022 1736 2086 de
1791 2023 2074 2104 proximo
2132 2023 2441 2088 contextis
2499 2042 2641 2086 con-

348 2131 539 2196 traria
599 2131 989 2214 loqueretur,
1054 2134 1130 2194 ut
1194 2147 1385 2211 quem
1452 2129 1692 2194 diceret
1755 2128 1965 2193 Dauid
2029 2129 2233 2193 filium
2302 2129 2378 2192 de
2443 2129 2642 2193 Maria

342 2239 589 2322 uirgine
628 2240 765 2304 sine
805 2238 1182 2320 cuiusquam
1211 2235 1333 2300 uiri
1364 2236 1709 2300 concubitu
1746 2239 1988 2312 natum,
2027 2235 2314 2300 eiusdem
2350 2240 2642 2320 parentes

345 2346 656 2429 gradatim
709 2363 1082 2409 enumerans
1130 2362 1335 2426 usque
1382 2343 1461 2406 ad
1510 2361 1659 2406 eum
1708 2343 1842 2407 sine
1891 2342 2103 2424 aliqua
2137 2343 2381 2408 ratione
2416 2341 2642 2425 perdu-

346 2456 535 2529 ceret,
594 2473 783 2535 quem
840 2471 963 2518 non
1023 2453 1435 2517 commixtum
1484 2450 1724 2514 Mariae
1779 2450 1916 2532 ipse
1975 2449 2288 2514 dixisset?
2355 2449 2411 2514 si
2476 2449 2642 2513 enim

348 2559 513 2624 alius
580 2561 981 2624 enumeraret
1040 2561 1565 2641 progeneratores
1627 2555 1866 2620 Christi
1931 2573 1968 2618 a
2021 2554 2230 2618 Dauid
2296 2573 2500 2636 usque
2565 2554 2642 2618 ad

348 2665 578 2748 loseph
645 2665 861 2729 dicens
929 2683 1076 2728 eum
1142 2664 1348 2727 filium
1406 2662 1640 2734 Dauid,
1709 2665 1774 2725 et
1827 2662 1992 2726 alius
2050 2681 2196 2725 eum
2254 2661 2388 2725 sine
2445 2659 2642 2724 ullius

348 2773 469 2834 uiri
518 2772 861 2836 concubitu
911 2790 983 2835 ex
1030 2769 1277 2854 uirgine
1317 2769 1521 2834 Maria
1564 2771 1788 2832 natum
1829 2768 2064 2832 diceret
2101 2787 2218 2831 nec
2257 2786 2404 2831 eum
2438 2766 2638 2830 filium

348 2878 557 2942 Dauid
606 2879 977 2962 appellaret,
1028 2894 1144 2942 nec
1195 2877 1288 2941 sic
1337 2876 1641 2940 continuo
1688 2878 1912 2957 putare
1960 2872 2335 2938 deberemus
2375 2892 2484 2937 eos
2522 2871 2644 2948 sibi

348 2986 504 3050 haec
562 2985 875 3051 contraria
927 2985 1179 3050 locutos
1236 2982 1461 3058 fuisse,
1518 2984 1595 3046 ut
1649 2982 1756 3046 uel
1812 2982 1999 3046 ambo
2055 2981 2164 3044 uel
2209 2999 2378 3044 unus
2425 2998 2642 3044 eorum

348 3091 651 3158 falsitatis
683 3091 1187 3157 conuinceretur.
1230 3091 1511 3172 cogitare
1551 3089 1720 3153 enim
1759 3087 2132 3152 deberemus
2170 3086 2307 3151 fieri
2332 3086 2642 3169 potuisse,

350 3200 423 3262 ut
471 3199 657 3263 ambo
706 3217 861 3262 uera
907 3197 1211 3276 dicerent,
1256 3200 1333 3261 ut
1381 3199 1446 3260 et
1481 3195 1714 3278 Ioseph
1751 3194 2020 3258 maritus
2057 3192 2295 3258 Mariae
2335 3192 2648 3257 diceretur

348 3307 587 3371 habens
638 3325 777 3370 eam
828 3305 1166 3390 coniugem
1216 3303 1614 3369 continenter
1649 3321 1774 3366 non
1814 3300 2180 3378 concubitu,
2221 3299 2334 3364 sed
2371 3299 2645 3364 adfectu.

350 3431 470 3476 non
522 3412 967 3479 commixtione
1016 3429 1372 3493 corporum,
1421 3408 1535 3474 sed
1582 3407 2007 3490 copulatione,
2057 3405 2227 3489 quod
2273 3408 2374 3470 est
2418 3405 2644 3480 carius,

347 3519 722 3594 animorum,
772 3521 835 3582 et
880 3518 1023 3583 ideo
1073 3536 1193 3582 non
1244 3517 1542 3581 debuisse
1591 3515 1804 3578 uirum
1840 3513 2108 3598 uirginis
2145 3512 2368 3576 matris
2409 3509 2648 3576 Christi

527 3756 559 3807 2
600 3755 665 3809 cf.
705 3753 823 3808 Gal.
865 3756 911 3818 1,
951 3755 983 3809 8
1022 3772 1139 3824 sq.-

420 3909 454 3960 2
521 3906 821 3960 ammonuit
884 3903 1132 3958 LSMG
1386 3903 1418 3954 3
1484 3902 1590 3954 iam
1655 3917 1759 3956 om.
1825 3899 1934 3954 SG'
2179 3901 2472 3952 sectatores
2537 3897 2647 3953 SG

348 3999 383 4049 6
422 3999 497 4064 (et
536 3997 589 4061 9)
637 3995 886 4050 matheus
931 3993 979 4047 0
1016 3993 1293 4047 mattheus
1329 3991 1384 4045 L
1601 3991 1631 4042 7
1681 3989 1774 4059 qui
1818 3989 2032 4043 amat-iti
2082 3988 2128 4040 C
2341 3988 2566 4041 maritus
2615 3988 2644 4039 b

352 4087 413 4138 ll
454 4084 729 4139 mattheus
757 4081 864 4138 LO
894 4082 1143 4136 matheus
1172 4080 1274 4135 So
1386 4080 1451 4133 12
1480 4077 1690 4148 aliquid
1718 4077 1770 4131 L
1882 4079 1946 4132 13
1975 4077 2299 4146 Manichaei]
2335 4076 2568 4130 matthei
2593 4075 2647 4128 L

347 4173 617 4228 manichei
654 4174 699 4227 0
864 4173 1012 4225 itane
1048 4187 1092 4225 ε.
1132 4171 1168 4225 1.
1206 4187 1277 4224 m.
1314 4173 1345 4223 1
1388 4170 1433 4222 C
1598 4169 1662 4222 17
1701 4169 1876 4221 ration
1916 4167 1970 4220 L
2141 4168 2211 4220 20
2248 4165 2412 4219 ullius
2451 4165 2490 4234 (i
2525 4181 2569 4218 s.
2611 4165 2646 4218 1.

350 4281 389 4317 a
422 4280 492 4319 m.
532 4265 584 4330 1)
623 4262 678 4316 L
796 4261 858 4315 21
903 4261 1073 4314 maria
1108 4259 1320 4329 uirgine
1358 4259 1391 4312 b
1500 4259 1570 4312 22
1609 4256 1733 4326 sibi]
1775 4257 1868 4326 qui
1915 4254 2020 4310 sibi
2059 4255 2090 4306 b
2201 4253 2269 4308 23
2307 4253 2562 4322 loquutus
2607 4253 2655 4306 Ο

350 4353 419 4406 26
459 4352 803 4408 concubitum
842 4350 893 4404 L
1039 4349 1289 4404 affectum
1328 4345 1381 4400 L
