3159 4984
469 435 596 497 262
793 500 807 518 x
1164 435 1215 484 S.
1275 432 1548 484 Aureli
1610 431 2041 498 Augustini

471 628 694 692 merito
741 628 1138 711 placuerunt,
1189 626 1338 709 quia
1383 645 1496 690 nec
1542 624 1754 689 Dauid
1809 644 1927 689 nec
1972 624 2241 689 Mariam
2290 624 2601 715 inducunt
2646 644 2759 689 nec

474 734 838 816 Iosephum,
899 734 1011 799 sed
1056 733 1370 798 Iohannes
1426 731 1682 814 quidem
1738 730 1801 795 in
1857 730 2164 813 principio
2228 730 2429 793 fuisse
2491 730 2755 795 uerbum

473 840 630 905 dicit
685 844 750 905 et
803 840 1071 904 uerbum
1125 838 1326 903 fuisse
1383 838 1551 922 apud
1607 837 1794 902 deum
1850 841 1915 901 et
1970 837 2159 901 deum
2214 835 2413 902 fuisse
2468 837 2757 903 uerbum.

473 948 798 1012 Christum
831 946 1234 1031 significans;
1271 946 1528 1011 Marcus
1564 963 1739 1022 uero,
1778 944 2278 1027 euangelium,
2314 943 2543 1025 inquit,
2582 944 2755 1009 Iesu

473 1054 760 1121 Christi
813 1053 970 1117 filii
1027 1053 1166 1131 dei,
1222 1055 1550 1134 tamquam
1606 1050 2003 1115 Matthaeum
2063 1051 2428 1133 exprobanS,
2486 1050 2595 1131 qui
2649 1069 2756 1133 po·
2822 1072 2849 1110 ε,

471 1160 671 1225 suerit
725 1160 930 1225 filium
987 1158 1218 1227 Dauid.
1283 1158 1408 1223 nisi
1473 1157 1635 1221 forte
1702 1157 1972 1222 alterum
2034 1156 2139 1221 hic
2204 1160 2271 1220 et
2322 1156 2591 1219 alterum
2648 1156 2755 1219 ille

472 1266 805 1331 adnuntiat
849 1267 1085 1331 Iesum.
1153 1265 1308 1329 haec
1375 1283 1522 1349 ergo
1588 1264 1749 1329 ratio
1808 1266 1926 1340 est,
1984 1282 2109 1345 qua
2162 1282 2281 1348 ego
2336 1282 2461 1328 non
2516 1261 2757 1345 accipio

474 1374 799 1440 Christum
847 1375 1090 1437 natum.
1139 1374 1211 1435 tu
1258 1390 1432 1448 uero,
1481 1370 1536 1435 si
1581 1373 1799 1436 tantus
1845 1390 1935 1449 es,
2000 1373 2076 1434 ut
2119 1370 2282 1435 hanc
2318 1369 2477 1435 mihi
2514 1370 2757 1434 adimas

472 1480 903 1556 offensionem,
953 1478 1152 1557 effice,
1200 1479 1276 1541 ut
1318 1476 1483 1541 inter
1528 1495 1597 1541 se
1655 1475 1779 1559 ipsi
1834 1477 2233 1553 conueniant,
2292 1478 2357 1539 et
2410 1478 2756 1558 utcumque

469 1586 904 1662 succumbam,
970 1584 1264 1668 quamuis
1330 1602 1408 1647 ne
1475 1584 1568 1649 sic
1632 1583 1887 1665 quidem
1951 1584 2213 1668 dignum
2270 1582 2390 1647 erit
2448 1600 2521 1646 ex
2575 1584 2755 1647 utero
2792 1608 2850 1651 ιο

467 1696 688 1759 natum
737 1692 989 1757 credere
1038 1691 1224 1756 deum
1275 1694 1340 1755 et
1386 1690 1574 1754 deum
1623 1690 2130 1757 christianorum.

561 1802 622 1864 2.
687 1799 1153 1869 AUGUSTINUS
1199 1796 1562 1880 respondit:
1624 1795 1675 1861 O
1724 1795 1781 1860 si
1825 1796 1929 1878 pio
1979 1795 2193 1863 studio
2247 1794 2519 1879 legisses
2568 1814 2751 1860 euan-

470 1906 710 1991 gelium
769 1908 834 1970 et
888 1924 980 1981 ea,
1039 1923 1199 1987 quae
1253 1908 1319 1968 te
1373 1904 1439 1967 in
1496 1903 1909 1987 euangelistis
1964 1906 2290 1984 tamquam
2343 1902 2759 1987 repugnantia

467 2013 838 2087 mouissent,
871 2011 1209 2095 diligenter
1254 2029 1550 2094 quaerere
1582 2030 1771 2092 quam
1804 2013 2042 2074 temere
2072 2008 2365 2073 damnare
2393 2010 2755 2086 maluisses,

469 2123 543 2184 ut
598 2118 825 2183 saltem
880 2121 1136 2201 propter
1186 2118 1414 2200 ipsam,
1471 2136 1631 2199 quae
1689 2116 1871 2199 quasi
1934 2116 2138 2199 prima
2199 2116 2404 2181 fronte
2460 2116 2754 2184 occurrit,
2790 2138 2843 2181 ιο

469 2224 932 2308 apertissimam
968 2224 1446 2307 repugnantiam
1489 2224 1821 2308 cogitareS,
1851 2222 1973 2287 nisi
2010 2221 2250 2306 aliquid
2283 2222 2419 2286 illic
2454 2241 2755 2307 magnum

466 2331 714 2407 lateret,
765 2328 1022 2394 difficile
1067 2328 1202 2394 fieri
1248 2329 1557 2413 potuisse,
1619 2332 1694 2393 ut
1748 2332 1925 2393 tanta
1982 2329 2073 2395 eis
2133 2327 2476 2394 auctoritas
2521 2329 2585 2392 in
2632 2332 2755 2393 ter·

466 2456 674 2500 rarum
722 2436 872 2501 orbe
917 2436 1341 2519 praeberetur,
1383 2455 1506 2518 qua
1552 2436 1671 2501 sibi
1720 2438 1818 2500 tot
1862 2436 2189 2499 hominum
2239 2434 2754 2501 doctissimorum

467 2542 718 2627 ingenia
785 2542 1218 2626 subiugarent.
1297 2543 1448 2625 quid
1513 2543 1679 2609 enim
1743 2562 2045 2626 magnum
2113 2546 2214 2607 est
2274 2541 2510 2615 uidere,
2587 2541 2756 2623 quod

467 2648 747 2726 uidistis,
797 2648 957 2713 alios
1007 2648 1244 2714 Christi
1301 2650 1650 2714 secundum
1707 2669 1955 2714 carnem
2012 2656 2530 2733 progeneratores
2587 2667 2753 2712 com-
2787 2670 2843 2710 20

463 2755 800 2821 memorari
847 2774 884 2819 a
928 2755 1120 2834 Luca,
1179 2756 1339 2821 alios
1397 2774 1434 2819 a
1478 2756 1827 2830 Matthaeo,
1887 2775 2031 2820 cum
2089 2756 2273 2819 ambo
2322 2755 2549 2838 Ioseph
2610 2774 2751 2819 con-

467 2863 756 2939 stituant,
803 2862 1169 2928 Matthaeus
1218 2861 1293 2926 ad
1343 2883 1532 2945 quem
1577 2864 1895 2939 terminet,
1943 2863 2149 2927 Lucas
2197 2880 2233 2925 a
2279 2880 2402 2944 quo
2447 2861 2746 2944 incipiat:

462 2969 570 3051 qui
632 2970 890 3052 propter
953 2968 1268 3051 quoddam
1327 2989 1469 3034 cum
1530 2970 1667 3033 eius
1724 2972 1923 3033 matre
1981 2973 2271 3033 sanctum
2328 2972 2390 3033 et
2438 2967 2747 3051 uirginale

463 3074 831 3159 coniugium
908 3076 1099 3138 etiam
1171 3076 1308 3158 ipse
1380 3094 1609 3158 parens
1678 3074 1912 3140 Christi
1977 3076 2211 3139 meruit
2276 3074 2607 3158 appellari,
2678 3078 2751 3137 ut

458 3184 714 3264 propter
757 3181 1012 3245 uirilem
1061 3182 1434 3265 dignitatem
1483 3182 1559 3246 ab
1608 3181 1745 3265 ipso
1801 3183 1907 3246 uel
1955 3202 2156 3265 usque
2198 3182 2271 3245 ad
2311 3181 2521 3265 ipsum
2562 3200 2747 3264 gene·
2782 3202 2837 3243 π,

457 3286 733 3351 rationes
783 3289 1309 3352 contexerentur?
1358 3287 1507 3368 quid
1557 3306 1706 3372 ergo
1752 3306 2057 3371 magnum
2106 3290 2223 3363 est,
2264 3287 2433 3369 quod
2468 3285 2747 3363 uidistis,

460 3392 628 3475 quod
705 3393 901 3457 aliurn
977 3397 1213 3476 patrem
1291 3394 1524 3458 habeat
1595 3394 1823 3477 Ioseph
1904 3394 2252 3459 secundum
2326 3393 2745 3459 Matthaeum.

456 3500 650 3563 aliurn
719 3500 1066 3564 secundum
1133 3501 1398 3579 Lucam,
1467 3506 1531 3565 et
1596 3501 1789 3565 alium
1857 3521 2044 3566 auum
2114 3500 2461 3565 secundum
2528 3500 2743 3567 istum.

629 3690 664 3742 2
701 3688 768 3743 cf.
807 3690 922 3744 Ioh.
962 3692 1010 3757 1,
1055 3692 1078 3743 1
1190 3693 1226 3744 4
1261 3692 1422 3745 Marc.
1464 3695 1512 3755 1,
1556 3695 1578 3745 l

525 3814 558 3867 2
595 3814 784 3884 ioseph
812 3814 904 3879 Cb,
945 3816 1050 3884 (um
1093 3819 1253 3882 eras.)
1283 3816 1356 3869 M
1461 3818 1493 3870 5
1529 3816 1805 3870 matheum
1835 3817 1882 3871 S
1912 3818 2213 3873 mattheum
2252 3818 2305 3870 L
2414 3819 2443 3870 7
2485 3817 2613 3888 quia
2642 3816 2739 3870 SG

449 3907 482 3957 8
523 3906 601 3973 es]
639 3920 783 3958 esses
822 3903 920 3957 SG
1058 3906 1126 3957 10
1161 3922 1258 3959 nec
1295 3905 1464 3959 SMG
1606 3906 1666 3959 11
1708 3910 1893 3961 natum
1932 3924 2035 3961 om.
2072 3907 2363 3961 LOPSGb
2514 3908 2577 3960 12
2617 3920 2737 3973 cap.

449 3991 554 4046 VII
583 3992 863 4047 LSGPM
1001 3994 1302 4062 Agustinus
1331 3993 1382 4046 L
1495 3995 1559 4049 13
1600 4012 1701 4065 que
1730 3996 1784 4048 L
1895 3997 1957 4050 15
1997 3996 2179 4049 saltim
2208 3996 2261 4048 L
2373 3996 2438 4049 18
2478 3995 2656 4049 orbem
2688 3996 2741 4047 L

451 4098 584 4151 quas
621 4080 698 4136 ibi
739 4082 770 4134 b
919 4082 982 4134 19
1021 4083 1258 4152 ingenua
1297 4084 1356 4152 (s.
1395 4099 1432 4147 u
1472 4102 1508 4136 a
1545 4101 1613 4137 m.
1653 4090 1684 4137 1
1719 4083 1758 4154 i)
1796 4085 1852 4138 P
1993 4085 2309 4156 subigarent
2346 4086 2393 4141 S
2424 4086 2740 4156 subigerent

449 4172 498 4239 (e
519 4186 608 4237 pr.
637 4187 678 4223 8.
711 4170 774 4237 l.)
803 4169 852 4223 G·
961 4168 1027 4221 21
1069 4168 1309 4222 mattheo
1332 4169 1439 4222 LC'
1544 4172 1614 4223 22
1641 4170 1915 4225 mattheus
1936 4172 1989 4224 L
2015 4174 2264 4227 matheus
2292 4174 2339 4227 Ο
2478 4175 2665 4230 imin&
2686 4174 2741 4227 L

448 4258 727 4329 pertingat
763 4258 861 4312 SG
983 4258 1052 4311 23
1091 4257 1358 4327 uirginale
1396 4260 1450 4319 (a
1487 4260 1546 4312 in
1586 4265 1717 4327 ras.)
1760 4260 1811 4313 L
1938 4262 2005 4315 24
2044 4261 2269 4331 apellari
2314 4263 2360 4315 G
2492 4264 2557 4316 27
2598 4272 2737 4316 rnat-

445 4346 630 4400 theum
671 4347 720 4399 Ι,
757 4346 1063 4400 mathaeum
1112 4346 1157 4398 C
