3159 4984
1023 412 1152 467 IIII.
1213 411 1502 468 Contra
1561 413 2073 467 Adimantum.
2552 416 2677 479 185

392 628 560 675 asse
608 612 940 675 ueneunt
987 611 1058 673 et
1104 628 1298 673 unus
1347 628 1427 673 ex
1474 608 1593 675 his
1640 628 1781 674 non
1831 609 2036 674 cadit
2080 590 2479 674 in‘terram
2518 608 2679 673 sine

389 717 796 781 uoluntate
842 716 1082 799 patris
1131 716 1418 781 uestri?
1463 716 1556 779 ita
1604 735 1753 800 ergo
1801 716 1958 781 deus
2005 717 2245 780 malum
2292 716 2465 790 facit,
2512 715 2683 798 quod

393 840 518 887 non
581 822 708 905 ipsi
773 821 890 887 deo
953 822 1196 885 malum
1262 824 1378 894 est,
1445 823 1558 888 sed
1616 822 1728 889 eis.
1787 823 1851 886 in
1908 842 2069 904 quos
2117 822 2417 887 uindicat.
2466 823 2681 903 itaque

391 928 550 1011 ipse,
601 932 908 1011 quantum
956 928 1035 993 ad
1083 946 1150 993 se
1196 928 1490 1012 pertinet,
1536 930 1773 994 bonum
1820 930 1992 995 facit.
2032 929 2181 1011 quia
2219 947 2401 994 omne
2438 929 2679 993 iustum

324 1056 352 1095 ε,
393 1037 632 1100 bonum
679 1036 797 1110 est,
846 1036 912 1098 et
953 1034 1124 1100 iusta
1173 1038 1274 1098 est
1319 1034 1428 1098 illa
1473 1034 1777 1103 uindicta.
1828 1040 1893 1100 et
1938 1035 2077 1099 ideo
2125 1054 2247 1099 non
2297 1038 2396 1101 est
2442 1037 2683 1100 contra-

397 1142 586 1218 rium,
634 1141 804 1225 quod
849 1140 1230 1206 Adimantus
1287 1139 1484 1206 obicit
1539 1141 1773 1207 dixisse
1830 1142 2193 1207 dominum:
2244 1142 2460 1207 arbor
2494 1141 2685 1205 bona

397 1247 696 1313 fructus
745 1248 982 1314 bonos
1029 1247 1246 1318 facit:
1305 1247 1500 1311 mala
1547 1250 1797 1311 autern
1842 1248 2059 1313 arbor
2102 1247 2339 1312 malos
2386 1248 2682 1311 fruetus

395 1355 604 1421 facit.
673 1353 966 1436 quamuis
1024 1353 1192 1419 enim
1245 1355 1486 1419 malum
1553 1355 1639 1419 sit
1705 1355 1991 1439 gehenna
2056 1354 2373 1422 damnate.
2437 1353 2685 1419 iustitia

399 1468 610 1527 tamen
661 1462 762 1526 dei
806 1462 972 1527 bona
1019 1464 1120 1525 est
1166 1464 1231 1525 et
1273 1460 1411 1544 ipse
1467 1460 1713 1525 fructus
1772 1466 1871 1526 est
1926 1481 1997 1525 ex
2054 1462 2271 1525 arbore
2328 1462 2511 1526 bona.
2574 1461 2683 1525 ille

302 1591 360 1629 ιο
411 1574 620 1635 autem
686 1569 874 1633 malis
937 1571 1340 1652 peccatorum
1408 1586 1670 1633 suorum
1724 1569 2185 1633 thesaurizauit
2238 1568 2363 1634 sibi
2414 1568 2571 1632 iram
2626 1567 2689 1631 in

403 1676 502 1740 die
547 1676 674 1741 irae
724 1680 790 1740 et
834 1675 1242 1741 reuelationis
1289 1675 1444 1740 iusti
1491 1674 1712 1739 iudicii
1762 1674 1882 1747 dei,
1930 1676 2038 1757 qui
2085 1674 2307 1739 reddet
2350 1674 2691 1756 unicuique

401 1783 750 1847 seeundum
789 1800 978 1866 opera
1013 1800 1150 1846 sua.
1199 1800 1580 1864 quamquam
1621 1782 1779 1846 duae
1817 1782 1979 1847 istae
2016 1784 2269 1847 arbores
2308 1781 2689 1846 manifestis-

403 1888 562 1953 sime
628 1889 693 1953 in
758 1888 1175 1953 similitudine
1243 1887 1512 1953 duorum
1575 1888 1907 1953 hominum
1961 1889 2207 1972 positae
2265 1888 2413 1963 sint,
2468 1888 2534 1952 id
2591 1890 2691 1952 est

398 1995 554 2060 insti
584 1998 650 2060 et
674 1994 918 2073 iniusti,
974 1995 1124 2078 quia
1159 1994 1284 2059 nisi
1320 1994 1589 2076 quisque
1629 1996 2023 2059 uoluntatem
2057 1995 2423 2071 mutauerit‚
2450 1994 2689 2060 bonum

305 2120 356 2158 ιε·
404 2101 646 2184 operari
689 2121 813 2168 non
859 2105 1091 2185 potest.
1141 2101 1313 2182 quod
1350 2101 1415 2166 in
1456 2105 1675 2166 nostra
1710 2104 2027 2185 potestate
2064 2121 2204 2167 esse
2242 2101 2525 2185 positum
2562 2101 2687 2165 alio

399 2208 538 2272 loco
579 2209 782 2283 docet,
814 2208 925 2272 ubi
963 2208 1088 2272 ait:
1129 2212 1260 2273 aut
1296 2208 1529 2273 facite
1569 2210 1905 2273 arborem
1942 2209 2207 2273 bonam
2246 2212 2315 2272 et
2354 2208 2685 2272 fructum

402 2314 562 2379 eius
627 2316 929 2382 bonum:
997 2317 1126 2379 aut
1188 2315 1423 2379 facite
1489 2316 1828 2380 arborem
1891 2315 2159 2379 malam
2226 2318 2299 2379 et
2354 2315 2685 2378 fructum

401 2421 564 2487 eius
628 2423 922 2487 malum.
990 2421 1122 2486 illis
1190 2422 1356 2486 enim
1424 2421 1544 2487 hoc
1612 2421 1785 2487 dicit.
1852 2420 1962 2503 qui
2024 2422 2335 2505 putabant
2400 2440 2467 2485 se
2522 2421 2686 2486 bona

394 2528 575 2610 loqui
619 2547 831 2611 posse.
881 2546 1028 2592 eum
1077 2531 1294 2593 essent
1339 2528 1514 2605 mali,
1563 2528 1685 2593 hoe
1742 2532 1843 2593 est
1894 2528 2097 2593 bonos
2154 2527 2401 2593 fruetus
2458 2528 2684 2604 facere,

281 2652 335 2690 20
399 2652 544 2699 eum
575 2638 793 2701 essent
819 2634 1070 2699 arbores
1099 2636 1322 2699 malae.
1365 2634 1458 2699 sie
1495 2635 1665 2699 enim
1706 2638 1769 2699 et
1807 2634 2177 2719 subiungit:
2218 2633 2683 2719 hypocritae,

395 2741 765 2823 quomodo
831 2742 1166 2825 potestis
1231 2742 1425 2806 bona
1479 2742 1712 2824 loqui,
1773 2761 1935 2806 cum
1994 2742 2171 2807 sitis
2232 2740 2452 2805 mali?
2518 2740 2685 2803 mala

395 2866 547 2932 ergo
594 2849 776 2914 arbor
821 2848 1070 2914 fruetus
1115 2848 1316 2915 bonos
1364 2848 1569 2913 faeere
1615 2867 1739 2913 non
1787 2851 2038 2932 potest:
2089 2847 2199 2912 sed
2240 2867 2311 2912 ex
2346 2849 2515 2911 mala
2551 2846 2685 2912 fieri

395 2954 560 3020 bona
597 2958 830 3039 potest,
871 2958 946 3019 ut
982 2954 1468 3021 bonos‘fruotns
1507 2955 1687 3019 ferat.
1736 2955 2003 3019 fuistis
2042 2956 2237 3019 enim
2278 2955 2679 3037 aliquando

393 3062 775 3133 tenebrae,
821 3062 1048 3145 inquit,
1107 3080 1298 3126 nunc
1357 3064 1605 3126 autem
1663 3062 1789 3126 lux
1844 3062 1915 3125 in
1974 3062 2293 3128 domino.
2358 3065 2681 3144 tamquam

297 3184 352 3225 2⁵
393 3167 448 3232 si
496 3168 770 3233 diceret:
835 3168 1050 3235 fuistis
1099 3168 1436 3251 aliquando
1485 3169 1739 3235 arbores
1786 3170 1989 3233 malae
2038 3170 2105 3233 et
2145 3168 2290 3233 ideo
2346 3172 2499 3233 tune
2553 3187 2676 3233 non

393 3276 700 3357 poteratis
755 3274 878 3339 nisi
943 3275 1148 3341 malos
1213 3275 1463 3340 fruetus
1526 3275 1769 3351 facere3
1837 3294 2029 3341 nune
2095 3279 2353 3340 autum
2416 3276 2541 3340 lux
2604 3274 2675 3339 in

391 3382 712 3457 domino,
758 3381 824 3446 id
871 3384 968 3447 est
1013 3382 1140 3445 iam
1186 3382 1342 3447 faeti
1391 3382 1645 3447 arbores
1690 3382 1893 3447 bonae
1941 3382 2085 3447 date
2143 3382 2387 3447 fruetus
2435 3383 2673 3459 bonos;

564 3618 597 3669 6
635 3617 830 3671 Matth.
870 3617 918 3674 7.
960 3616 1026 3670 17
1134 3616 1197 3669 112
1235 3617 1300 3670 cf.
1346 3618 1495 3671 Rom.
1534 3616 1587 3679 2.
1626 3618 1659 3671 5
1696 3634 1775 3687 sq.
1888 3618 1953 3671 16
1982 3617 2180 3673 Matth.
2221 3617 2305 3678 12,
2346 3618 2415 3672 32
2453 3634 2533 3687 sq.

460 3777 486 3828 l
527 3740 656 3839 adse
677 3774 817 3828 P²V
919 3776 1034 3831 sine
1064 3775 1234 3847 patris
1261 3776 1430 3832 uestri
1457 3775 1742 3831 uoluntate
1768 3776 2067 3833 GTCSVo
2138 3778 2171 3831 2
2202 3775 2394 3843 uestris
2425 3778 2471 3842 (s
2501 3777 2595 3843 er.)
2624 3774 2682 3829 P

385 3890 416 3942 ‘7
475 3889 598 3957 (bie)
655 3856 857 3955 fructds
912 3890 992 3944 P²
1132 3891 1166 3945 8
1223 3892 1423 3945 malum
1478 3907 1581 3946 om.
1645 3890 1693 3946 0
1850 3890 2143 3963 dampnato
2211 3892 2265 3945 V
2387 3892 2420 3945 9
2475 3890 2574 3945 illa
2630 3890 2683 3943 P

388 3976 454 4031 10
480 3977 814 4034 thesaurizat
844 3978 1139 4038 GTOSrb
1252 3980 1318 4033 12
1353 3979 1492 4033 istae
1531 3979 1670 4035 duae
1714 3978 1891 4036 Taso
2002 3982 2071 4035 14
2108 3985 2165 4037 et
2203 3981 2404 4037 eniusti
2433 3981 2501 4046 (a.
2530 3980 2595 4041 1.)
2626 3978 2681 4032 Ρ

384 4064 455 4119 20
509 4070 654 4121 esset
689 4067 722 4121 b
907 4070 1184 4140 ypocritae
1223 4068 1276 4121 P
1326 4068 1693 4140 hypochrytae
1753 4068 1805 4123 G
1858 4069 2156 4140 hipocritae
2220 4068 2273 4121 V
2419 4068 2487 4124 21
2546 4069 2677 4125 mali

387 4154 508 4211 sitis
541 4155 624 4209 Tb
732 4157 802 4211 23
837 4155 980 4213 bona
1016 4175 1119 4217 om.
1153 4158 1202 4213 G
1341 4162 1526 4229 potest
1559 4157 1703 4213 bona
1741 4157 1794 4213 V
1895 4158 1965 4213 24
2001 4158 2184 4230 inquit
2222 4159 2499 4229 apostolus
2534 4158 2587 4211 T
2596 4158 2677 4213 Vb

387 4246 456 4300 25
509 4248 568 4297 et
621 4244 744 4300 ideo
799 4262 904 4299 non
960 4246 1224 4317 poteratis
1277 4250 1408 4302 tune
1449 4244 1742 4301 GTCSVo
1860 4248 1928 4301 27
1966 4247 2094 4315 iam]
2134 4248 2298 4302 etiam
2343 4246 2581 4303 GSVob
2619 4250 2678 4303 et

388 4334 494 4388 iam
541 4331 591 4385 T
733 4334 862 4388 faeti
901 4336 1031 4389 estis
1072 4336 1102 4389 b
1142 4335 1284 4389 facte
1334 4334 1383 4388 V
1527 4334 1655 4405 date
1699 4335 1747 4389 0
