3159 4984
475 420 603 481 320
861 410 864 413 ¹
1182 415 1234 467 S.
1294 412 1564 467 Aureli
1621 413 2060 482 Augustini

468 611 797 691 interpreS‚
845 613 1056 672 tamen
1126 607 1449 672 Christum
1524 626 1594 671 ex
1671 608 1910 672 semine
1967 607 2175 671 Dauid
2223 627 2364 672 esse
2415 606 2764 671 secundum

470 736 738 791 carnem,
789 715 1071 781 omnium
1116 715 1424 779 librorum
1491 718 1680 796 atque
1745 716 2108 799 linguarum
2165 715 2504 779 concordat
2549 719 2764 779 aucto-

468 825 641 888 ritas.
689 824 754 888 in
802 823 923 887 hoc
970 826 1185 886 autem
1238 822 1511 885 Paulum
1580 821 1916 904 aliquando
1985 840 2223 885 errasse
2273 826 2338 885 et
2380 821 2762 904 proficiendo

466 933 750 995 mutasse
799 929 1197 1006 sententiam,
1247 928 1415 992 absit
1478 931 1552 991 ut
1609 928 1912 993 dicamus.
1965 927 2134 1010 quod
2182 928 2370 992 etiam
2420 928 2554 1008 ipse
2602 930 2762 993 Fau-

392 1098 395 1103 .
468 1040 606 1103 stus
669 1038 871 1102 sensit
934 1056 1121 1119 quam
1186 1036 1449 1119 inprobe
1516 1040 1704 1118 atque
1771 1036 1937 1119 inpie
2006 1036 2338 1112 diceretur,
2409 1036 2762 1118 maluitque

468 1145 671 1209 dicere
718 1144 903 1209 Pauli
966 1144 1305 1226 epistulam
1372 1142 1640 1207 aliorum
1704 1142 1983 1207 falsitate
2033 1145 2388 1225 corruptam
2437 1161 2626 1224 quam
2671 1143 2764 1226 ip-

468 1252 600 1315 sius
652 1270 855 1315 errore
903 1251 1223 1315 uitiosam.

556 1360 615 1423 5.
665 1358 761 1421 De
807 1358 908 1422 his
976 1358 1143 1421 enim
1207 1357 1386 1421 libris
1455 1356 1579 1421 dici
1643 1360 1858 1439 potest
1903 1357 2140 1439 aliquid
2207 1376 2314 1421 eos
2365 1358 2593 1422 habere
2640 1378 2763 1423 non

466 1484 811 1530 consonum
884 1464 1153 1529 fortasse
1230 1464 1566 1529 occultiori
1643 1466 1708 1528 et
1781 1463 1859 1527 ad
1919 1464 2373 1528 dinoscendum
2423 1463 2765 1529 difficiliori

464 1572 738 1647 ueritati,
790 1572 959 1653 quod
1025 1576 1135 1635 aut
1184 1572 1275 1636 sic
1339 1571 1712 1636 remanserit
1759 1574 1870 1635 aut
1912 1572 1975 1635 in
2022 1572 2476 1654 posterioribus
2527 1590 2762 1637 correc-

464 1682 602 1742 tum
650 1678 756 1754 sit,
807 1679 918 1759 qui
964 1697 1085 1743 non
1124 1677 1549 1760 praecipiendi
1587 1679 1985 1755 auctoritate,
2035 1678 2148 1742 sed
2191 1677 2559 1761 proficiendi
2596 1697 2762 1742 exer-

466 1785 763 1849 citatione
832 1784 1195 1848 scribuntur
1262 1802 1297 1846 a
1362 1782 1561 1849 nobis,
1628 1784 1795 1848 inter
1847 1784 1965 1848 hos
2023 1784 2189 1847 enim
2238 1803 2480 1859 sumus
2531 1784 2761 1866 quibus

462 1892 631 1955 idem
681 1891 837 1956 dicit
884 1891 1249 1973 apostolus:
1318 1894 1393 1955 et
1458 1891 1522 1954 si
1589 1890 1770 1972 quid
1835 1891 2074 1955 aliter
2118 1892 2424 1973 sapitiS,
2472 1891 2546 1955 id
2593 1910 2759 1973 quo-

465 2017 603 2080 que
652 1998 872 2063 uobis
922 1996 1103 2061 deus
1151 1996 1553 2061 reuelabit.
1605 1997 1774 2078 quod
1812 2017 2013 2081 genus
2051 1998 2405 2062 litterarum
2453 2016 2574 2061 non
2615 2016 2759 2061 cum

465 2103 756 2169 credendi
820 2103 1219 2180 necessitate,
1288 2102 1401 2167 sed
1468 2121 1613 2167 cum
1677 2103 1997 2167 iudicandi
2060 2103 2353 2168 libertate
2417 2103 2754 2186 legendum

464 2214 581 2275 est.
632 2211 735 2275 cui
780 2214 991 2275 tamen
1038 2229 1115 2273 ne
1159 2209 1688 2273 intercluderetur
1728 2210 1910 2274 locus
1959 2214 2023 2273 et
2059 2210 2440 2274 adimeretur
2481 2210 2752 2293 posteris

463 2317 542 2381 ad
580 2317 981 2399 quaestiones
1020 2316 1311 2381 difficiles
1348 2316 1706 2381 tractandas
1754 2317 2330 2397 atque,uersandas
2375 2317 2629 2400 linguae
2677 2336 2748 2380 ae

460 2424 593 2487 stili
668 2424 1119 2488 saluberrimus
1185 2422 1382 2498 labor,
1460 2422 1758 2487 distincta
1822 2425 1922 2487 est
1987 2442 2024 2486 a
2085 2423 2506 2505 posteriorum
2568 2423 2746 2488 libris

463 2531 832 2596 excellentia
899 2530 1231 2595 canonicae
1300 2529 1696 2595 auctoritatis
1762 2530 1997 2593 ueteris
2053 2533 2120 2593 et
2163 2530 2310 2594 noui
2357 2532 2744 2599 testamenti.

459 2656 621 2720 quae
696 2637 1127 2719 apostolorum
1202 2636 1570 2701 confirmata
1643 2636 2037 2718 temporibus
2117 2656 2229 2720 per
2309 2638 2744 2703 successiones

460 2746 897 2827 episcoporum
966 2747 1031 2809 et
1094 2743 1583 2827 propagationes
1651 2742 2064 2807 ecclesiarum
2117 2746 2448 2825 tamquam
2498 2744 2563 2807 in
2611 2744 2757 2808 sede

458 2850 725 2933 quadam
796 2850 1156 2915 sublimiter
1219 2849 1568 2915 constituta
1633 2853 1750 2930 est,
1821 2848 1924 2914 cui
1990 2848 2228 2915 seruiat
2292 2850 2496 2914 omnis
2552 2849 2758 2915 fidelis

460 2962 525 3022 et
568 2958 712 3041 pius
759 2958 1145 3022 intellectus.
1211 2956 1301 3021 ibi
1370 2958 1425 3021 si
1472 2957 1628 3038 quid
1674 2958 1858 3021 uelut
1905 2957 2248 3021 absurdum
2295 2958 2585 3033 mouerit,
2635 2978 2758 3023 non

456 3064 610 3129 licet
654 3064 888 3128 dicere:
938 3068 1160 3128 auctor
1206 3063 1395 3127 huius
1440 3064 1588 3127 libri
1627 3082 1750 3129 non
1789 3065 2002 3128 tenuit
2045 3065 2399 3141 ueritatem,
2450 3065 2598 3129 sed:
2647 3068 2759 3128 aut

457 3170 646 3235 codex
693 3168 1035 3235 mendosus
1086 3172 1183 3233 est
1232 3172 1343 3232 aut
1377 3169 1687 3251 interpres
1727 3170 1960 3234 errauit
1997 3173 2108 3233 aut
2144 3172 2213 3233 tu
2253 3190 2375 3234 non
2417 3170 2754 3254 intellegis.

456 3275 515 3340 in
566 3276 890 3359 opusculis
958 3277 1171 3339 autem
1218 3275 1661 3358 posteriorum,
1729 3295 1892 3360 quae
1956 3276 2134 3341 libris
2187 3276 2754 3343 innumerabilibus

456 3382 875 3458 continentur,
926 3382 1039 3447 sed
1111 3382 1287 3446 nullo
1363 3381 1553 3447 modo
1629 3382 1724 3446 illi
1801 3383 2267 3448 sacratissimae
2316 3384 2753 3449 canonicarum

454 3489 905 3572 scripturarum
944 3488 1350 3553 excellentiae
1392 3492 1841 3571 coaequantur,
1893 3490 2084 3554 etiam
2132 3489 2194 3553 in
2244 3490 2754 3573 quibuscumque

456 3614 673 3673 eorum
718 3596 1040 3660 inuenitur
1088 3595 1307 3659 eadem
1356 3595 1614 3675 ueritas,
1661 3596 1850 3680 longe
1915 3600 2127 3661 tamen
2177 3599 2276 3662 est
2320 3597 2499 3680 inpar
2544 3600 2755 3663 aucto-

452 3702 625 3767 ritas,
672 3703 889 3784 itaque
944 3702 1007 3765 in
1076 3702 1189 3783 eis,
1256 3700 1311 3765 si
1373 3718 1499 3783 qua
1560 3700 1724 3773 forte
1789 3704 2120 3784 propterea
2165 3701 2486 3767 dissonare
2531 3706 2754 3785 putan-

634 3929 697 3981 13
735 3928 877 3983 Phil.
916 3928 966 3994 3,
1010 3927 1076 3981 15

521 4072 555 4125 6
593 4070 879 4141 epistolam
908 4068 961 4122 L
1066 4071 1100 4123 8
1129 4069 1326 4138 aliquit
1353 4068 1406 4122 L
1514 4070 1546 4122 9
1575 4068 1906 4123 noscendum
1939 4068 1986 4123 0
2097 4070 2160 4123 10
2189 4068 2421 4123 ueritate
2450 4069 2498 4123 S
2519 4070 2750 4123 ueritate

452 4166 502 4225 (e
551 4176 617 4213 ex
661 4160 680 4213 i
728 4160 888 4226 corr.)
943 4158 1065 4213 GM
1243 4158 1320 4213 sic
1366 4174 1468 4213 om.
1517 4158 1547 4212 b
1705 4162 2005 4229 correptum
2059 4159 2124 4212 01
2274 4159 2338 4212 13
2377 4158 2499 4229 apis
2536 4158 2671 4213 dicit
2717 4158 2748 4211 b

452 4250 519 4303 14
561 4248 831 4302 reuelauit
873 4248 953 4301 Ob
1074 4249 1139 4301 16
1177 4247 1540 4301 adhimeretur
1585 4246 1632 4300 G
1739 4248 1804 4301 17
1844 4248 2155 4317 questiones
2195 4248 2294 4301 SG
2407 4248 2472 4301 18
2519 4246 2660 4300 stilis
2698 4246 2749 4300 L

450 4342 518 4395 ’20
557 4353 659 4408 que
704 4338 751 4390 Ο
855 4338 924 4390 23
964 4337 1083 4407 quit
1119 4336 1172 4390 L
1279 4337 1345 4389 27
1386 4354 1537 4391 sacra
1570 4338 1816 4391 tissimae
1855 4338 1928 4390 M

2803 1584 2858 1620 w

2798 2115 2855 2155 15

2794 2651 2853 2689 20

2797 3180 2854 3220 25

2793 3714 2850 3752 30
