3159 4984
506 490 634 551 212
929 446 938 452 ι
1207 485 1260 539 S.
1316 482 1590 536 Aureli
1646 480 2082 550 Augustini

508 686 574 747 et
617 681 738 745 hoc
785 698 1033 763 quoque
1079 682 1155 743 ut-
1201 678 1530 743 credamus
1575 676 1773 741 iubet.
1823 675 1965 757 quis
2002 674 2163 737 ferat
2199 675 2439 736 tantam
2475 670 2791 736 fallaciam

503 789 872 869 tantamque
921 784 1276 868 superbiam
1299 788 1331 847 ⁴?

600 894 705 959 15.
756 889 972 970 Quid?
1022 890 1077 956 si
1124 910 1247 956 non
1303 890 1508 956 solum
1561 890 1821 965 incerta,
1862 887 1974 951 sed
2014 886 2204 951 etiam
2243 886 2403 950 falsa
2440 905 2598 951 esse.
2641 904 2797 967 quae

509 998 682 1066 dicit.
733 996 849 1061 deo
891 999 960 1060 et
997 996 1249 1062 domino
1289 998 1504 1061 nostro
1544 994 1703 1059 mihi
1744 994 2094 1077 opitulante
2142 994 2599 1056 monstrauero.
2649 992 2797 1074 quid

511 1104 834 1170 infelicius
903 1103 1028 1167 ista
1092 1102 1540 1185 superstitione
1599 1100 1868 1165 inueniri
1922 1102 2156 1184 potest.
2216 1118 2375 1181 quae
2432 1117 2555 1162 non
2592 1097 2799 1162 'modo
2864 1114 2893 1153 ⁵

517 1231 640 1276 non
691 1210 943 1275 exhibet
988 1210 1341 1287 scientiam,
1398 1228 1583 1291 quam
1634 1207 1970 1292 promittit,
2028 1209 2217 1289 atque
2272 1206 2628 1276 ueritatem.
2688 1204 2798 1269 sed

512 1338 588 1382 ea
634 1306 1008 1399 dicit,'quae
1046 1316 1457 1381 uehementer
1493 1318 1645 1381 sunt
1680 1315 1983 1380 scientiae
2020 1313 2402 1395 ueritatique
2441 1312 2799 1377 contraria?

517 1423 686 1507 quod
733 1424 793 1487 in
856 1421 1271 1504 sequentibus
1336 1420 1735 1485 manifestius
1803 1422 2145 1505 adparebit.
2220 1420 2308 1483 ita
2376 1420 2539 1483 onim
2608 1420 2795 1484 dicit:

514 1532 728 1594 iuxta
785 1540 1002 1593 unam
1061 1546 1238 1592 uero
1295 1532 1585 1612 partem
1643 1548 1723 1591 ac
1778 1530 1983 1595 latus
2040 1526 2397 1591 inlustris
2454 1524 2799 1590 illius'ac

515 1640 823 1701 sanctae
871 1638 1121 1699 terrae
1169 1637 1328 1698 erat
1373 1634 1855 1699 tenebrarum
1912 1638 2113 1699 terra
2166 1634 2537 1718 profunda
2584 1636 2657 1697 et
2701 1632 2801 1695 in·
2842 1640 2893 1679 ¹⁰

517 1761 775 1807 mensa
819 1740 1367 1824 magnitudine.
1415 1741 1488 1804 in
1538 1760 1683 1823 qua
1719 1741 2170 1805 habitabant
2206 1742 2430 1825 ignea
2469 1738 2801 1825 corpora.

516 1867 791 1934 genera
857 1848 1168 1913 scilicet
1231 1846 1620 1929 pestifera.
1686 1847 1809 1912 hic
1873 1848 2232 1912 infinitae
2297 1848 2656 1913 tenebrae
2724 1868 2803 1911 ex

519 1955 774 2019 eadem
823 1956 1216 2017 manantes
1263 1958 1531 2017 natura
1588 1953 2197 2020 inaestimabiles
2256 1972 2412 2019 cum
2472 1954 2802 2038 propriis

513 2060 838 2135 fetibus3
885 2058 1090 2122 ultra
1139 2078 1322 2141 quas
1384 2062 1598 2123 erant
1654 2078 1889 2141 aquae
1931 2076 2295 2124 caenosas
2336 2077 2416 2123 ac
2453 2060 2801 2125 turbidae

519 2186 686 2231 cum
779 2164 940 2230 suis
1022 2164 1707 2240 inhabitatoribus;
1794 2182 2102 2247 quarum
2185 2164 2509 2230 interius
2594 2168 2803 2230 uenti
2842 2171 2894 2210 ¹⁵

514 2258 928 2339 horribiles
986 2291 1070 2337 ac
1129 2271 1623 2336 uehementes
1682 2292 1843 2336 cum
1902 2292 2034 2337 suo
2092 2272 2429 2356 principe
2488 2278 2559 2336 et
2606 2272 2803 2357 geni-

515 2379 834 2446 toribus.
882 2396 1177 2442 rursum
1223 2378 1436 2461 regio
1475 2378 1700 2463 ignea
1739 2382 1815 2442 et
1855 2378 2400 2462 corruptibilis
2441 2398 2604 2443 cum
2642 2380 2801 2443 suis

519 2485 841 2549 ducibus
873 2487 947 2548 et
971 2482 1436 2548 nationibus.
1488 2483 1650 2566 pari
1696 2502 1895 2548 more
1942 2484 2353 2549 introrsum
2400 2500 2581 2567 gens
2631 2484 2801 2548 cali-

517 2593 719 2678 'ginis
761 2610 840 2655 ac
879 2590 1064 2654 sum-i
1092 2590 1330 2673 plena,
1362 2590 1434 2653 in
1468 2610 1609 2673 qua
1634 2592 2069 2655 morabatur
2095 2590 2418 2655 inmanis
2448 2592 2801 2675 princeps

519 2692 1099 2763 bmniumetdux
1126 2694 1414 2759 habens
1449 2694 2363 2760 circaseinnumerabiles
2393 2696 2797 2780 principes,
2842 2698 2899 2743 ²⁰

519 2812 832 2885 quorum
907 2800 1228 2866 omnium
1274 2801 1437 2884 ipse
1487 2798 1649 2865 erat
1691 2804 2171 2883 mens‘atque
2223 2802 2461 2891 origo:
2511 2803 2797 2884 haeque

511 2910 826 2975 fuerunt
873 2911 1183 2973 naturae
1233 2909 1559 2991 quinque
1608 2912 1853 2973 terrae
1900 2908 2334 2989 pestiferae.
2488 2892 2496 2905 ’

525 3020 534 3029 ’
604 3016 673 3080 Si
720 3014 962 3078 aerium
1006 3014 1111 3077 uel
1161 3014 1351 3077 etiam
1397 3012 1749 3077 aetherium
1790 3032 2017 3096 corpus
2057 3012 2297 3097 diceret
2334 3031 2473 3078 esse
2511 3016 2795 3077 naturam

479 3116 639 3215 ¹dei,
686 3120 970 3205 profecto
1019 3119 1394 3183 inrideretur
1441 3119 1516 3184 ab
1559 3120 1879 3203 omnibus,
1931 3119 2037 3201 qui
2086 3104 2429 3202 sapientiae
2485 3120 2797 3183 ueritatis-

515 3242 638 3309 que
667 3218 952 3291 naturam
984 3245 1097 3309 per
1123 3226 1298 3290 nulla
1335 3226 1539 3310 spatia
1573 3226 1860 3291 locorum
1898 3226 2240 3291 distentam
2280 3229 2467 3309 atque
2507 3226 2797 3289 diffusam
2837 3230 2889 3270 ²⁵

517 3334 652 3398 sine
699 3334 834 3396 ulla
879 3332 1047 3396 mole
1094 3324 1388 3418 magnam
1439 3335 1503 3396 et
1545 3332 1949 3416 magnificam
1994 3352 2111 3398 nec
2154 3333 2218 3397 in
2274 3336 2449 3417 parte
2493 3333 2793 3397 minorem

517 3442 582 3503 et
625 3434 690 3503 in
735 3440 915 3521 parte
963 3430 1286 3513 maiorem,
1337 3439 1448 3503 sed
1495 3458 1607 3522 per
1654 3440 1865 3505 omnia
1921 3440 2248 3522 aequalem
2306 3458 2556 3504 summo
2610 3438 2795 3522 patri.

513 3534 628 3610 nec
677 3544 849 3608 aliud
896 3543 1231 3609 habentem
1280 3544 1383 3609 hic
1432 3548 1497 3609 et
1543 3546 1717 3609 aliud
1774 3546 1944 3621 alibi,
2005 3545 2117 3611 sed
2170 3545 2407 3628 ubique
2464 3546 2797 3630 integram.

589 3763 614 3817 1
655 3762 750 3816 hec
791 3764 820 3815 b
965 3780 1086 3834 cap.
1128 3765 1192 3818 15
1229 3765 1448 3832 incipit:
1489 3764 1623 3829 Quis
1660 3762 1799 3818 ferat
1832 3781 1944 3834 sqq.
1982 3766 2013 3818 b
2124 3764 2155 3817 3
2195 3764 2243 3817 si
2278 3781 2380 3819 om.
2417 3763 2470 3817 L
2578 3766 2613 3816 4
2650 3764 2701 3817 Κ
2736 3764 2802 3817 H

513 3852 547 3907 5
585 3852 968 3923 supersticione
1013 3852 1060 3906 T
1175 3856 1206 3907 6
1247 3853 1425 3907 exibet
1470 3852 1573 3907 VP
1731 3852 1849 3923 sed]
1888 3859 1945 3907 et
1985 3854 2029 3907 T
2136 3854 2166 3905 7
2205 3848 2532 3923 ueritatique
2571 3856 2699 3925 sunt
2737 3852 2803 3905 H

514 3940 548 3995 8
577 3940 985 4011 insequentibus
1015 3942 1082 3995 H
1221 3940 1502 4013 apparebit
1524 3942 1579 3994 P
1685 3942 1716 3994 9
1755 3958 1881 3995 uero
1921 3958 2083 3995 unam
2120 3940 2173 3994 V
2281 3942 2340 3995 11
2372 3941 2623 3996 habitant
2656 3940 2797 3995 TVb

518 4028 584 4083 12
621 4030 744 4083 hinc
782 4030 848 4083 H
855 4030 1140 4084 TCSVLb
1283 4029 1495 4083 infinite
1539 4030 1589 4083 Τ
1732 4030 1791 4083 13
1830 4032 2111 4083 manantes
2150 4038 2205 4093 (a
2242 4047 2284 4085 8.
2324 4047 2441 4099 exp.
2482 4048 2511 4084 e
2551 4030 2703 4100 add.)
2752 4028 2805 4083 1⁷

517 4119 582 4172 14
620 4118 857 4173 foetibus
895 4121 963 4173 H
1051 4118 1132 4173 ’16
1174 4136 1294 4174 cum
1331 4134 1426 4173 suo
1468 4120 1552 4187 (in
1587 4122 1781 4189 marq.)
1832 4118 1885 4171 V
1988 4118 2053 4172 17
2090 4134 2275 4173 rursus
2320 4118 2375 4172 V
2507 4112 2571 4174 1'8
2600 4120 2796 4173 intror-

515 4225 604 4261 sus
651 4208 705 4261 V
770 4210 837 4262 19
873 4209 1125 4263 immanis
1151 4208 1208 4262 P
1277 4208 1344 4261 21
1383 4206 1657 4278 haecquae
1694 4206 1763 4261 H
1790 4204 2069 4278 hecqueL
2103 4208 2313 4279 hecque
2351 4206 2405 4261 V
2468 4210 2537 4262 22
2574 4211 2715 4261 terre
2752 4206 2804 4260 T

516 4294 586 4348 23
623 4302 782 4349 aereu
820 4296 850 4349 b
1033 4297 1296 4350 etherium
1343 4296 1396 4347 V
1427 4296 1648 4366 ethereu
1685 4295 1715 4347 b
1861 4296 1928 4349 26
1966 4296 2080 4353 ulla
2116 4313 2217 4351 om.
2252 4294 2442 4350 TVLb
2612 4290 2679 4349 27
2720 4299 2797 4364 etl

514 4399 613 4437 nec
656 4384 704 4435 T
737 4400 835 4437 nec
874 4387 931 4438 et
967 4382 1024 4447 S,
1063 4401 1166 4439 om.
1205 4385 1272 4439 H
1279 4384 1428 4439 VCL
