3159 4984
865 495 958 550 VI.
1015 495 1306 551 Contra
1361 496 1733 551 Faustum
1788 497 1923 550 lib.
1981 496 2155 552 XXII.
2524 501 2657 565 689

359 697 431 756 et
477 693 640 775 ipse
691 693 1122 776 expectatio
1172 693 1532 777 gentium.
1581 693 1709 758 iam
1754 692 1881 759 isto
1927 695 2216 776 tempore
2268 713 2454 758 omne
2503 713 2657 777 quo-

357 820 478 883 que
525 799 970 883 magisterium
1005 800 1386 867 Iudaeorum
1433 803 1498 865 et
1541 801 1815 886 mystica
1856 838 1938 848 -
1975 800 2143 866 unde
2198 801 2424 866 christi
2467 821 2657 869 uoca-

353 907 586 971 bantur
611 945 700 953 —
729 907 946 973 unctio
975 906 1118 990 ipsa
1145 907 1464 972 defecerat
1491 905 1843 972 secundum
1870 907 2271 992 prophetiam
2300 908 2653 974 Danihelis.

353 1017 508 1078 tunc
553 1013 736 1078 uenit
784 1013 889 1078 cui
933 1013 1284 1096 repositum
1332 1017 1486 1093 erat,
1546 1014 1898 1098 expectatio
1948 1014 2259 1099 gentium,
2310 1019 2375 1080 et
2418 1019 2653 1082 unctus

301 1140 326 1176 ⁵
357 1122 457 1183 est
501 1123 762 1185 sanctus
812 1125 1178 1186 sanctorum
1227 1122 1366 1186 0100
1405 1121 1813 1186 exultationis
1849 1140 1999 1205 prae
2036 1122 2457 1206 participibus
2498 1123 2653 1189 suis.

267 1675 318 1711 10

270 2739 330 2777 20-

356 1213 703 1292 natusest
757 1229 924 1292 enim
979 1227 1253 1293 Herodis
1308 1229 1568 1294 maioris
1624 1231 1933 1311 tempore,
1988 1247 2223 1312 passus
2284 1232 2386 1295 est
2439 1233 2655 1294 autem

353 1333 618 1398 minoris
673 1334 950 1400 Herodis
1005 1335 1367 1400 tetrarchia.
1433 1335 1629 1400 huius
1683 1335 1903 1417 itaque
1958 1334 2274 1400 uenientis
2334 1335 2413 1400 ad
2479 1355 2655 1414 01108,

357 1457 515 1522 quae
561 1440 882 1522 perierant
928 1443 1156 1509 domus
1200 1444 1466 1522 Israhel,
1513 1444 1785 1528 figuram
1832 1443 2037 1528 gessit
2082 1443 2217 1526 ipse
2256 1443 2471 1521 Iudas,
2513 1462 2659 1508 cum

353 1547 476 1612 iret
531 1547 609 1610 ad
664 1548 1018 1614 tondendas
1081 1569 1236 1615 oues
1293 1569 1442 1616 suas
1502 1551 1566 1614 in
1614 1550 1919 1628 Thamna,
1980 1550 2150 1632 quod
2204 1550 2661 1632 interpretatur

366 1654 760 1730 „deficiens.“
834 1655 960 1719 iam
1027 1657 1197 1721 enim
1262 1656 1580 1721 defecerat
1644 1657 1935 1740 princeps
2004 1675 2076 1722 ex
2129 1656 2292 1721 Iuda
2345 1659 2411 1720 et
2471 1675 2657 1722 omne

357 1761 799 1844 magisterium
837 1764 1029 1844 atque
1065 1762 1283 1826 unctio
1320 1762 1725 1840 Iudaeorum,
1762 1765 1838 1826 ut
1873 1763 2123 1827 ueniret
2160 1763 2264 1828 cui
2301 1761 2656 1845 repositum

358 1871 509 1932 erat.
575 1868 759 1932 uenit
813 1872 1030 1932 autem
1087 1886 1234 1932 cum
1291 1887 1407 1933 suo
1463 1871 1717 1951 pastore
1776 1867 2196 1948 Odollamite,
2255 1870 2359 1934 cui
2422 1887 2655 1934 nomen

357 1977 492 2038 erat
525 1974 689 2050 Iras3
731 1977 796 2038 et
829 1973 1287 2057 interpretatur
1332 1973 1753 2040 Odollamites
1798 1975 2283 2054 „testimonium
2322 1975 2389 2039 in
2427 1982 2651 2059 aqua.“

357 2099 502 2144 cum
537 2081 662 2146 hoc
696 2081 884 2164 plane
921 2081 1629 2147 testimoniodominus
1667 2082 1866 2160 uenit,
1896 2081 2138 2148 habens
2178 2081 2435 2165 quidem
2474 2081 2655 2147 testi-

291 2209 319 2248 5
353 2187 640 2253 monium
687 2189 894 2252 maius
931 2187 1236 2282 Iohanne,
1277 2187 1392 2253 sed
1434 2191 1652 2253 tamen
1697 2191 1957 2272 propter
2003 2207 2159 2256 oues
2204 2189 2489 2254 infirmas
2535 2189 2658 2253 hoc

357 2293 727 2359 testimonio
777 2297 877 2358 est
922 2313 1083 2359 usus
1131 2295 1195 2358 in
1243 2313 1426 2377 aqua.
1493 2313 1643 2358 nam
1691 2298 1756 2359 et
1800 2296 1937 2378 ipse
1982 2296 2140 2375 IraS,
2200 2297 2369 2379 quod
2426 2315 2657 2361 nomen

354 2400 534 2466 illius
599 2400 876 2483 pastoris
940 2400 1086 2479 fuit,
1149 2401 1604 2484 interpretatur
1676 2401 1933 2478 „fratris
1991 2403 2119 2467 mei
2182 2402 2411 2468 uisio.“
2491 2402 2660 2467 uidit

357 2507 612 2572 omnino
687 2506 944 2572 fratrem
1020 2527 1209 2573 suum
1272 2507 1617 2586 IohanneS,
1691 2508 1952 2573 fratrem
2018 2508 2371 2574 secundum
2438 2527 2656 2573 semen

355 2614 664 2694 Abrahae,
715 2614 1066 2680 secundum
1115 2615 1561 2700 cognationem
1599 2615 1837 2680 Mariae
1883 2616 2108 2681 matris
2158 2615 2296 2682 eius
2346 2618 2409 2680 et
2453 2615 2657 2680 Elisa-

354 2721 508 2785 beth
552 2721 777 2786 matris
825 2739 978 2786 suae
1043 2721 1441 2804 eundemque
1499 2721 1829 2787 dominum
1876 2726 1940 2786 et
1987 2721 2177 2786 deum
2224 2741 2435 2798 suum,
2487 2709 2678 2804 quia,¹

360 2829 534 2892 sicut
578 2827 716 2911 ipse
766 2827 876 2905 ait,
928 2847 1000 2892 ex
1063 2825 1461 2911 plenitudine
1521 2827 1661 2894 eius
1721 2828 1988 2912 accepit.
2054 2827 2222 2892 uidit
2278 2827 2533 2893 omnino
2592 2829 2657 2892 01

356 2935 499 3000 ideo
565 2935 632 2998 in
695 2935 862 2999 natis
927 2934 1270 2999 mulierum
1335 2934 1539 2998 maior
1591 2934 1705 3001 illo
1762 2954 1886 3000 non
1944 2934 2310 3013 exsurrexit,
2376 2934 2527 3016 quia
2583 2951 2654 2998 ex

359 3040 656 3106 omnibus
719 3041 1314 3124 praenuntiantibus
1382 3040 1709 3107 Christum
1775 3041 1913 3124 ipse
1976 3040 2163 3120 uidit,
2232 3040 2401 3123 quod
2465 3039 2658 3106 multi

355 3147 512 3212 iusti
560 3150 625 3210 et
668 3147 1014 3229 prophetae
1062 3147 1396 3230 cupierunt
1439 3147 1659 3212 uidere
1698 3149 1764 3210 et
1798 3166 1921 3212 non
1960 3145 2296 3222 uiderunt;
2346 3146 2661 3211 salutauit

535 3437 568 3488 5
617 3435 683 3489 cf.
727 3434 866 3489 Dan.
915 3437 965 3502 9,
1011 3437 1082 3490 24
1127 3453 1244 3506 sqq.
1471 3436 1537 3490 cf.
1573 3435 1675 3518 ¹Ps.
1720 3436 1810 3500 44,
1860 3435 1894 3486 8
2110 3434 2144 3488 6
2192 3436 2257 3490 cf.
2294 3432 2493 3488 Matth.
2532 3433 2583 3496 2,
2624 3432 2650 3485 1

360 3525 390 3577 7
438 3524 505 3579 cf.
549 3525 684 3580 Luc.
731 3525 816 3588 23,
858 3527 887 3578 7
931 3567 942 3578 .
978 3526 1052 3578 46
1267 3525 1301 3577 8
1346 3525 1414 3579 cf.
1459 3524 1660 3579 Matth.
1707 3525 1792 3590 15,
1844 3524 1916 3577 24
2096 3523 2167 3578 15
2214 3522 2281 3577 cf.
2328 3522 2441 3576 Ioh.
2487 3523 2540 3586 5,
2585 3520 2657 3574 36

249 3645 252 3650 -
357 3614 420 3666 21
473 3613 546 3668 cf.
595 3614 710 3668 Ioh.
759 3614 808 3679 1,
858 3614 926 3667 16
1034 3613 1104 3668 22
1143 3614 1210 3668 cf.
1245 3613 1442 3668 Matth.
1483 3615 1569 3678 11,
1617 3615 1679 3667 11
1795 3613 1865 3667 24
1902 3613 1968 3667 cf.
2006 3612 2204 3667 Matth.
2244 3612 2329 3676 13,
2371 3610 2437 3664 17

431 3791 457 3842 1
500 3791 584 3842 est
621 3788 921 3858 expectatio
959 3787 1132 3843 SMG
1275 3787 1508 3858 quoque]
1549 3788 1749 3860 quippe
1778 3787 1812 3842 b
1920 3786 1955 3840 2
1990 3786 2209 3842 mistica
2236 3785 2290 3839 L
2400 3786 2433 3839 3
2470 3785 2656 3839 unctio

361 3883 413 3944 (o
448 3895 571 3947 sup.
609 3880 662 3942 a)
700 3877 750 3934 S
850 3877 883 3930 5
921 3894 1015 3947 pre
1059 3876 1108 3931 0
1210 3877 1244 3931 6
1279 3876 1499 3930 maioris
1534 3876 1753 3931 herodis
1797 3875 1845 3930 G
1876 3875 2091 3930 herodis
2127 3877 2180 3942 (0
2216 3875 2280 3928 in
2306 3875 2326 3928 i
2357 3890 2395 3927 a
2420 3889 2491 3928 m.
2516 3873 2572 3941 2)
2602 3871 2658 3926 L

358 3969 390 4022 7
443 3968 698 4023 th&arcia
749 3966 804 4021 L
857 3967 1126 4022 tetarehia
1185 3966 1279 4023 OS
1325 3965 1637 4036 thetarchia
1694 3969 1837 4036 (exp.
1895 3972 1945 4020 et
1995 3965 2033 4020 h
2088 3979 2133 4019 3.
2190 3965 2226 4018 l.
2287 3981 2325 4017 a
2376 3980 2447 4016 m.
2505 3963 2562 4030 2)
2603 3960 2657 4017 G

355 4057 664 4113 thetarchia
712 4060 880 4126 (post.
925 4056 964 4110 h
1007 4071 1049 4110 s.
1100 4057 1135 4111 l.
1183 4073 1222 4110 a
1265 4073 1334 4112 m.
1374 4055 1430 4127 2)
1465 4055 1541 4110 M
1751 4055 1786 4111 8
1833 4072 1939 4126 que
1983 4054 2028 4109 0
2208 4051 2275 4107 10
2313 4049 2569 4105 deficerat
2604 4051 2659 4104 L

359 4147 420 4201 11
463 4145 744 4200 iudeorum
787 4144 836 4199 G
1013 4147 1081 4200 12
1125 4144 1420 4200 odolamite
1458 4143 1558 4199 SG'-
1598 4143 1923 4198 odolamitae
1959 4141 2048 4196 1ιό
2095 4139 2445 4196 odollamitae
2487 4140 2598 4206 (pr.
2634 4137 2657 4191 l

401 4235 498 4306 .Ζ.)
537 4234 613 4289 Μ
751 4237 820 4290 13
867 4234 1014 4289 hiras
1053 4235 1086 4288 b
1227 4234 1558 4304 interptatur
1600 4233 1649 4288 Ο
1824 4231 2039 4286 odolam
2098 4229 2200 4286 SG
2246 4228 2573 4283 odolamites
2602 4225 2658 4280 L

357 4327 426 4381 16
479 4325 799 4380 testimonia
847 4327 899 4380 L
1137 4323 1284 4378 hiras
1331 4324 1364 4377 b
1572 4322 1641 4377 19
1692 4320 1967 4376 habrahae
2020 4319 2069 4374 Ο
2265 4315 2574 4372 helisabeth
2614 4315 2661 4367 C

357 4412 428 4468 20
465 4429 560 4468 sue
603 4413 653 4468 0
755 4415 825 4468 22
862 4412 1128 4468 exurrexit
1169 4411 1218 4466 0
1319 4411 1388 4465 23
1425 4409 1901 4481 prenuntiantibus
1944 4409 1994 4464 0

413 4537 547 4580 XXV.
581 4537 698 4588 Aug.
732 4541 846 4578 teet.
875 4537 916 4578 6.
2442 4515 2514 4568 44
2539 4511 2546 4518 ”
