3159 4984
904 457 989 510 VI.
1047 456 1339 511 Contra
1394 458 1760 511 Faustum
1818 456 1947 509 lib.
2003 456 2153 509 XIII.
2507 459 2638 522 383

356 650 561 715 stiana
603 652 861 729 fallatis,
908 652 1092 717 uelut
1136 652 1463 735 accipitis;
1513 672 1592 717 ne
1638 656 1850 717 tamen
1898 656 2114 717 contra
2159 672 2278 717 uos
2323 652 2638 736 legantur,

353 758 685 825 infalsatos
732 760 967 826 dicitis.
1032 762 1324 845 profertis
1370 761 1517 827 inde
1566 761 1889 827 Christum
1939 760 2290 825 dicentem:
2342 759 2406 823 si
2451 758 2642 823 mihi

356 884 495 930 non
543 866 883 943 creditis,
935 870 1290 951 operibus
1342 870 1650 945 credite,
1701 872 1800 933 et:
1851 887 1980 952 ego
2033 886 2216 944 sum,
2257 867 2384 949 qui
2422 866 2636 932 testi-

353 972 679 1037 monium
725 975 1085 1057 perhibeo
1136 976 1219 1041 de
1266 997 1399 1053 me,
1450 982 1523 1041 et
1566 975 2092 1041 testimonium
2153 974 2506 1057 perhibet
2553 972 2642 1037 de

298 1098 485 1153 sme,
552 1080 678 1163 qui
744 1102 853 1145 me
918 1082 1133 1148 misit
1196 1086 1427 1168 pater,
1496 1089 1561 1149 et
1615 1103 1738 1149 non
1794 1083 1997 1147 uultis
2055 1086 2272 1147 contra
2327 1101 2444 1146 uos
2490 1081 2640 1145 inde

266 1630 317 1667 10

264 2166 313 2205 15

260 3218 313 3273 ab

352 1186 652 1269 proferri:
712 1190 1158 1255 scrutamini
1218 1191 1661 1275 scripturas,
1717 1191 1790 1255 in
1841 1190 2113 1273 quibus
2161 1189 2456 1272 putatis
2503 1208 2642 1253 uos

354 1292 589 1357 uitam
637 1298 1019 1360 aeternam
1066 1296 1361 1375 habere,
1409 1298 1621 1382 ipsae
1669 1298 2197 1363 testimonium
2234 1295 2641 1380 perhibent

354 1400 439 1465 de
504 1421 645 1474 me,
712 1406 813 1467 et:
882 1404 944 1468 si
1012 1404 1427 1471 crederetis
1484 1406 1758 1490 Moysi.
1819 1404 2234 1470 crederetis
2294 1406 2368 1467 et
2423 1402 2636 1476 mihi;

354 1507 439 1572 de
504 1529 613 1574 me
683 1512 877 1575 enim
939 1512 1076 1576 ille
1142 1514 1479 1596 scripsit.
1540 1516 1640 1578 et:
1709 1513 1986 1576 habent
2040 1511 2148 1575 ibi
2195 1512 2508 1594 Moysen
2568 1512 2644 1573 et

352 1614 783 1697 prophetaS,
851 1616 1162 1681 audiant
1226 1636 1372 1693 eoa,
1432 1621 1531 1683 et:
1602 1618 1664 1683 si
1723 1618 2032 1701 Moysen
2091 1620 2165 1681 et
2223 1616 2642 1699 prophetas

354 1739 492 1784 non
542 1721 879 1800 audiunt,
928 1744 1059 1789 nec
1106 1724 1167 1789 si
1216 1726 1384 1807 quis
1441 1744 1477 1789 a
1531 1726 1850 1791 mortuis
1908 1723 2430 1799 resurrexerit,
2490 1740 2638 1786 cre-

354 1828 530 1891 dent
578 1829 671 1893 ei!
728 1830 897 1896 unde
944 1831 1068 1897 huc
1116 1832 1383 1897 existis?
1432 1833 1598 1897 unde
1647 1832 2013 1898 confiditis?
2071 1832 2416 1914 scripturas
2462 1831 2642 1893 tanta

353 1938 731 2002 auctoritate
776 1938 1057 2002 firmatas
1114 1939 1715 2022 commendatasque
1767 1938 2092 2022 respuitis,
2150 1936 2458 2001 miracula
2512 1954 2636 1998 non

352 2041 599 2107 facitis:
649 2063 807 2126 quae
856 2045 912 2110 si
956 2044 1271 2114 faceretis,
1321 2046 1512 2110 etiam
1548 2045 1690 2128 ipsa
1723 2045 1788 2110 in
1827 2045 2014 2109 uobis
2055 2062 2424 2109 caneremus
2462 2060 2640 2125 prae-

351 2148 703 2214 instruente
751 2170 867 2216 nos
915 2151 1169 2217 domino
1210 2156 1276 2216 et
1311 2152 1595 2218 dicente:
1647 2155 2008 2235 exurgent
2052 2152 2277 2215 multi
2323 2149 2640 2234 pseudo-

245 2289 249 2292 ·
355 2255 627 2321 christi
657 2261 731 2322 et
757 2258 1467 2343 pseudoprophetae
1498 2264 1567 2325 et
1600 2260 1887 2324 facient
1924 2258 2144 2343 signa
2182 2260 2256 2322 et
2291 2254 2642 2340 prodigia

350 2362 617 2441 multa,
664 2368 748 2428 ut
793 2365 1088 2441 fallant,
1138 2367 1202 2431 si
1248 2367 1420 2431 fieri
1467 2369 1742 2450 potest,
1803 2366 2026 2431 etiam
2085 2366 2408 2439 electos;
2469 2381 2640 2428 ecce

351 2469 687 2551 praedixi
733 2472 973 2537 uobis.
1021 2492 1225 2556 usque
1273 2473 1427 2537 adeo
1476 2473 1636 2537 nihil
1683 2472 1852 2537 credi
1895 2472 2109 2537 uoluit
2147 2471 2454 2536 aduersus
2496 2488 2640 2535 con-

352 2576 663 2640 firmatam
711 2578 1167 2663 scripturarum
1223 2580 1686 2657 auctoritatem,
1747 2598 1905 2662 quae
1961 2578 2148 2643 fidem
2211 2596 2393 2643 suam
2450 2577 2641 2641 rebus

350 2681 507 2764 ipsis
552 2684 798 2766 probat,
847 2705 1005 2767 quae
1053 2706 1164 2770 per
1206 2690 1567 2770 temporum
1617 2686 2053 2755 successiones
2100 2685 2258 2750 haec
2302 2684 2530 2767 inpleri
2580 2687 2644 2747 et

354 2788 519 2853 effici
566 2790 863 2870 ostendit,
912 2811 1071 2875 quae
1118 2796 1297 2857 tanto
1346 2796 1685 2875 antequam
1729 2792 1970 2867 fierent,
2017 2790 2512 2875 praenuntiauit.

440 2898 501 2965 6.
550 2896 795 2977 Restat,
834 2903 909 2963 ut
953 2899 1260 2963 rationem
1306 2918 1426 2963 uos
1475 2898 1764 2963 exhibere
1814 2898 2060 2973 dicatis,
2110 2901 2241 2961 tam
2291 2900 2527 2961 certam
2577 2900 2643 2960 et

352 3003 679 3082 inuictam,
736 3008 810 3069 ut
864 3026 976 3089 per
1030 3024 1097 3070 se
1153 3006 1358 3089 ipsam
1426 3004 1745 3070 declarata
1803 3005 2074 3069 ueritate
2140 3004 2384 3068 nullam
2447 3004 2636 3068 testis

354 3112 816 3187 auctoritatem,
856 3114 1098 3178 nullam
1137 3113 1426 3177 miraculi
1460 3112 1796 3176 ueritatem
1831 3112 2130 3193 requirat.
2183 3110 2334 3194 quid
2373 3108 2584 3174 dicitis
2609 3114 2644 3173 Ρ

358 3218 506 3299 quid
552 3204 845 3301 prdfertis
868 3224 897 3282 ⁸?
963 3238 1150 3302 quam
1199 3220 1527 3295 rationem,
1576 3238 1765 3302 quam
1809 3218 2145 3283 ueritatem
2168 3221 2198 3281 P
2269 3217 2487 3281 fabula
2531 3216 2644 3280 illa

352 3327 451 3388 est
493 3325 687 3409 longa
724 3329 788 3391 et
823 3345 1005 3403 uana,
1042 3326 1283 3411 puerile
1320 3326 1667 3391 ludibrium
1706 3329 1769 3390 et
1803 3324 2113 3390 muliebre
2155 3326 2644 3389 auocamentum

528 3517 561 3569 2
597 3517 715 3571 Ioh.
756 3518 839 3581 10,
879 3518 947 3571 38
1082 3517 1116 3570 3
1152 3518 1269 3571 Ioh.
1308 3517 1356 3581 8,
1401 3517 1465 3569 18
1601 3517 1636 3569 6
1671 3515 1786 3569 Ioh.
1827 3516 1875 3579 5,
1915 3516 1983 3569 39
2023 3556 2036 3569 .
2075 3516 2145 3569 46
2287 3514 2352 3567 10
2389 3516 2517 3569 Luc.
2558 3514 2642 3577 16,

350 3607 417 3659 29
457 3623 575 3694 sqq.
690 3608 757 3661 15
791 3606 987 3660 Matth.
1028 3608 1113 3671 24,
1154 3607 1225 3659 24
1262 3623 1342 3676 sq.

421 3750 455 3801 4
492 3747 749 3819 perhibeo
789 3748 845 3819 (h
880 3764 923 3802 8.
964 3748 1019 3815 l.)
1058 3748 1112 3800 L
1219 3748 1253 3801 5
1288 3748 1441 3802 misit
1475 3765 1560 3801 me
1601 3748 1632 3801 b
1743 3748 1772 3799 7
1813 3746 2065 3817 perhibet
2092 3746 2194 3801 SG
2302 3744 2337 3796 8
2367 3744 2432 3799 de
2461 3760 2547 3797 me
2579 3744 2640 3811 (s.

352 3837 387 3890 l.
424 3854 493 3891 m.
532 3836 581 3905 1)
619 3837 673 3889 L
848 3837 913 3890 10
951 3837 1177 3891 audiant
1216 3839 1265 3903 (e
1301 3837 1365 3890 in
1402 3854 1435 3890 a
1468 3838 1624 3902 mut.)
1671 3836 1718 3890 0
1910 3835 2204 3905 prophetas
2245 3836 2301 3889 et
2333 3850 2557 3903 moysen
2601 3832 2653 3886 Ο

352 3926 415 3979 11
456 3925 575 3995 nec]
613 3942 787 3995 neque
832 3925 879 3979 0
1015 3926 1303 3979 resurrexit
1337 3924 1465 3978 LM
1605 3924 1828 3979 credunt
1864 3924 1896 3978 b
2081 3925 2146 3977 14
2199 3922 2364 3977 etiam
2402 3939 2504 3977 om.
2543 3920 2646 3975 SG

350 4015 745 4085 per-instruente
766 4014 917 4068 L¹M
937 4032 1033 4085 per
1056 4016 1414 4069 instruentem
1434 4012 1626 4069 PGSb
1653 4017 2026 4085 praestruente
2056 4013 2103 4067 Ο
2247 4012 2313 4066 15
2343 4012 2444 4066 (1ῇο
2465 4009 2644 4065 S¹PG

351 4102 473 4158 dnm
528 4102 628 4158 8²1>
845 4092 1113 4157 dicentem
1168 4102 1245 4157 sb
1426 4104 1714 4172 exsurgent
1748 4102 1802 4155 L
1984 4102 2050 4155 19
2087 4101 2146 4154 in
2182 4100 2343 4153 rebus
2380 4097 2644 4153 LSGMb

352 4192 421 4247 23
466 4208 523 4247 se
574 4197 636 4262 (s.
686 4192 721 4247 Ζ.
770 4209 839 4246 m.
886 4194 937 4259 1)
985 4191 1040 4245 L
1165 4190 1235 4245 24
1270 4190 1422 4245 nulla
1478 4191 1567 4261 (fv
1625 4190 1754 4245 add.
1809 4207 1877 4244 m.
1936 4191 1996 4257 2)
2055 4188 2110 4242 L
2252 4188 2510 4242 miracula
2564 4186 2642 4239 L²

352 4282 421 4337 25
459 4282 749 4336 ueritatem
784 4280 861 4334 L¹
1003 4281 1071 4333 26
1108 4279 1358 4333 muliebri
1393 4278 1449 4332 P
1499 4278 1793 4332 muliebrae
1830 4279 1955 4332 LM
2131 4279 2564 4332 *nocam-uentum
2604 4274 2655 4329 S

354 4372 762 4426 auocamentum
801 4368 855 4440 (a
888 4386 933 4425 a.
973 4370 1030 4431 l.)
1076 4368 1123 4424 0
1152 4370 1515 4424 iocamentum
1545 4368 1576 4421 b
