3159 4984
891 506 977 559 vl.
1027 504 1317 560 Contra
1374 507 1745 559 Faustum
1800 504 1932 558 lib.
1985 504 2132 558 XXI.
2527 505 2649 570 571

344 703 743 786 reprobum
795 721 1121 766 sensum.
1172 720 1319 765 0000
1370 701 1690 783 quomodo
1737 720 1932 765 uerus
1981 700 2138 764 deus
2187 701 2252 763 et
2296 700 2509 764 iustus
2559 718 2656 763 ex-

346 812 565 873 caecat
612 811 859 872 mentes
904 808 1284 873 infidelium.
1335 828 1541 891 neque
1591 808 1762 872 enim
1796 827 2102 889 umquam
2139 807 2204 872 in
2241 807 2344 871 his
2383 805 2655 889 apostoli

345 915 582 990 ue1·biS‚
643 932 802 997 quae
860 915 1377 989 commemoraui,
1437 915 1604 979 alius
1663 914 1822 980 deus
1877 915 2248 979 intellectus
2310 917 2411 977 est
2464 930 2654 995 quam

344 1022 475 1097 1110,
526 1022 635 1104 qui
681 1021 887 1085 filium
937 1040 1127 1087 800111
1173 1022 1356 1087 misit
1404 1022 1760 1087 dicentem:
1828 1021 1901 1085 in
1949 1020 2322 1086 iudicium
2363 1018 2537 1082 ueni
2581 1017 2654 1081 in

284 1128 545 1193 ⁵hunc
609 1127 995 1205 mundum,
1064 1132 1149 1193 01
1215 1128 1341 1211 (101
1408 1149 1549 1195 non
1615 1128 1911 1205 uident,
1975 1127 2320 1195 uideant.
2390 1130 2462 1191 et
2528 1124 2651 1208 qui

343 1235 637 1313 uident,
716 1234 923 1300 caeci
989 1235 1203 1299 fiant.
1282 1253 1431 1300 nam
1498 1238 1562 1299 et
1607 1235 1713 1300 hic
1780 1235 1938 1300 satis
2005 1235 2265 1317 adparet
2327 1232 2652 1297 mentibus

342 1341 652 1417 fidelium,
702 1341 1017 1423 quomodo
1068 1341 1227 1406 deus
1276 1344 1571 1405 excaecet
1615 1344 1864 1405 mentes
1909 1341 2286 1405 infidelium.
2333 1336 2653 1423 praecedit

344 1447 511 1510 0111111
561 1447 802 1529 aliquid
853 1449 1179 1513 occultum
1225 1448 1292 1511 in
1342 1449 1638 1526 occultis,
1687 1448 1798 1512 ubi
1838 1449 1995 1513 deus
2034 1450 2184 1532 agat
2221 1446 2650 1511 iustissimum

343 1572 599 1617 examen
654 1552 879 1617 iudicii
936 1555 1059 1631 801,
1116 1557 1192 1618 01
1249 1554 1647 1637 quorundam
1703 1558 1950 1619 mentes
2007 1558 2440 1620 excaecentur.
2498 1570 2650 1634 quo-

251 1684 303 1720 10
340 1660 611 1723 rundam
656 1660 1141 1725 inluminentur.
1191 1660 1297 1725 cui
1345 1660 1687 1726 uerissime
1727 1661 1968 1726 dictum
2010 1664 2148 1728 est:
2197 1660 2484 1726 iudicia
2519 1662 2648 1722 tua

340 1766 663 1849 abyssus
730 1767 989 1830 multa.
1068 1768 1253 1832 cuius
1318 1768 1775 1851 profunditatis
1839 1768 2364 1852 inpenetrabilem
2433 1766 2646 1830 altitu-

339 1873 550 1936 dinem
592 1874 927 1955 apostolus
966 1874 1318 1939 admiratus
1359 1875 1707 1940 exclamat:
1749 1894 1784 1940 0
1825 1874 2156 1940 altitudo
2198 1872 2644 1938 diuitiarum

338 1978 767 2062 sapientiae
826 1982 899 2043 et
955 1980 1331 2045 scientiae
1389 1980 1537 2057 dei;
1599 1998 1816 2064 quam
1871 1979 2418 2045 inscrutabilia
2467 1981 2642 2042 sunt

335 2084 627 2150 iudicia
675 2086 837 2151 eius
886 2089 951 2150 et
999 2090 1228 2153 cetera.

245 2217 295 2255 15
426 2194 486 2260 3.
556 2194 690 2257 Uos
758 2196 973 2257 autem
1039 2212 1163 2258 non
1228 2195 1521 2259 ualentes
1590 2195 1989 2273 discerneres
2032 2194 2184 2277 quid
2240 2193 2433 2258 faciat
2488 2192 2643 2256 deus

332 2298 663 2376 beneficio,
715 2299 867 2383 quid
912 2300 1175 2379 iudicio,
1225 2302 1375 2384 quia
1422 2305 1487 2366 et
1532 2321 1569 2365 a
1607 2302 1794 2367 corde
1833 2305 1899 2367 et
1933 2302 2013 2367 ab
2055 2321 2160 2367 ore
2197 2304 2416 2367 uestro
2453 2300 2643 2383 longe

337 2409 437 2469 est
486 2406 864 2488 psalterium
912 2409 1226 2486 nostrum,
1273 2408 1384 2471 ubi
1432 2407 1700 2475 dicitur:
1767 2408 2370 2474 misericordiam
2422 2408 2494 2469 et
2539 2404 2642 2467 iu-

336 2512 619 2576 dicium
670 2514 991 2577 cantabo
1040 2513 1206 2580 tibi.
1260 2514 1576 2592 domine,
1628 2514 1931 2597 quicquid
1965 2534 2084 2579 uos
2123 2534 2234 2598 pro
2271 2512 2640 2577 infirmitate

336 2619 651 2684 humanae
705 2620 1121 2685 mortalitatis
1180 2621 1531 2697 offenderit,
1590 2621 1880 2686 alienatis
1939 2622 2192 2687 omnino
2255 2620 2332 2683 ab
2381 2619 2638 2683 arbitrio

239 2746 293 2785 20
335 2728 400 2789 et
444 2725 680 2791 iudicio
730 2726 831 2790 dei
876 2726 1014 2791 ueri
1060 2726 1365 2792 uidelicet
1410 2727 1717 2792 habentes
1773 2732 2064 2811 paratum
2121 2729 2392 2792 alterum
2449 2724 2638 2789 deum

330 2834 592 2907 malum,
644 2852 833 2915 quem
878 2834 1065 2898 uobis
1112 2854 1236 2899 non
1294 2834 1535 2899 ueritas
1597 2835 1898 2911 ostendit,
1957 2834 2069 2899 sed
2124 2833 2376 2898 uanitas
2433 2831 2636 2915 fingit,

332 2940 435 3002 cui
481 2939 778 3003 tribuatis
826 2959 951 3004 non
1000 2941 1210 3005 solum
1260 2940 1563 3024 quicquid
1608 2940 1820 3005 facitis
1866 2940 2122 3016 iniuste,
2170 2959 2398 3003 uerum
2445 2938 2634 3003 etiam

331 3045 636 3127 quicquid
683 3046 977 3128 patimini
1022 3046 1215 3122 10810,
1264 3048 1355 3111 113
1404 3047 1521 3111 deo
1570 3047 1926 3110 tribuentes
1971 3046 2280 3111 beneficia
2325 3045 2632 3111 donorum

330 3155 395 3215 et
440 3152 499 3217 ei
546 3152 905 3218 auferentes
954 3153 1193 3217 iudicia
1238 3172 1608 3237 poenarum,
1659 3152 1842 3235 quasi
1889 3152 1966 3217 de
2016 3153 2140 3217 alio
2190 3152 2416 3217 dixerit
2462 3152 2635 3217 Chri-

236 3280 289 3319 25
331 3262 493 3337 8108,
543 3261 713 3342 (10οᾱ
760 3262 1164 3343 praeparauit
1208 3260 1422 3345 ignem
1476 3263 1804 3325 aeternum
1848 3261 2058 3325 malis,
2118 3278 2308 3342 quam
2366 3259 2442 3325 de
2497 3258 2632 3333 illo,

327 3366 437 3448 qui
500 3366 657 3432 facit
721 3367 923 3432 solem
989 3386 1179 3432 suum
1246 3368 1396 3432 oriri
1460 3387 1652 3451 super
1705 3367 1907 3433 bonos
1965 3370 2030 3431 et
2083 3367 2289 3432 malos
2347 3370 2412 3431 01
2465 3367 2634 3449 pluit

327 3491 518 3555 super
562 3473 770 3539 iustos
820 3477 885 3538 et
946 3474 1243 3541 iniustos.
1310 3475 1480 3541 unde
1545 3475 1650 3539 hic
1713 3478 1955 3539 tantam
2013 3475 2366 3539 bonitatem
2425 3476 2489 3538 et
2541 3474 2632 3539 ibi

324 3582 569 3643 tantam
617 3580 1026 3645 seueritatem
1075 3582 1152 3646 ad
1200 3601 1397 3646 unum
1447 3583 1761 3666 pertinere
1810 3582 2000 3649 deum
2047 3603 2172 3649 non
2227 3580 2629 3666 intellegitis,

499 3826 534 3877 4
570 3824 688 3879 Ioh.
727 3824 777 3888 9,
816 3826 885 3879 39
1036 3825 1102 3879 10
1140 3826 1228 3879 Ps.
1270 3827 1354 3891 35,
1396 3828 1425 3879 7
1558 3827 1630 3880 12
1667 3828 1820 3881 Rom.
1861 3827 1946 3889 11,
1985 3826 2054 3880 33
2197 3828 2264 3879 17
2301 3824 2391 3879 Ps.
2435 3824 2555 3884 100,
2595 3827 2626 3879 1

322 3912 391 3966 25
430 3910 497 3966 ef.
534 3912 733 3967 Matth.
772 3912 857 3978 25,
894 3914 961 3966 41
1075 3914 1142 3966 27
1184 3915 1249 3967 ef.
1290 3914 1487 3969 Matth.
1527 3917 1577 3981 5,
1617 3915 1687 3968 45

392 4054 426 4106 2
463 4070 699 4123 unquam
745 4053 793 4107 0
895 4056 931 4107 4
966 4054 1021 4107 in
1063 4060 1193 4109 ante
1228 4054 1341 4109 iud.
1382 4072 1485 4113 om.
1515 4055 1570 4109 L
1679 4056 1936 4111 iuditium
1974 4056 2022 4110 C
2129 4059 2164 4111 9
2201 4056 2390 4110 iudicii
2429 4057 2468 4127 (i
2504 4057 2626 4110 init.

319 4158 387 4197 ar:
416 4160 448 4196 a
471 4158 606 4197 corr.
634 4159 703 4199 m.
734 4144 799 4206 2;
832 4143 899 4197 cii
927 4145 989 4196 in
1015 4143 1151 4213 raa.)
1180 4142 1235 4196 L
1262 4143 1446 4198 iuditii
1488 4144 1537 4199 Ο
1716 4148 2032 4200 excecentur
2064 4145 2113 4200 G
2261 4145 2558 4215 quomdam
2584 4146 2632 4200 C

323 4230 391 4284 10
418 4230 831 4300 inluminentur]
867 4231 1184 4301 intelligant
1212 4232 1243 4285 b
1321 4232 1388 4286 12
1427 4232 1687 4303 altitudo]
1726 4233 2017 4287 altitudine
2053 4232 2099 4287 0
2184 4235 2250 4287 16
2291 4234 2547 4289 benefitio
2585 4235 2632 4289 (ι’

318 4320 387 4373 17
422 4318 681 4374 iuditium
726 4318 775 4372 Ο
948 4320 1019 4374 20
1064 4320 1259 4375 10(11110
1297 4321 1345 4375 0
1495 4322 1762 4387 habentes
1809 4322 2071 4377 habentes
2111 4322 2156 4371 (⁷
2364 4324 2433 4377 25
2471 4340 2626 4393 prae-

316 4410 593 4478 parauerit
626 4408 673 4461 0
