3159 4984
1662 251 1697 290 0

872 511 1054 565 LDe
1110 509 1496 564 utilitate
1555 508 1932 564 credendi
1988 508 2213 564 liber.
2625 512 2705 574 21

409 705 678 770 ritorum
727 703 1086 786 frequentat
1133 703 1456 781 ecclesias,
1517 703 1631 769 sed
1677 703 1927 767 nullum
1966 707 2409 787 argumentum
2440 705 2538 768 est
2566 703 2709 768 ideo

405 811 726 876 neminem
755 810 886 875 illis
917 810 1238 894 mysteriis
1267 811 1508 875 factum
1537 829 1677 875 esse
1724 809 2094 893 perfectum.
2139 813 2203 873 et
2232 813 2443 874 tamen
2484 809 2537 874 si
2578 812 2711 872 tam

404 917 596 1000 pauci
671 917 1003 983 studerent
1087 918 1482 1001 eloquentiae
1567 937 1758 1000 quam
1831 917 2017 1001 pauci
2093 919 2243 982 sunt
2319 916 2709 998 eloquenteS,

405 1043 758 1106 numquam
795 1043 910 1088 nos
948 1027 1238 1109 parentes
1285 1024 1488 1089 nostri
1525 1023 1855 1108 magistris
1910 1023 2147 1088 talibus
2179 1023 2713 1088 commendandos

294 1162 331 1198 5
405 1133 726 1212 putarent.
791 1149 940 1195 cum
985 1131 1180 1215 igitur
1223 1131 1302 1196 ad
1347 1131 1504 1196 haec
1542 1130 1755 1196 studia
1789 1143 1905 1196 nos
1942 1129 2286 1195 multitudo
2306 1129 2707 1205 inuitauerit,

407 1255 572 1318 quae
618 1237 1032 1320 inperitorum
1060 1241 1236 1322 parte
1270 1238 1527 1322 copiosa
1556 1242 1673 1314 est,
1730 1241 1805 1301 ut
1850 1237 1937 1313 id,
1987 1237 2157 1319 quod
2212 1237 2398 1320 pauci
2448 1235 2712 1318 adipisci

403 1347 700 1426 possunt,
780 1344 1238 1413 adamaremus,
1306 1365 1419 1410 cur
1463 1345 1647 1410 nobis
1724 1363 1863 1410 esse
1938 1344 2213 1409 similem
2278 1345 2341 1408 in
2406 1342 2713 1427 religione

405 1448 710 1514 nolumus
749 1469 1026 1524 causam,
1059 1469 1248 1533 quam
1285 1469 1432 1514 curn
1468 1468 1700 1534 magno
1740 1449 1983 1513 animae
2033 1448 2393 1513 discrimine
2440 1448 2709 1513 fortasse

409 1556 921 1621 contemnimus?
971 1556 1026 1620 si
1075 1557 1240 1620 enim
1289 1557 1667 1621 uerissimus
1717 1558 1781 1620 et
1828 1554 2295 1621 sincerissimus
2343 1555 2445 1620 dei
2476 1555 2712 1627 cultus,

298 1691 366 1730 ιο
409 1662 708 1743 quamuis
747 1663 834 1727 sit
879 1663 1046 1746 apud
1080 1683 1338 1747 paucoS,
1378 1663 1545 1747 apud
1575 1682 1684 1729 eos
1715 1666 1927 1728 tamen
1956 1666 2073 1739 est,
2106 1662 2337 1746 quibus
2366 1661 2712 1727 multitudo

408 1787 796 1852 quamquam
854 1770 1309 1853 cupiditatibus
1373 1771 1667 1835 inuoluta
1722 1772 1787 1834 et
1824 1789 1863 1833 a
1897 1770 2172 1853 puritate
2239 1768 2712 1851 intellegentiae

407 1879 658 1941 remota
695 1877 1118 1942 consentit—
1140 1877 1308 1959 quod
1335 1876 1472 1941 fieri
1497 1895 1686 1960 posse
1718 1875 1861 1959 quis
1914 1875 2202 1940 dubitet?
2233 1913 2321 1922 —
2354 1893 2605 1957 quaem,
2654 1874 2712 1939 si

407 1983 558 2064 quis
629 1982 1054 2048 temeritatem
1131 1983 1619 2065 uecordiamque
1694 1987 1977 2046 nostram
2052 1984 2295 2067 arguat,
2364 1981 2533 2064 quod
2586 1999 2709 2045 non

407 2088 581 2172 apud
620 2089 755 2154 eius
794 2089 1134 2174 magistros
1174 2109 1308 2154 eam
1360 2089 1698 2174 diligenter
1724 2089 2209 2173 inuestigamus,
2251 2089 2433 2154 cuius
2468 2087 2711 2152 inueni-

303 2215 368 2254 15
413 2195 612 2260 endae
685 2196 867 2261 nobis
943 2216 1177 2282 magna
1239 2215 1390 2261 cura
1453 2196 1641 2271 inest,
1690 2196 1843 2278 quid
1906 2195 2281 2279 respondere
2344 2195 2709 2280 possimus?

409 2302 719 2367 deterruit
779 2323 884 2366 me
950 2303 1338 2371 multitudo?
1406 2322 1518 2368 cur
1553 2304 1631 2368 ab
1671 2302 1885 2368 studio
1932 2303 2161 2366 artium
2196 2300 2555 2366 liberalium
2602 2299 2711 2364 uix

408 2408 562 2473 huic
597 2409 914 2492 praesenti
943 2409 1115 2475 uitae
1147 2409 1388 2492 aliquid
1408 2409 1725 2475 commodi
1756 2409 2193 2486 adferentium,
2243 2427 2356 2472 cur
2392 2407 2469 2471 ab
2507 2406 2711 2489 inqui—

403 2515 606 2580 renda
668 2517 955 2598 pecunia,
1027 2535 1139 2580 cur
1202 2518 1278 2581 ab
1345 2517 1580 2582 honore
1648 2516 2073 2600 adipiscendO,
2154 2534 2266 2580 cur
2327 2514 2597 2596 denique
2675 2532 2713 2577 a

406 2621 808 2704 conparanda
869 2626 934 2686 et
997 2623 1322 2688 retinenda
1383 2624 1549 2688 bona
1620 2622 2006 2700 ualetudine,
2064 2624 2385 2705 postremo
2458 2639 2572 2685 cur
2632 2620 2711 2683 ab

301 2747 369 2787 so
409 2727 556 2811 ipsa
615 2729 836 2792 beatae
892 2729 1066 2793 uitae
1141 2729 1546 2813 adpetitione,
1622 2749 1769 2794 cum
1843 2729 1943 2794 his
2008 2747 2226 2794 omnes
2303 2729 2708 2811 occupentur,

404 2834 598 2918 pauci
644 2835 970 2912 excellant,
1021 2836 1194 2901 nulla
1245 2835 1555 2900 deterruit
1600 2837 1995 2902 multitudo?

508 2942 538 3003 1
551 2941 609 3004 7.
631 2942 719 3005 At
741 2941 1016 3006 absurda
1029 2941 1122 3007 ibi
1151 2941 1276 3007 dici
1295 2941 1693 3008 uidebantur.
1725 2943 1957 3026 quibus
1988 2942 2423 3007 adserentibus
2436 2946 2465 3005 ⁴?
2486 2959 2711 3024 nempe

406 3045 706 3120 inimicis,
765 3048 1048 3130 qualibet
1094 3066 1304 3126 causa,
1355 3049 1641 3131 qualibet
1685 3050 1926 3115 ratione
1991 3086 2081 3094 —
2145 3067 2269 3114 non
2346 3047 2513 3111 enirn
2586 3047 2709 3113 hoc

407 3171 582 3218 nunc
629 3153 951 3236 quaeritur
997 3191 1084 3202 —-
1129 3159 1342 3220 tamen
1380 3155 1677 3222 inimicis.
1730 3175 1877 3221 cum
1921 3156 2219 3238 legerem,
2266 3172 2379 3237 per
2424 3173 2525 3218 me
2571 3154 2709 3237 ipse

297 3285 368 3327 ιε
412 3258 707 3342 cognoui.
764 3259 931 3325 itane
980 3265 1118 3327 est?
1165 3262 1344 3325 nulla
1387 3261 1650 3328 inbutus
1696 3261 1947 3347 poetica
1992 3260 2326 3344 disciplina
2388 3260 2705 3324 Terentia-

409 3383 568 3428 num
615 3365 910 3430 Maurum
959 3367 1092 3432 sine
1141 3367 1446 3452 magistro
1496 3367 1819 3452 adtingere
1866 3385 1989 3432 non
2038 3366 2323 3444 audereS,
2363 3403 2449 3414 —
2486 3353 2707 3449 Asper,

412 3469 752 3544 Cornutus,
781 3471 1068 3538 Donatus
1099 3476 1163 3538 et
1198 3473 1309 3537 alii
1343 3473 1833 3538 innumerabiles
1858 3472 2282 3555 requiruntur,
2322 3475 2398 3536 ut
2444 3472 2714 3554 quilibet

409 3580 602 3659 poeta
672 3578 878 3660 possit
947 3563 1256 3664 intellegi,
1323 3581 1506 3645 cuius
1602 3579 1877 3647 carmina
1968 3584 2033 3643 et
2121 3579 2354 3644 theatri
2444 3579 2708 3662 plausus

411 3681 712 3748 uidentur
756 3689 1004 3768 captare
1058 3723 1150 3734 —
1193 3691 1266 3750 tu
1329 3686 1395 3751 in
1462 3705 1569 3752 eos
1617 3687 1833 3762 libros,
1890 3685 2001 3768 qui
2067 3704 2319 3768 quoquo
2384 3683 2572 3750 modo
2640 3703 2707 3748 se

301 3819 373 3860 ,ο
415 3788 708 3867 habeant,
793 3791 994 3860 sancti
1075 3795 1286 3858 tamen
1353 3793 1837 3876 diuinarumque
1902 3809 2111 3856 rerum
2155 3791 2329 3874 pleni
2372 3808 2566 3875 prope
2612 3791 2708 3855 to—

484 4007 518 4060 5
574 4006 891 4063 inuitauerit
947 4011 1104 4076 (corr.
1143 4025 1210 4064 ex
1243 4009 1562 4078 imitauerit)
1596 4009 1643 4064 S
1817 4011 1850 4066 6
1874 3965 2221 4080 ¹'imperitortl
2247 4011 2325 4064 m²
2505 4008 2536 4062 7
2575 4008 2705 4064 ada-

408 4111 584 4150 mares
643 4095 697 4150 V
877 4099 910 4152 9
947 4097 1375 4168 contempnimus
1417 4099 1465 4156 V
1565 4101 1645 4169 et]
1700 4103 1785 4154 est
1818 4098 1905 4152 011
2114 4098 2181 4153 13
2235 4097 2582 4152 teneritatem
2616 4097 2706 4152 Ch

414 4211 482 4264 19
519 4210 824 4269 ualitudine
851 4211 986 4268 SM
1011 4213 1060 4264 l*
1069 4211 1174 4266 mb
1346 4212 1416 4267 20
1455 4213 1785 4285 occupantur
1818 4211 2053 4282 thM
2078 4212 2174 4267 Vb
2213 4217 2541 4287 occupantur
2570 4211 2711 4266 SP²

411 4325 482 4379 23
509 4341 653 4380 nunc
681 4325 780 4380 hoc
807 4327 852 4378 V
925 4327 1042 4382 24·
1027 4327 1258 4382 inimicis
1288 4327 1335 4382 S
1366 4325 1599 4382 inimicis
1638 4329 1695 4396 (u
1734 4345 1869 4387 corr.
1905 4329 1970 4381 in
2005 4327 2044 4395 i)
2075 4325 2151 4380 M
2219 4330 2287 4384 25
2310 4345 2365 4382 es
2391 4331 2477 4396 (ex
2496 4335 2523 4382 ὅ
2542 4328 2701 4396 fact.)
2730 4393 2737 4400 ³

411 4439 568 4493 ,SV-m
639 4439 810 4510 nulla]
862 4440 1020 4496 inilla
1047 4441 1121 4494 M
1295 4443 1362 4496 29
1401 4445 1679 4513 captaret.
1700 4443 1775 4498 Ut
1808 4443 1896 4497 011
1979 4460 2014 4513 q
2043 4433 2131 4513 qm
2150 4443 2229 4496 m2
2258 4441 2525 4513 quomodo
2552 4441 2639 4495 011
2663 4441 2715 4494 V·
