3159 4984
919 457 1010 510 VI.
1071 456 1362 512 Contra
1417 455 1784 510 Faustum
1841 455 1970 510 lib.
2008 454 2185 508 XXII.
2559 459 2686 522 599

389 672 424 716 a
489 653 788 717 creatrice
854 653 997 717 luce
1062 651 1296 717 factam
1363 670 1504 717 esse
1569 671 1695 717 non
1752 650 2025 728 dubitat,
2082 650 2373 732 quisquis
2430 655 2683 716 sanctas

385 760 632 825 litteras
680 759 782 843 pie
828 759 1100 844 legendo
1149 760 1223 823 fit
1269 758 1524 843 dignus,
1573 759 1685 840 qui
1728 757 2081 841 intellegat.

480 869 582 930 11.
648 867 783 931 Nec
829 867 972 931 ideo
1021 865 1344 950 putandus
1393 870 1492 930 est
1538 866 1717 943 deuS,
1767 869 2106 947 antequam
2161 864 2398 928 faceret
2450 865 2685 944 lucem,

385 975 447 1037 in
517 973 795 1038 tenebris
859 972 1211 1050 habitasse,
1280 973 1427 1055 quia
1495 973 1816 1057 spiritus
1884 972 2002 1036 dei
2068 971 2688 1056 superferebatur

321 1098 614 1163 ⁵super
681 1099 941 1161 aquaS,
1019 1098 1164 1144 cum
1240 1078 1639 1161 praedictum
1714 1079 1983 1143 fuisset:
2058 1078 2412 1142 tenebrae
2478 1082 2687 1142 erant

297 1639 345 1674 10

285 2703 338 2740 20

387 1206 610 1270 super
657 1185 1030 1270 abyssum.
1081 1186 1353 1270 abyssus
1400 1204 1676 1268 namque
1717 1187 1816 1250 est
1852 1203 2157 1266 aquarum
2195 1185 2682 1250 inaestimabilis

383 1293 801 1376 profunditas.
866 1293 1035 1357 unde
1104 1296 1316 1376 potest
1379 1311 1706 1358 occurrere
1764 1291 1998 1356 carnali
2052 1291 2442 1376 prudentiae,
2500 1293 2684 1356 uelut

383 1399 445 1462 in
494 1399 595 1464 his
641 1399 939 1465 tenebris
990 1419 1149 1481 quae
1189 1402 1365 1463 erant
1403 1419 1595 1482 super
1632 1399 1957 1483 abyssum,
1996 1397 2381 1462 habitauerit
2418 1399 2679 1482 spiritus

385 1505 506 1583 dei,
557 1505 634 1570 de
683 1525 806 1588 quo
857 1506 1101 1571 dictum
1150 1509 1284 1572 est:
1332 1506 1726 1570 ferebatur
1772 1524 1998 1588 super
2044 1524 2295 1587 aquas,
2333 1525 2459 1570 non
2497 1505 2681 1570 intel-

383 1612 644 1696 legenti,
713 1612 1251 1695 quemadmodum
1315 1614 1424 1677 lux
1488 1614 1705 1677 luceat
1766 1611 1831 1676 in
1896 1611 2173 1676 tenebris
2250 1615 2314 1676 et
2384 1611 2679 1676 tenebrae

384 1737 520 1781 eam
559 1738 684 1784 non
723 1719 1252 1802 conprehendant,
1292 1718 1416 1784 nisi
1451 1739 1564 1802 per
1602 1719 1703 1784 dei
1739 1719 2006 1782 uerbum
2042 1717 2155 1782 fiat
2188 1718 2297 1782 lux
2336 1721 2401 1782 et
2437 1717 2683 1782 dicatur

384 1825 520 1890 eis:
570 1825 839 1890 fuistis
889 1826 1083 1890 enim
1133 1827 1543 1908 aliquando
1593 1827 1977 1902 tenebrae3
2028 1843 2219 1890 nunc
2268 1827 2519 1888 autem
2554 1824 2680 1886 lux

381 1931 453 1996 in
503 1931 819 1998 domino,
881 1933 1112 2014 quodsi
1157 1933 1497 1999 rationales
1544 1935 1793 1997 mentes
1840 1952 1951 2016 per
1994 1933 2398 1997 uoluntatem
2442 1931 2677 2014 inpiam

379 2041 750 2105 tenebrosae
795 2040 1007 2104 lucem
1054 2039 1400 2123 sapientiae
1440 2039 1542 2103 dei
1578 2059 1894 2120 nusquam
1932 2039 2260 2104 absentem
2299 2038 2679 2122 conprehen-

317 2169 342 2206 ··‚
382 2151 523 2215 dere
571 2171 696 2216 non
743 2153 1036 2232 possunt,
1087 2150 1258 2232 quod
1313 2150 1391 2214 ab
1451 2169 1524 2214 ea
1574 2150 1766 2234 longe
1825 2151 1955 2214 sint
2011 2150 2285 2224 adfectu,
2344 2169 2467 2214 non
2512 2150 2677 2226 1000,

381 2255 530 2338 quid
577 2256 831 2333 mirum,
883 2255 937 2320 si
983 2256 1249 2340 spiritus
1299 2256 1422 2332 dei,
1480 2256 1591 2339 qui
1648 2257 2160 2340 superferebatur
2214 2275 2406 2340 super
2459 2275 2679 2338 aquas,

381 2363 888 2447 superferebatur
953 2363 1144 2427 etiam
1212 2382 1405 2446 super
1467 2383 1772 2446 aquarum
1834 2365 2159 2440 tenebras,
2224 2363 2679 2448 inconparabili

380 2469 636 2553 quidem
682 2469 1171 2553 longinquitate,
1223 2469 1334 2533 sed
1383 2469 1801 2549 substantiae,
1849 2491 1973 2536 non
2018 2471 2361 2537 locorum?

472 2579 572 2644 12.
627 2575 770 2641 Scio
821 2575 1078 2658 quidem
1123 2561 1268 2640 istis
1308 2595 1496 2658 quam
1536 2577 1745 2642 surdis
1783 2577 1939 2641 haec
1978 2580 2263 2653 cantem3
2314 2597 2430 2642 nec
2466 2581 2677 2642 tamen

381 2683 664 2766 despero,
714 2681 886 2764 quod
933 2681 1162 2746 cantici
1208 2682 1338 2746 mei
1382 2683 1621 2748 ueritas
1666 2683 2005 2748 inuentura
2061 2684 2147 2749 sit
2200 2703 2413 2749 aurem
2474 2703 2677 2760 suam,

380 2807 568 2871 quam
636 2788 932 2854 dominus
1000 2789 1345 2870 aperuerit,
1414 2809 1451 2853 a
1514 2809 1638 2872 quo
1707 2795 1858 2855 sunt
1919 2809 2099 2866 uera,
2167 2809 2327 2873 quae
2383 2791 2677 2857 dicimus.

375 2896 536 2960 istos
602 2899 816 2960 autem
865 2895 1087 2978 quales
1137 2893 1493 2958 diuinarum
1551 2895 2009 2979 scripturarum
2065 2895 2309 2962 iudices
2372 2897 2677 2980 patimur,

378 3001 608 3083 quibus
657 3003 850 3067 etiam
898 3001 1214 3085 displicet,
1265 3001 1434 3083 quod
1484 3001 1601 3066 deo
1648 3001 2002 3084 placuerint
2049 3021 2239 3086 opera
2291 3021 2425 3080 sua,
2484 3021 2671 3085 quem

375 3111 700 3192 tamquam
763 3108 1089 3174 insolitam
1154 3110 1368 3173 lucem
1432 3107 1734 3173 miratum
1790 3127 1931 3174 esse
1983 3109 2471 3193 reprehendunt,
2528 3109 2677 3192 quia

285 3232 334 3270 ⁰⁷»-
378 3215 687 3299 scriptum
736 3218 876 3280 est:
936 3225 1010 3280 et
1063 3215 1268 3278 uidit
1323 3215 1504 3281 deus
1561 3216 1831 3293 lucem,
1880 3215 2055 3298 quia
2106 3217 2299 3282 bona
2355 3219 2509 3281 est!
2570 3217 2673 3282 ad—

375 3322 602 3406 probat
649 3321 816 3386 enim
867 3341 1055 3404 opera
1101 3339 1237 3398 sua,
1289 3323 1435 3403 quia
1479 3323 1735 3406 placent
1782 3322 1859 3400 ei,
1910 3342 2069 3405 quae
2105 3323 2278 3394 fecit.
2318 3327 2382 3388 et
2418 3323 2539 3389 hoc
2578 3328 2677 3389 est

373 3427 611 3506 uidere,
683 3427 832 3510 quia
893 3428 1064 3493 bona
1119 3430 1288 3493 sunt.
1356 3447 1560 3511 neque
1625 3429 1791 3493 enim
1858 3429 2100 3512 aliquid
2164 3429 2405 3496 inuitus
2466 3430 2671 3495 facere

377 3533 645 3617 cogitur,
694 3537 770 3597 ut
816 3533 985 3615 quod
1036 3533 1094 3598 ei
1130 3553 1254 3599 non
1292 3535 1504 3618 placet
1538 3534 1752 3613 faciat,
1792 3539 1904 3599 aut
1938 3535 2003 3599 in
2041 3534 2278 3617 aliquid
2313 3536 2673 3601 faciendum

373 3639 717 3724 inprudens
764 3639 1021 3718 labitur,
1069 3643 1146 3704 ut
1189 3640 1431 3705 factum
1479 3661 1621 3707 esse
1670 3641 2022 3724 displiceat.
2093 3660 2206 3707 cur
2258 3645 2472 3707 autem
2524 3642 2670 3707 istis

373 3765 496 3811 non
546 3747 898 3830 displiceat,
939 3747 1108 3830 quod
1146 3747 1303 3812 deus
1341 3755 1561 3814 noster
1598 3767 1756 3832 opus
1793 3767 1981 3812 suum
2019 3747 2204 3828 uidit,
2245 3749 2393 3830 quia
2428 3749 2667 3814 bonum

551 3955 588 4008 4
625 3953 758 4009 Gen.
803 3958 846 4019 1,
886 3955 919 4007 2
1031 3956 1093 4009 11
1136 3955 1202 4010 cf.
1241 3954 1358 4010 Ioh.
1400 3957 1448 4021 1,
1486 3957 1518 4008 5
1633 3958 1699 4011 12
1738 3955 1932 4028 EpheS.
1973 3959 2023 4022 ὃ,
2064 3957 2097 4011 8
2208 3958 2275 4010 25
2316 3955 2448 4011 Gen.
2490 3957 2539 4020 1,
2568 3958 2601 4008 4

443 4105 478 4162 4
527 4105 977 4175 superferaebatur
1030 4103 1078 4156 0
1215 4105 1248 4158 6
1293 4105 1549 4173 inestima
1591 4104 1721 4160 bilis
1766 4106 1813 4161 G
1956 4107 2015 4160 11
2068 4107 2405 4177 prehendant
2440 4107 2507 4158 M
2546 4123 2669 4162 con·

371 4194 652 4264 phendant
680 4193 731 4247 L
873 4193 1010 4246 fiant
1052 4200 1104 4250 (n
1135 4209 1176 4246 8.
1210 4193 1266 4258 l.)
1301 4193 1346 4247 S
1489 4193 1554 4247 12
1586 4194 1727 4248 0111111
1757 4211 1859 4249 om.
1888 4195 1975 4248 Pb
2121 4197 2189 4250 14
2219 4195 2592 4264 conphendere
2619 4195 2673 4250 L

374 4284 440 4336 15
479 4283 593 4336 sint
634 4285 690 4348 (n
730 4298 796 4336 m.
835 4286 865 4334 1
899 4283 1183 4350 superse-r.)
1218 4282 1266 4336 Ο
1372 4282 1437 4335 18
1472 4280 1875 4352 longinquitate
1908 4287 1977 4348 (m
2011 4285 2105 4354 er.)
2136 4283 2186 4336 L
2296 4285 2357 4337 21
2404 4285 2672 4354 aperuerit

373 4377 421 4444 (e
463 4378 590 4425 ante
625 4371 696 4424 rit
735 4372 796 4422 in
833 4385 967 4436 ras.)
1012 4369 1058 4423 0
1163 4371 1232 4425 29
1271 4387 1408 4442 quur
1444 4371 1552 4424 LO
