3159 4984
489 478 615 541 558
1196 474 1247 525 S.
1307 472 1581 527 Aureli
1637 472 2074 541 Augustini

486 670 650 733 bita
732 673 1018 746 nostra,
1088 668 1297 733 sicut
1380 671 1455 732 et
1537 687 1670 733 nos
1758 667 2220 731 dimittimus
2306 666 2794 732 debitoribus

487 778 796 841 nostris.
847 776 956 858 qui
1003 778 1155 839 sunt
1201 775 1367 837 enim
1418 772 1737 838 debitores
1785 774 2005 851 uestri,
2056 773 2166 855 qui
2209 772 2275 836 in
2321 792 2441 839 uos
2489 792 2794 856 peccaue—

490 886 691 948 runt?
748 882 803 947 si
851 901 1008 965 gens
1055 884 1481 960 tenebrarum,
1530 883 1842 964 numquid
1890 882 1948 946 ei
1997 882 2267 947 dimittis
2317 882 2550 961 debita,
2601 900 2794 965 quam

486 1009 690 1072 usque
736 990 802 1053 in
868 989 1058 1053 finem
1128 988 1508 1053 eradicatam
1566 993 1821 1054 aeterno
1881 1007 2126 1073 carcere
2183 988 2562 1053 includitis?
2631 1007 2798 1071 quae

488 1100 701 1161 autem
758 1096 973 1160 debita
1028 1096 1215 1161 uobis
1270 1099 1487 1179 potest
1539 1097 1652 1159 ille
1711 1095 2050 1175 dimittere,
2101 1095 2352 1177 quando
2407 1094 2520 1159 ille
2574 1095 2796 1180 potius
2869 1114 2896 1152 5

488 1205 553 1269 in
599 1224 718 1268 uos
766 1202 1079 1286 peccauit,
1128 1222 1275 1268 cum
1325 1203 1403 1267 ad
1448 1203 1576 1267 ista
1620 1222 1740 1268 uos
1787 1203 1985 1280 misit,
2035 1222 2224 1284 quam
2283 1222 2404 1270 uos
2459 1201 2526 1266 in
2581 1202 2796 1267 illum.

488 1309 597 1393 qui
632 1310 919 1374 mittenti
958 1310 1444 1392 obtemperastis
1465 1313 1495 1373 ?
1546 1312 1658 1373 aut
1694 1310 1750 1374 si
1786 1312 2118 1392 propterea
2153 1309 2263 1373 ille
2301 1329 2426 1374 non
2472 1311 2794 1391 peccauit,

487 1418 637 1500 quia
697 1416 820 1482 hoc
884 1416 1269 1481 necessitate
1323 1416 1495 1491 fecit,
1553 1417 1758 1481 maior
1815 1420 1880 1480 et
1933 1419 2150 1481 uestra
2205 1416 2574 1495 necessitas,
2641 1435 2798 1481 cum

484 1524 613 1587 iam
658 1524 724 1587 in
770 1542 986 1607 pugna
1049 1522 1351 1605 prostrati
1410 1522 1698 1601 iaceatiS,
1768 1542 1958 1606 quam
2012 1523 2138 1587 fuit
2189 1523 2390 1603 illius,
2449 1526 2794 1604 antequam

484 1630 875 1714 pugnaretis
935 1630 1059 1694 iam
1111 1630 1276 1694 enim
1332 1650 1451 1695 uos
1506 1630 1798 1714 patimini
1858 1631 2271 1696 commixtum
2317 1632 2580 1695 malum.
2629 1630 2798 1694 nihil
2841 1645 2898 1683 ιο

481 1737 610 1800 tale
646 1736 759 1800 ille
796 1736 1175 1818 patiebatur,
1220 1756 1365 1801 cum
1411 1740 1628 1801 tamen
1675 1737 2146 1816 necessitatem,
2195 1741 2271 1801 ut
2313 1756 2433 1802 uos
2479 1737 2794 1806 mitteret..

485 1845 828 1926 pateretur.
885 1842 1103 1924 itaque
1154 1846 1264 1907 aut
1309 1843 1448 1925 ipse
1495 1843 1712 1926 potius
1759 1843 1946 1908 uobis
1995 1843 2202 1921 debet,
2252 1842 2422 1926 quod
2469 1843 2526 1907 ei
2575 1842 2794 1906 dimit-

479 1949 653 2026 tatis,
714 1950 826 2012 aut
880 1948 936 2013 si
990 1968 1107 2013 nec
1160 1950 1299 2032 ipse
1361 1932 1586 2029 uobis,
1627 1950 1832 2013 multo
1889 1950 2095 2033 magis
2151 1967 2268 2014 nec
2321 1968 2442 2015 uos
2496 1948 2617 2016 illi.
2675 1951 2795 2013 ubi

482 2058 637 2121 sunt
682 2074 829 2139 ergo
879 2055 1187 2119 sacrificia
1232 2058 1469 2131 uestra,
1510 2056 1836 2139 simplices
1885 2075 1958 2120 ac
2004 2074 2199 2139 purae
2247 2057 2585 2135 orationeS,
2637 2076 2788 2121 cum

487 2161 619 2226 sint
660 2162 921 2226 fallaces
970 2164 1035 2226 et
1076 2164 1339 2245 inpurae
1384 2162 1871 2245 blasphemiae?
2833 2179 2886 2218 ιτ»

570 2270 671 2333 18.
737 2268 822 2332 Et
885 2270 1099 2333 tamen
1166 2270 1319 2335 uolo
1382 2270 1542 2333 mihi
1610 2270 1858 2348 dicatis,
1923 2270 2094 2334 unde
2147 2270 2275 2335 ista
2331 2272 2560 2340 omnia,
2621 2290 2790 2353 quae

477 2375 757 2440 laudatis
794 2376 859 2439 in
898 2375 1107 2454 nebia,
1138 2376 1238 2441 bis
1277 2376 1641 2441 nominibus
1681 2377 2035 2459 appellet-is,
2067 2381 2141 2441 ut
2180 2377 2406 2442 dicatis
2441 2378 2788 2462 templum,

480 2502 669 2560 aram,
720 2482 1121 2547 sacrificium.
1192 2483 1246 2547 si
1294 2484 1463 2547 enim
1510 2502 1664 2548 uero
1713 2484 1830 2548 deo
1877 2484 2004 2549 ista
2057 2503 2211 2549 uera
2263 2504 2388 2552 non
2448 2484 2786 2561 debentur,

484 2608 597 2653 cur
638 2587 1049 2653 laudabiliter
1091 2589 1157 2653 in
1202 2608 1356 2654 uera
1399 2589 1708 2674 religione
1753 2590 2248 2672 praedicantur?
2297 2591 2354 2655 si
2398 2594 2615 2655 autem
2662 2592 2788 2657 deo

474 2714 628 2760 uero
666 2714 891 2760 uerum
930 2695 1311 2760 sacrificium
1348 2696 1469 2760 rite
1508 2696 1794 2775 debetur,
1833 2696 2000 2761 unde
2040 2696 2232 2761 etiam
2271 2697 2470 2762 diuini
2505 2697 2787 2763 honores
2823 2714 2882 2752 το

473 2806 643 2867 recte
712 2802 1131 2885 appellantur,
1203 2806 1414 2867 cetera
1477 2822 1639 2886 quae
1705 2804 2004 2868 dicuntur
2059 2804 2366 2870 sacrificia
2421 2804 2503 2868 ad
2555 2804 2786 2869 simili·

476 2910 763 2974 tudinem
830 2910 994 2974 fiunt
1060 2910 1392 2975 cuiusdam
1453 2911 1590 2975 ueri
1655 2910 1967 2978 sacrificii.
2043 2910 2200 2977 haec
2265 2915 2480 2977 autem
2543 2913 2786 2995 partim

478 3018 631 3080 sunt
672 3015 1078 3079 imitamenta
1123 3015 1436 3081 falsorum
1482 3020 1546 3081 et
1589 3016 1917 3081 fallacium
1965 3016 2248 3086 deorum.
2297 3018 2418 3084 hoc
2475 3022 2576 3085 est
2635 3020 2786 3086 dae·

470 3120 849 3201 moniorum,
882 3121 1151 3203 superbe
1189 3122 1313 3187 sibi
1350 3123 1428 3187 ab
1463 3124 1574 3199 eia,
1611 3143 1773 3206 quos
1811 3124 2192 3207 deceperint,
2224 3124 2473 3190 diuinos
2501 3126 2786 3193 honores

473 3227 861 3311 exigentium
898 3265 986 3275 —
1026 3228 1195 3293 sicut
1242 3232 1394 3293 sunt
1437 3231 1545 3295 uel
1593 3234 1769 3295 erant
1814 3231 2026 3296 omnia
2059 3230 2124 3295 in
2163 3231 2421 3314 templis
2455 3232 2784 3315 idolisque
2823 3248 2876 3286 ὅ

471 3332 807 3417 gentilium
861 3370 951 3380 -—
1006 3335 1237 3417 partim
1301 3337 1813 3420 praedicamenta
1874 3339 2130 3403 uenturi
2195 3338 2384 3403 unius
2448 3339 2784 3404 uerissimi

471 3439 783 3517 sacrificii,
833 3444 1002 3523 quod
1048 3461 1161 3525 pro
1208 3444 1487 3526 peccatis
1536 3444 1818 3509 omnium
1876 3444 2271 3510 credentium
2327 3446 2530 3511 offerri
2590 3465 2780 3529 opor-

546 3730 570 3781 1
613 3725 952 3783 deuitoribus
988 3730 1061 3783 M
1068 3732 1081 3766 ¹
1202 3733 1234 3784 2
1272 3732 1383 3800 nisi,
1410 3734 1503 3802 qui
1530 3732 1586 3786 L
1727 3698 1826 3797 fios
1861 3733 1909 3787 0
2013 3733 2046 3787 3
2075 3733 2182 3787 nisi
2213 3733 2359 3800 (nis.
2391 3732 2424 3786 l.
2459 3751 2496 3787 a
2521 3750 2590 3787 m.
2623 3736 2684 3799 2)
2717 3734 2774 3787 L

472 3844 505 3897 9
542 3844 773 3913 prostati
810 3844 859 3901 S
999 3849 1065 3901 10
1122 3848 1287 3918 enim]
1342 3864 1471 3903 uero
1520 3848 1551 3902 b
1700 3848 2066 3918 commixtum]
2123 3813 2464 3903 commistum
2527 3848 2580 3901 L
2647 3866 2770 3903 cum

466 3932 571 3987 iste
600 3933 666 3988 8¹
695 3935 1031 3989 commistum
1064 3936 1355 3991 S2P¹G²M¹
1384 3939 1728 3993 commissum
1758 3938 1850 3990 Μ2
1958 3938 2020 3990 11
2052 3937 2148 3992 ille
2175 3954 2278 3992 om.
2309 3936 2357 3991 S
2476 3939 2695 3993 mittere
2727 3938 2778 3991 C

470 4022 539 4074 12
567 4038 665 4075 uos
689 4022 809 4077 66¹¹
916 4024 1081 4079 debet
1106 4024 1263 4079 uobis
1286 4026 1317 4079 b
1391 4027 1459 4081 13
1490 4027 1537 4080 si
1566 4026 1606 4097 (i
1633 4042 1674 4081 s.
1715 4042 1833 4095 exp.
1875 4043 1902 4080 e
1943 4043 1982 4080 a
2017 4043 2087 4079 m.
2125 4032 2176 4094 1)
2208 4026 2260 4080 L
2335 4028 2404 4080 14
2429 4026 2690 4081 sacrifitia
2725 4028 2776 4082 C

470 4110 740 4165 orationes
768 4116 983 4167 uestrae
1017 4115 1065 4168 C
1173 4116 1241 4170 18
1270 4116 1370 4170 deo
1401 4132 1527 4171 uero
1563 4116 1613 4171 0
1751 4118 1900 4185 uera]
1929 4130 1996 4169 ue
2018 4112 2082 4182 ⁸(e
2108 4132 2152 4171 s.
2185 4118 2242 4184 l.)
2275 4116 2320 4170 Ο
2442 4117 2511 4170 19
2551 4132 2690 4187 quur
2722 4116 2774 4171 C

464 4196 539 4252 20
592 4200 906 4255 sacrifitium
960 4203 1006 4256 O
1145 4206 1209 4257 21
1260 4206 1517 4259 sacrifitia
1568 4205 1618 4260 Ο
1719 4204 1788 4257 22
1827 4204 2052 4259 cuiusda
2099 4205 2190 4276 (da
2232 4220 2276 4259 ε.
2327 4206 2362 4261 Ζ.
2415 4221 2454 4258 α
2497 4220 2569 4259 m.
2618 4208 2670 4271 1)
2721 4204 2772 4259 S

466 4284 535 4338 23
575 4286 687 4356 Sin‘c
731 4286 778 4343 Ο
916 4288 1185 4345 fallatiam
1230 4291 1277 4348 0
1380 4293 1451 4346 24
1488 4292 1614 4363 sibi]
1653 4294 1770 4347 seui
1805 4291 2063 4346 L1PS¹G
2099 4293 2205 4347 sibi
2246 4296 2357 4362 (pr.
2397 4292 2418 4346 i
2452 4310 2519 4347 ex
2555 4293 2654 4360 u?)
2693 4292 2770 4346 M

466 4376 585 4443 seui
622 4376 652 4429 b
762 4378 829 4430 27
870 4379 1113 4433 sacrifitii
1152 4379 1197 4433 Ο
1338 4398 1434 4451 pro
1470 4397 1513 4435 s.
1556 4383 1593 4435 l.
1629 4398 1697 4435 m.
1739 4384 1779 4435 2
1817 4380 1862 4433 0
2003 4398 2285 4452 oporteret
2325 4383 2405 4449 (er
2440 4396 2484 4435 8.
2523 4383 2584 4449 1.)
2630 4382 2678 4436 C
