3159 4984
984 414 1071 468 VI.
1132 414 1423 470 Contra
1478 416 1842 471 Faustum
1903 415 2032 469 lib.
2089 417 2184 469 XI.
2593 422 2722 482 319

424 611 583 677 haec
632 631 779 695 ergo
830 631 973 676 cum
1022 612 1143 676 ist-e
1191 616 1381 695 neget
1428 632 1698 694 cumque
1748 613 1958 695 ipsum
2009 612 2219 688 deum,
2270 614 2345 677 de
2394 632 2518 695 quo
2566 613 2727 676 Pau-

428 717 532 781 lus
582 716 771 782 dicit:
836 718 1258 793 inmortali,
1326 716 1935 799 incorruptibili,
2004 718 2151 782 soli
2200 717 2334 783 deo
2375 718 2610 783 honor
2658 720 2730 781 et

434 824 678 905 gloria
750 842 979 896 amen,
1057 824 1179 888 iste
1258 823 1736 906 corruptibilem
1811 824 2150 907 praedicet,
2219 823 2732 906 quandoquidem

434 930 855 994 substantiam
904 930 1043 995 eius
1092 932 1279 1011 atque
1318 932 1609 994 naturam
1650 932 1715 993 et
1758 932 1961 994 totam
1999 930 2313 1007 timuisse,
2361 949 2438 994 ne
2485 948 2522 993 a
2558 933 2730 994 tene·

362 1061 393 1097 r,
432 1035 685 1099 brarum
751 1040 939 1120 gente
1005 1040 1509 1119 corrumperetur
1570 1039 1635 1101 et
1698 1040 1774 1100 ut
1838 1040 2079 1102 ceterae
2146 1038 2602 1115 consuleretur,
2661 1055 2734 1099 ex

346 1598 401 1635 10

344 2664 404 2701 20

434 1144 609 1224 parte
686 1146 1042 1227 corruptam
1124 1143 1496 1209 detestanda
1580 1148 1647 1208 et
1719 1144 2136 1210 abominanda
2219 1163 2436 1210 eorum
2516 1142 2734 1209 fabula

436 1250 745 1313 somniat:
796 1251 948 1332 quid
996 1253 1113 1329 est,
1164 1251 1331 1333 quod
1399 1251 1589 1315 etiam
1654 1252 1718 1315 in
1766 1252 1886 1318 hoc
1935 1255 2198 1317 conatur
2241 1250 2460 1315 fallere
2507 1250 2736 1333 inperi-

434 1356 537 1419 tos
607 1355 781 1419 etin
848 1356 1082 1421 diuinis
1142 1356 1471 1439 scripturis
1536 1356 1748 1421 minus
1816 1357 2120 1435 eruditos,
2169 1359 2242 1420 ut
2285 1356 2732 1439 interrogatuS,

438 1463 652 1525 utrum
700 1462 972 1545 accipiat
1036 1465 1397 1546 apostolum
1444 1463 1738 1541 Paulum,
1795 1463 2210 1546 respondeat:
2277 1463 2621 1540 maxime,
2672 1465 2737 1527 et

436 1566 796 1631 inueniatur
849 1569 1240 1643 „minime“?

530 1676 590 1737 4.
642 1674 767 1739 Sed
815 1678 1004 1751 certa,
1052 1677 1278 1757 inquit,
1327 1676 1489 1741 ratio
1548 1680 1667 1753 est,
1719 1694 1842 1758 qua
1889 1676 2223 1741 ostendam
2268 1676 2542 1740 Paulum
2589 1694 2735 1759 apo-

442 1781 680 1845 stolum
726 1785 838 1846 aut
899 1782 1281 1865 proficiendo
1346 1788 1635 1847 mutasse
1692 1783 2072 1847 sententiam
2121 1785 2186 1847 et
2231 1782 2610 1847 scribentem
2659 1782 2738 1846 ad

444 1884 801 1953 Corinthios
851 1889 1241 1966 emendasse,
1292 1889 1461 1971 quod
1526 1890 1868 1973 scripserat
1933 1889 2010 1953 ad
2057 1890 2398 1965 Romanos,
2447 1892 2562 1953 aut
2607 1908 2737 1955 om-

443 1992 587 2058 uino
636 2014 757 2059 non
809 1996 1159 2080 scripsisse,
1210 1996 1379 2078 quod
1444 2004 1770 2078 tamquam
1819 1997 1954 2061 eius
2001 1995 2332 2078 profertur,
2381 1995 2586 2059 filium
2636 1995 2738 2059 dei

376 2132 403 2169 5
444 2118 516 2162 ex
563 2102 800 2167 semine
874 2103 1086 2167 Dauid
1152 2103 1503 2168 secundum
1571 2121 1841 2167 carnem.
1908 2120 2031 2185 qua
2087 2102 2340 2167 tandem
2387 2102 2627 2167 ratione
2674 2101 2740 2165 id

449 2207 777 2277 ostendit?
843 2210 992 2291 quia
1054 2229 1178 2275 non
1248 2212 1482 2293 potest,
1529 2210 1758 2291 inquit,
1805 2212 2146 2291 utrumque
2192 2228 2416 2274 uerum
2465 2228 2627 2283 esse,
2678 2210 2743 2272 et

448 2313 615 2393 quod
660 2314 725 2377 in
772 2314 1047 2398 epistula
1086 2318 1186 2381 est
1222 2315 1302 2379 ad
1337 2316 1696 2381 Romanos:
1747 2315 1831 2379 de
1878 2315 2049 2380 filio
2099 2333 2264 2391 sue,
2314 2314 2439 2395 qui
2487 2315 2738 2379 factus

446 2422 562 2483 est
618 2420 682 2483 ei
732 2440 811 2484 ex
860 2422 1143 2487 semine
1188 2422 1437 2486 Dauid
1486 2421 1901 2487 secundum
1949 2441 2269 2495 carnem,
2321 2424 2385 2485 et
2431 2421 2600 2502 quod
2647 2420 2737 2484 ait

444 2525 521 2588 ad
571 2526 967 2593 Corinthios:
1042 2530 1303 2612 itaque
1380 2548 1521 2595 nos
1599 2529 1858 2594 amodo
1935 2529 2302 2593 neminem
2386 2528 2734 2593 nouimus

442 2634 851 2699 secundum
902 2654 1223 2711 carnem;
1264 2639 1339 2701 et
1374 2636 1439 2701 si
1478 2654 1930 2701 noueremus
1979 2635 2390 2700 secundum
2441 2653 2734 2699 carnem

444 2737 859 2821 Christum,
928 2742 1057 2807 sed
1114 2761 1307 2808 nunc
1383 2743 1527 2807 iam
1594 2762 1734 2809 non
1781 2742 2149 2809 nouimus,
2199 2744 2398 2806 restat
2445 2760 2612 2825 ergo,
2661 2744 2736 2804 ut

439 2864 553 2909 nos
620 2846 1148 2925 demonstremus,
1215 2866 1405 2930 quam
1478 2848 1686 2931 possit
1757 2851 2100 2929 utrumque
2175 2866 2398 2911 uerum
2473 2866 2612 2911 esse
2671 2851 2736 2911 et

440 2970 627 3033 quam
676 2954 799 3020 sibi
844 2955 998 3019 haec
1048 2954 1171 3019 duo
1219 2974 1342 3019 non
1410 2956 1538 3019 sint
1605 2954 1932 3019 contraria.
1992 2974 2190 3018 unum
2237 2953 2466 3037 quippe
2516 2972 2733 3019 eorum

438 3077 559 3123 non
608 3079 747 3125 esse
794 3061 978 3135 Pauli
1026 3062 1202 3126 nullo
1240 3061 1428 3126 modo
1466 3080 1810 3144 possumus
1860 3060 2084 3136 dicere,
2134 3061 2282 3143 quia
2327 3060 2503 3123 nulla
2547 3060 2611 3123 in
2660 3079 2732 3126 eo

376 3196 397 3232 ἢ
440 3166 646 3230 uariat
720 3167 1010 3232 codicum
1084 3167 1449 3233 auctoritas.
1500 3168 1620 3233 etsi
1697 3168 1865 3233 enim
1937 3168 2001 3232 in
2080 3167 2461 3250 quibusdam
2515 3166 2732 3231 latinis

438 3273 897 3355 exemplaribus
962 3294 1085 3340 non
1157 3276 1428 3379 legitur:
1494 3274 1777 3353 factuS,
1845 3275 1958 3339 sed
2021 3277 2245 3339 natus
2303 3294 2382 3339 ex
2450 3275 2732 3340 semine
2785 3368 2788 3371 .

434 3378 711 3456 Dauid,
779 3400 925 3446 cum
982 3400 1207 3466 graeca
1259 3380 1515 3447 factus
1572 3381 1866 3467 habeant,
1934 3382 2101 3446 unde
2149 3400 2271 3445 non
2320 3381 2396 3445 ad
2445 3381 2731 3459 uerbum,

433 3485 546 3549 sed
596 3487 673 3551 ad
722 3489 1099 3553 sententiam
1146 3489 1480 3554 transferre
1528 3489 1738 3554 uoluit
1794 3488 2056 3553 dicendo
2113 3491 2440 3564 „natum“
2495 3488 2730 3552 latinus

610 3731 643 3783 2
680 3730 709 3785 1
746 3729 881 3784 Tim.
922 3732 970 3796 1,
1013 3731 1076 3784 17
1189 3733 1253 3785 17
1292 3730 1443 3785 Rom.
1488 3734 1531 3795 l,
1568 3732 1602 3783 3
1717 3732 1784 3785 19
1819 3732 1876 3786 11
1915 3730 2033 3787 Cor.
2074 3736 2124 3796 ἴ),
2166 3732 2230 3784 16

502 3889 535 3941 2
588 3885 987 3958 incorruptibili
1045 3893 1199 3959 (corr.
1256 3890 1319 3943 in
1372 3890 1508 3959 ras.)
1556 3890 1610 3942 L
1753 3890 1788 3942 5
1845 3894 2066 3959 gentem
2121 3889 2263 3956 S2Cr',
2320 3894 2396 3959 (m
2452 3894 2546 3957 er.)
2603 3890 2736 3944 LM

427 3982 603 4032 cetere
662 3978 716 4031 L
876 3978 909 4029 6
966 3978 1342 4032 detestandam
1388 3978 1704 4034 L¹M²S¹G¹
1867 3981 1898 4033 7
1947 3996 2066 4047 cap.
2113 3981 2149 4033 4
2195 3978 2340 4045 Quid
2397 3984 2482 4034 est
2537 3995 2650 4049 sqq.
2699 3981 2731 4034 b

426 4067 463 4121 8
508 4066 749 4121 eruditos
808 4071 861 4133 (ο
908 4082 973 4120 ex
1019 4066 1076 4135 u)
1125 4067 1172 4122 S
1308 4069 1369 4121 11
1410 4069 1718 4139 apostolum
1757 4070 1976 4140 paulum
2020 4069 2068 4123 G
2209 4070 2274 4123 13
2313 4068 2646 4123 chorinthios
2690 4070 2736 4124 G

430 4156 496 4208 14
533 4155 810 4226 scripsisse
848 4156 976 4221 (isse
1016 4172 1081 4209 ex
1118 4157 1221 4211 erit
1258 4172 1393 4212 corr.
1431 4175 1499 4211 m.
1538 4158 1592 4223 2)
1639 4157 1686 4212 0
1822 4160 1886 4212 15
1921 4158 2186 4212 rationem
2224 4158 2279 4211 L
2424 4159 2484 4215 16
2524 4162 2728 4213 utrum-

426 4261 531 4313 que
578 4246 704 4315 (que
753 4244 883 4301 add.
930 4264 998 4302 m.
1047 4250 1100 4313 2)
1155 4246 1203 4301 Ο
1308 4246 1375 4300 18
1415 4248 1463 4301 ei
1502 4264 1605 4301 om.
1651 4248 1698 4301 C
1801 4248 1866 4300 27
1917 4264 2076 4317 greca
2128 4247 2271 4301 OSG
2414 4247 2620 4301 habent
2662 4247 2728 4301 01

425 4332 494 4385 28
532 4336 857 4388 sententiam
896 4336 1067 4397 (entia
1105 4337 1168 4389 in
1202 4336 1340 4401 ras.)
1376 4336 1431 4390 L
