3159 4984
462 468 592 531 504
1143 463 1195 516 S.
1252 462 1530 516 Aureli
1587 461 2026 531 Augustini

458 662 558 725 lex
604 680 719 742 per
752 660 1021 743 Moysen
1072 659 1239 737 (lata,
1292 658 1369 722 de
1419 676 1544 740 quo
1585 656 1878 722 Christus
1919 656 2044 720 ait:
2096 656 2180 720 de
2229 676 2341 720 me
2391 657 2584 719 enim
2631 654 2772 719 ille

463 767 801 851 scripsit.
855 768 1023 831 certe
1073 765 1240 829 enim
1286 760 1429 848 ipsa
1475 766 1575 829 est
1621 764 1739 831 lex.
1791 782 1950 845 quae
1999 762 2407 840 subintrauit,
2455 767 2531 826 ut
2574 763 2768 827 abun-

463 873 641 938 daret
671 873 1007 937 delictum:
1049 872 1219 954 quod
1258 871 1337 935 ad
1376 872 1513 935 eius
1542 870 2098 953 reprehensionem
2131 869 2291 933 nihil
2319 869 2767 953 intellegentes

464 982 527 1045 in
569 999 674 1045 ore
714 980 944 1044 habere
985 979 1367 1045 consuestis,
1414 978 1506 1042 ibi
1552 996 1704 1061 ergo
1751 977 1896 1061 lege
1945 979 2009 1040 et
2055 976 2226 1052 uide,
2267 976 2414 1058 quia
2459 978 2600 1059 ipsa
2647 981 2764 1055 est,

467 1086 542 1151 de
594 1106 719 1169 qua
758 1086 1029 1150 dicitur:
1079 1085 1340 1168 itaque
1387 1086 1506 1147 lex
1553 1082 1854 1166 quidem
1905 1086 2170 1147 sancta
2216 1086 2290 1147 et
2335 1083 2766 1148 mandatum
2833 1099 2874 1138 5

465 1196 816 1258 sanctum
868 1195 941 1256 et
985 1192 1275 1256 iustum
1324 1193 1399 1255 et
1442 1190 1739 1254 bonum.
1808 1190 2004 1271 quod
2063 1209 2239 1274 ergo
2295 1190 2570 1255 bonum
2629 1194 2764 1255 est.

460 1299 652 1365 mihi
700 1300 986 1364 factum
1038 1302 1155 1363 est
1200 1302 1440 1363 mors?
1489 1298 1713 1361 absit.
1783 1297 1914 1361 sed
1971 1299 2364 1379 peccatum
2423 1301 2508 1361 ut
2555 1298 2765 1381 adpa-

463 1409 633 1470 reat
678 1412 1099 1489 peccatum,
1138 1425 1269 1488 per
1302 1405 1576 1470 bonum
1615 1403 1804 1467 mihi
1842 1407 2237 1486 operatum
2277 1408 2393 1468 est
2428 1408 2763 1469 mortem.

462 1533 666 1595 neque
708 1514 875 1577 enim
916 1514 1013 1576 lex
1050 1512 1314 1575 iubebat
1354 1511 1680 1588 delictum,
1723 1513 1799 1573 ut
1833 1510 1948 1574 illa
1985 1510 2381 1574 subintrante
2419 1511 2771 1575 abundaret-

462 1620 792 1697 delictum‚
844 1620 955 1684 sed
1006 1618 1315 1701 superbos
1362 1618 1643 1682 multum
1683 1616 1811 1680 sibi
1847 1617 2201 1680 tribuentes
2239 1615 2523 1679 mandati
2562 1618 2771 1680 sancti
2809 1630 2884 1669 1¹>

438 1729 527 1789 -et
572 1726 729 1789 iusti
781 1728 845 1790 et
890 1725 1039 1790 boni
1090 1726 1363 1790 adiectio
1412 1743 1554 1789 reos
1604 1724 1797 1788 etiam
1845 1723 2406 1815 praeuaricationis
2453 1722 2766 1795 effecerat,

460 1834 537 1896 ut
574 1851 645 1895 eo
686 1832 875 1897 modo
915 1831 1236 1895 humiliati
1275 1832 1595 1896 discerent
1633 1831 1712 1895 ad
1751 1832 2020 1915 gratiam
2057 1830 2370 1913 pertinere
2408 1848 2520 1911 per
2553 1830 2768 1895 fidem,

462 1942 539 2002 ut
600 1939 727 2001 iam
792 1958 917 2003 non
977 1941 1190 2002 essent
1244 1939 1372 2021 legi
1432 1938 1673 2002 subditi
1728 1957 1842 2020 per
1887 1940 2154 2011 reatum,
2207 1937 2319 2000 sed
2365 1937 2496 2019 legi
2543 1937 2773 2001 sociati

460 2065 572 2128 per
610 2044 947 2109 iustitiam.
996 2045 1165 2108 idem
1214 2046 1447 2127 quippe
1497 2046 1830 2127 apostolus
1882 2045 2056 2112 dicit.
2106 2044 2280 2126 quia
2324 2044 2771 2126 priusquam

462 2150 766 2214 ueniret
839 2150 1069 2215 fides.
1139 2150 1274 2215 sub
1341 2152 1511 2234 lege
1579 2151 2204 2215 custodiebamur
2281 2150 2626 2214 conclusi
2691 2149 2768 2212 in
2811 2164 2874 2201 1⁵

466 2276 621 2321 eam
662 2256 915 2332 fidem,
958 2274 1145 2336 quae
1181 2258 1451 2338 postea
1490 2257 1837 2320 reuelata
1875 2258 2010 2320 est.
2061 2256 2322 2337 itaque
2360 2255 2496 2333 lex,
2538 2255 2769 2337 inquit.

460 2363 952 2447 paedagogus
1010 2363 1274 2426 noster
1332 2364 1496 2425 erat
1550 2362 1624 2426 in
1675 2362 1981 2427 Christo
2030 2362 2236 2437 Iesu3
2297 2362 2428 2426 sed
2471 2366 2770 2444 postea-

464 2488 677 2552 quam
745 2468 961 2532 uenit
1020 2467 1251 2545 fides,
1319 2467 1468 2531 iam
1534 2488 1675 2533 non
1753 2488 2014 2533 sumus
2091 2468 2227 2531 sub
2303 2468 2768 2552 paedagogo,

468 2579 615 2661 quia
660 2595 774 2640 nos
821 2578 1036 2669 reatus
1082 2575 1247 2659 legis
1295 2594 1418 2639 non
1470 2575 1732 2658 obligat,
1783 2576 1910 2638 iam
1957 2596 2069 2658 per
2115 2576 2386 2659 gratiam
2443 2576 2766 2641 liberatos,

464 2704 733 2766 namque
790 2684 1131 2764 antequam
1188 2681 1539 2764 spiritalem
1597 2682 1869 2767 gratiam
1923 2682 2246 2746 humiliati
2311 2683 2758 2765 reciperemus.
2807 2696 2882 2735 ω

460 2790 619 2855 nihil
667 2790 790 2854 nisi
838 2788 1264 2853 mortificabat
1308 2808 1422 2853 nos
1469 2789 1687 2853 littera
1732 2789 1979 2867 iubam,
2039 2789 2209 2871 quod
2255 2808 2380 2853 non
2427 2808 2768 2871 possemus

462 2898 725 2980 inplere.
777 2896 944 2960 unde
993 2895 1162 2959 idem
1214 2895 1403 2959 dicit:
1473 2896 1738 2961 littera
1787 2896 2090 2964 occidit,
2143 2895 2465 2977 spiritus
2515 2900 2769 2961 autem

460 3003 843 3068 uiuificat.
920 3020 1140 3065 rursus
1222 3002 1511 3066 eiusdem
1577 3003 1853 3085 apostoli
1916 3002 2114 3067 uerba
2178 3006 2365 3067 sunt:
2444 3003 2508 3066 si
2573 3003 2764 3067 enim

464 3112 642 3174 data
690 3113 899 3175 esset
944 3110 1081 3174 leit.
1134 3128 1320 3191 quae
1357 3114 1624 3193 posset
1661 3110 2096 3188 uiuificare‚
2139 3110 2438 3174 omnino
2479 3110 2767 3194 exlege

464 3220 677 3281 esset
718 3216 1061 3291 iustitia3
1114 3216 1243 3279 sed
1292 3216 1680 3282 conclusit
1726 3217 2107 3300 scriptura
2145 3217 2391 3281 omnia
2429 3218 2565 3280 sub
2603 3236 2765 3299 pec·
2809 3231 2878 3271 ’ὃ

465 3324 655 3396 cato,
715 3324 799 3407 ut
852 3320 1263 3403 promissio
1323 3340 1401 3385 ex
1458 3320 1612 3385 fide
1670 3321 1846 3386 Iesu
1907 3321 2197 3386 Christi
2257 3321 2561 3385 daretur
2617 3342 2770 3387 cre-

647 3539 672 3591 1
712 3537 830 3593 Ioh.
870 3538 921 3601 ἴ),
959 3538 1029 3591 46
1194 3539 1227 3590 2
1264 3538 1419 3593 Rom.
1458 3540 1509 3603 5,
1546 3539 1619 3593 20
1783 3542 1815 3594 5
1855 3540 1970 3594 Ioh.
2012 3542 2062 3604 7,
2103 3542 2168 3594 12
2207 3557 2284 3610 sq.
2444 3542 2504 3593 14
2555 3539 2674 3595 Gal.
2715 3541 2766 3597 3.

462 3629 530 3681 23
570 3644 687 3696 sqq.
800 3626 869 3679 22
906 3626 959 3680 Π
998 3627 1115 3683 Cor.
1166 3628 1215 3692 3,
1256 3628 1287 3680 6
1398 3628 1467 3681 23
1508 3628 1626 3683 Gal.
1665 3630 1714 3683 3.
1754 3630 1817 3681 ‘21
1861 3646 1938 3699 sq.

538 3804 571 3855 2
606 3801 948 3856 habundaret
992 3802 1039 3856 0
1160 3804 1193 3856 3
1231 3804 1646 3873 reprehensione
1691 3804 1742 3857 G
1779 3805 2196 3875 reprehensione
2234 3805 2281 3861 S
2437 3804 2767 3877 intellegen-

464 3902 548 3944 tes
594 3890 670 3943 L¹
850 3892 886 3945 4
942 3893 1229 3945 consuistis
1276 3892 1577 3947 LOESGM
1589 3898 1599 3929 ¹
1651 3895 2007 3949 consuevistis
2070 3898 2157 3963 (ev
2209 3913 2252 3950 s.
2303 3896 2337 3949 l.
2390 3912 2430 3949 a
2473 3912 2541 3947 m.
2589 3896 2647 3964 2)
2697 3894 2772 3947 M

468 3981 528 4031 11
562 3980 659 4033 alt.
692 3983 747 4033 et
772 3996 815 4035 ε.
850 3980 883 4035 l.
913 3997 985 4035 m.
1014 3985 1045 4033 1
1079 3979 1127 4033 0
1249 3980 1570 4036 adiectiores
1601 3982 1986 4038 L¹S¹MPG¹b
2017 3984 2323 4039 adiectione
2351 4001 2472 4038 reos
2499 3982 2574 4037 L'·
2685 3986 2770 4038 ef—

462 4070 650 4123 ficerat
693 4068 770 4121 L¹
956 4070 1019 4122 13
1066 4069 1183 4139 legi
1229 4074 1277 4133 (s
1327 4070 1420 4140 er.)
1459 4070 1535 4122 M
1753 4072 1942 4125 sotiati
1989 4072 2088 4127 SG
2273 4074 2342 4127 15
2397 4073 2664 4127 conclusit
2715 4074 2769 4129 G

464 4156 703 4212 conclusi
742 4160 789 4225 (τ
828 4160 921 4223 er.)
961 4158 1084 4210 ML
1264 4160 1329 4211 17
1366 4159 1684 4229 pedagagus
1729 4160 1935 4214 LCSG
2116 4162 2181 4217 18
2228 4162 2513 4232 pedagogo
2559 4162 2774 4217 LCSG

466 4274 529 4327 21
578 4271 717 4326 nihil
762 4271 869 4326 nisi
918 4288 988 4326 er.
1028 4271 1076 4327 S
1115 4273 1255 4327 nihil
1292 4290 1410 4341 erp.
1456 4274 1507 4327 G
1643 4292 1927 4345 possumus
1964 4276 2009 4327 C
2033 4294 2317 4346 possumus
2349 4278 2379 4331 b
2481 4278 2549 4331 22
2577 4276 2784 4333 littera.

464 4362 606 4415 enim
646 4360 745 4416 SG
854 4362 924 4414 24
960 4362 1135 4431 possit
1172 4362 1219 4416 S
1249 4380 1407 4432 posse
1452 4363 1503 4417 G
1651 4365 1830 4418 omino
1873 4365 1916 4417 (J
2017 4366 2092 4419 -25
2130 4365 2346 4418 iusticia
2391 4366 2439 4418 0
