3159 4984
426 432 556 496 390
1134 430 1187 481 S.
1243 427 1518 481 Aureli
1572 426 2006 496 Augustini

425 644 637 690 rerum
704 626 941 687 euentu
1010 622 1414 687 commonitis
1469 622 1598 685 ista
1655 641 1794 686 esse
1852 621 2230 703 conscripta,
2290 620 2404 684 sed
2451 620 2605 684 olim
2652 619 2715 682 in

423 732 536 796 illo
602 747 793 815 regno
859 729 1187 813 praedicta
1242 731 1431 811 atque
1489 724 1786 804 seruata,'
1819 747 1986 792 nunc
2042 730 2257 791 autem
2311 726 2716 790 manifestata

427 840 493 903 et
537 838 810 921 inpleta:
878 837 944 902 in
994 836 1227 919 quibus
1276 839 1342 900 et
1388 854 1480 912 ea,
1532 854 1692 917 quae
1737 835 1826 898 ibi
1881 834 2093 898 minus
2149 833 2489 916 perspicua
2545 835 2715 907 sunt,

428 946 582 1027 quia
629 945 703 1009 in
750 945 1006 1028 figura
1054 942 1606 1026 contingebant
1650 942 1841 1015 illis;
1911 941 2198 1024 scripta
2245 944 2423 1004 sunt
2469 943 2718 1003 autem

426 1055 744 1136 propter
798 1070 960 1128 noS‚
1018 1050 1092 1114 in
1151 1069 1336 1131 quos
1392 1049 1577 1115 finis
1645 1049 2120 1114 saeculorum
2191 1048 2520 1114 obuenit,
2587 1047 2716 1109 iam
2773 1044 2826 1103 ε’

436 1178 603 1223 nunc
651 1159 993 1222 inlustrata
1052 1158 1411 1235 sumuntur,
1470 1160 1534 1221 et
1588 1175 1748 1239 quae
1802 1156 2046 1220 umbris
2102 1156 2458 1219 futurarum
2515 1154 2723 1218 adhuc

435 1285 647 1330 rerum
698 1267 1144 1349 opacabantur,
1190 1265 1317 1329 iam
1366 1264 1676 1328 factarum
1723 1262 1866 1326 luce
1911 1262 2417 1326 manifestantur.

520 1374 625 1439 11.
692 1373 881 1438 Forte
936 1372 1128 1437 etiam
1174 1372 1323 1435 hinc
1372 1391 1439 1435 se
1501 1370 1740 1434 diceret
1794 1368 2170 1452 permoneri‚
2230 1368 2398 1450 quod
2457 1368 2603 1451 ipsi,
2658 1369 2726 1431 in

432 1499 701 1562 quorum
751 1478 933 1543 libris
983 1478 1142 1544 haec
1188 1477 1609 1542 inueniuntur
1655 1496 1792 1541 esse
1836 1475 2296 1559 praenuntiata,
2354 1494 2514 1557 quae
2559 1493 2730 1539 nunc

428 1589 776 1651 cernuntur
838 1586 1109 1668 inpleta.
1180 1604 1301 1649 non
1371 1584 1705 1648 nobiscum
1770 1587 1990 1646 tenent
2053 1582 2338 1647 eiusdem
2405 1580 2728 1665 euangelii
2765 1598 2816 1635 ιο

428 1693 819 1758 societatem.
890 1712 1036 1756 cum
1096 1710 1249 1755 uero
1312 1690 1649 1755 doceretur
1704 1690 1898 1754 etiam
1951 1689 2072 1754 hoc
2136 1690 2214 1753 ab
2279 1687 2523 1753 eisdem
2587 1708 2728 1771 pro-

364 1868 369 1871 ,
424 1800 635 1882 phetis
703 1818 843 1865 esse
906 1797 1327 1882 praedictum,
1384 1800 1694 1881 quantum
1746 1798 2113 1861 moueretur
2166 1794 2245 1859 ad
2296 1795 2509 1871 fidem,
2557 1794 2730 1876 quis-

425 1911 558 1970 tam
607 1906 867 1971 demens
917 1908 1035 1983 est,
1082 1908 1159 1969 ut
1219 1925 1342 1970 non
1401 1904 1673 1969 uideat?
1738 1904 1880 1986 quis
1937 1905 2072 1966 tam
2129 1902 2464 1985 inpudens,
2524 1905 2599 1965 ut
2659 1922 2728 1971 se

433 2013 653 2078 uidere
705 2013 1117 2078 dissimulet?
1187 2013 1328 2094 quis
1387 2013 1554 2077 enim
1613 2011 1865 2075 dubitet
1917 2011 2039 2075 hoc
2097 2010 2172 2074 de
2219 2010 2472 2075 Iudaeis
2526 2008 2728 2073 fuisse

429 2120 901 2203 prophetatum,
944 2138 1089 2183 cum
1130 2119 1354 2184 Esaias
1402 2119 1608 2183 dicat:
1659 2118 1972 2203 agnouit
2016 2118 2152 2182 bos
2199 2135 2724 2199 possessorem
2765 2138 2815 2176 15

431 2245 645 2289 suum
694 2227 767 2289 et
814 2225 1073 2289 asinus
1132 2244 1497 2307 praesepe
1556 2224 1840 2289 domini
1896 2224 2044 2303 sui;
2110 2223 2409 2289 Israhel
2477 2227 2726 2287 autem

427 2352 539 2396 me
587 2353 727 2397 non
778 2332 1146 2417 cognouit
1192 2335 1268 2396 et
1314 2332 1642 2416 populus
1689 2352 1896 2397 meus
1943 2352 2054 2397 me
2115 2351 2262 2397 non
2327 2331 2728 2396 intellexit

429 2443 540 2503 aut
591 2440 775 2514 illud,
834 2438 1002 2521 quod
1064 2440 1399 2521 apostolus
1460 2443 1953 2504 commemorat:
2019 2442 2184 2504 tota
2240 2440 2356 2504 die
2405 2438 2724 2523 expandi

425 2564 690 2610 manus
754 2566 961 2611 meas
1029 2546 1115 2610 ad
1182 2547 1543 2630 populum
1599 2566 1739 2611 non
1797 2546 2227 2611 credentem
2284 2550 2358 2610 et
2423 2550 2716 2611 contra-

429 2651 802 2717 dicentem
870 2657 932 2719 et
999 2654 1269 2718 maxime
1335 2654 1535 2717 illud:
1605 2653 1815 2718 dedit
1879 2653 2042 2718 illis
2116 2653 2298 2718 deus
2357 2654 2806 2736 spiritumeo

428 2761 1034 2842 conpunctionis,
1078 2762 1365 2837 oculos,
1400 2764 1484 2823 ut
1512 2780 1652 2825 non
1690 2760 2022 2833 uideant,
2065 2763 2139 2823 et
2177 2779 2414 2835 aures⁹
2455 2762 2538 2823 ut
2581 2778 2722 2823 non

428 2867 743 2932 audiant
788 2871 867 2931 et
910 2888 1051 2933 non
1098 2868 1563 2952 intellegant
1619 2872 1685 2931 et
1737 2869 1943 2932 multa
2001 2868 2422 2933 huiusmodi?
2496 2866 2726 2950 quodsi

418 2972 691 3037 diceret:
760 2974 913 3055 quid
979 2993 1128 3058 ergo
1189 2977 1623 3057 peccauerunt
1665 2973 1904 3053 Iudaei,
1964 2973 2018 3038 si
2086 2974 2244 3039 deus
2300 2974 2448 3039 illos
2507 2993 2719 3039 excae-

421 3079 613 3155 cauit,
654 3100 731 3144 ne
771 3085 1186 3165 agnoscerent
1228 3080 1607 3147 Christum?
1655 3085 1961 3164 quantum
1997 3100 2358 3165 possemus,
2396 3080 2717 3146 inbuendo

425 3186 569 3251 rudi
597 3187 836 3253 homini
868 3188 1347 3253 ostenderemus
1379 3208 1451 3253 ex
1489 3188 1632 3253 aliis
1673 3188 1941 3253 occultis
1969 3187 2249 3271 peccatis
2279 3186 2395 3251 deo
2444 3188 2714 3271 cognitis
2749 3202 2804 3241 2⁵

425 3293 640 3358 uenire
670 3294 908 3395 iustam
941 3313 1205 3378 poenam
1236 3296 1427 3361 huius
1466 3296 1827 3367 caecitatisz,
1878 3294 2047 3378 quod
2076 3315 2197 3359 non
2233 3296 2443 3359 solum
2484 3296 2716 3359 dixisse

602 3542 639 3592 4
680 3540 707 3591 Ι
760 3540 879 3595 Cor.
930 3540 1013 3605 10,
1065 3541 1123 3592 11
1274 3541 1341 3594 15
1388 3541 1478 3595 Es.
1528 3542 1576 3603 1,
1627 3540 1658 3593 3
1809 3540 1874 3594 18
1919 3541 2071 3597 Rom.
2124 3539 2205 3603 10,
2257 3539 2358 3603 51;
2405 3540 2497 3593 Es.
2546 3539 2630 3603 65,
2679 3540 2713 3591 2

428 3629 499 3682 20
536 3628 689 3683 Rom.
734 3630 816 3689 11,
854 3630 919 3691 8;
959 3627 1049 3682 Es,
1088 3629 1136 3685 6.
1179 3628 1246 3682 10

500 3810 521 3859 1
570 3822 686 3859 esse
724 3824 827 3859 om.
873 3805 921 3859 0
1050 3806 1084 3859 2
1121 3806 1433 3877 praedicata
1470 3808 1517 3863 S
1547 3809 1862 3879 praedicata
1903 3810 2060 3864 GMb
2097 3808 2375 3880 predicata
2418 3808 2465 3863 O
2585 3810 2622 3862 4
2655 3809 2714 3862 in

426 3895 539 3948 illis
585 3895 857 3949 LCSMG
1003 3898 1182 3950 autem
1229 3900 1299 3963 (s.
1350 3898 1385 3951 l.
1436 3914 1505 3951 m.
1552 3902 1609 3966 1)
1655 3899 1701 3951 C
1804 3900 1838 3952 5
1877 3898 2008 3951 fines
2054 3897 2349 3952 L¹M¹S¹G
2489 3900 2524 3951 6
2561 3898 2710 3952 futu-

424 3998 602 4036 rorum
632 3983 741 4036 L¹b
852 3984 881 4035 7
914 3984 1327 4053 oppagabantur
1354 3986 1385 4039 b
1495 3986 1528 4039 8
1557 4003 1614 4041 se
1646 3991 1713 4053 (ε.
1745 3988 1807 4053 l.)
1831 3986 1887 4046 S,
1909 4002 2011 4040 om.
2041 3986 2089 4039 G
2207 3986 2266 4038 11
2296 3986 2646 4041 soci&itatem
2669 3986 2716 4039 S

427 4071 493 4126 13
513 4075 699 4125 utnon
718 4072 905 4126 uideat
926 4072 1008 4133 (in
1024 4082 1158 4137 ras.)
1180 4073 1233 4125 L
1334 4075 1521 4144 uigeat
1542 4092 1606 4141 (ε.
1627 4092 1664 4146 g
1684 4092 1720 4129 a
1747 4092 1817 4132 m.
1844 4079 1876 4128 1
1894 4075 1948 4143 d)
1976 4075 2021 4127 C
2123 4074 2434 4144 imprudens
2459 4074 2709 4130 GGSMb

425 4160 716 4230 inp4udens
762 4163 808 4232 (r
852 4161 945 4229 er.)
983 4161 1036 4214 L
1186 4164 1248 4215 14
1292 4162 1417 4232 hoc]
1464 4166 1521 4217 et
1563 4163 1668 4217 hoc
1704 4162 1805 4218 SG
1948 4162 2122 4217 iudeis
2167 4162 2215 4216 G
2359 4165 2426 4216 15
2459 4164 2624 4217 isaias
2667 4164 2717 4217 C

426 4250 493 4302 16
532 4266 841 4321 praesepem
879 4252 932 4304 L
1045 4251 1108 4303 17
1148 4268 1298 4305 meus
1336 4269 1437 4305 om.
1477 4252 1583 4305 LC
1688 4255 1752 4307 21
1795 4258 1850 4307 et
1886 4270 1988 4307 om.
2028 4254 2059 4307 b
2189 4253 2258 4306 23
2298 4254 2572 4307 excecauit
2605 4253 2713 4307 Lo

427 4340 495 4391 26
534 4339 780 4393 cecitatis
820 4340 869 4391 J,
