3159 4984
272 1653 325 1692 10

274 2185 327 2223 15

270 2715 323 2754 20

265 3247 316 3285 25

806 467 901 520 VI.
958 465 1245 522 Contra
1299 466 1667 520 Faustum
1724 465 1853 520 lib.
1909 466 2134 520 XXXII.
2493 470 2618 532 783

358 662 627 726 chaeum
684 663 791 726 uel
846 661 1256 727 Manichaeos
1326 680 1467 726 esse
1532 660 1828 726 ridendos
1897 663 2010 725 aut
2073 661 2265 725 etiam
2329 661 2658 740 dolendoS,

360 768 471 851 qui
516 772 647 832 tam
697 767 996 834 fundatae
1047 769 1415 834 auctoritati
1463 789 1499 832 a
1544 768 1942 852 temporibus
1982 768 2416 852 apostolorum
2455 787 2659 850 usque

363 876 442 941 ad
487 876 644 941 haec
690 879 978 959 tempora
1036 877 1225 940 certis
1285 875 1802 940 successionibus
1863 874 2220 939 custoditae
2278 877 2468 956 atque
2522 894 2660 958 per-

364 982 591 1046 ductae
639 983 915 1046 audeant
961 984 1088 1046 tale
1137 983 1389 1065 aliquid·
1426 982 1654 1047 dicere.

458 1091 562 1152 22.
632 1090 766 1154 lam
815 1108 964 1173 ergo
1015 1088 1361 1154 auctoritas
1408 1088 1767 1153 Manichaei
1818 1088 2196 1154 conferenda
2243 1090 2341 1153 est
2389 1088 2656 1153 auctori-

362 1195 481 1261 tati
519 1197 977 1280 apostolorum.
1027 1214 1172 1260 nam
1220 1195 1470 1260 litteras
1518 1195 1791 1260 istorum
1838 1195 1998 1260 istas
2047 1214 2188 1260 esse
2234 1197 2368 1258 tam
2415 1197 2656 1258 certum

364 1306 464 1368 est
510 1323 701 1386 quam
749 1303 895 1368 illas
942 1303 1140 1368 illius.
1209 1302 1352 1385 quis
1401 1305 1616 1366 autem
1663 1302 2112 1367 Manichaeum
2158 1301 2468 1385 apostolis
2515 1319 2657 1366 con-

361 1411 561 1492 parat,
611 1409 735 1473 nisi
784 1408 1075 1490 quisquis
1117 1427 1183 1473 se
1224 1427 1260 1472 a
1300 1407 1574 1484 Christo,
1617 1408 1726 1490 qui
1761 1406 1939 1471 misit
1977 1407 2324 1489 apostoloS,
2365 1406 2658 1489 separat?

365 1520 475 1580 aut
542 1515 699 1585 duas
768 1517 1025 1580 naturas
1084 1515 1344 1580 sibimet
1402 1517 1465 1578 et
1524 1535 1594 1578 ex
1649 1513 1918 1598 propriis
1973 1513 2302 1597 principiis
2358 1513 2659 1577 aduersas

366 1623 508 1704 quis
572 1641 879 1706 umquam
946 1622 1161 1705 sapuit
1220 1621 1283 1685 in
1349 1619 1564 1684 uerbis
1625 1619 1881 1698 Christi,
1939 1620 2063 1685 nisi
2129 1620 2235 1703 qui
2301 1639 2424 1684 non
2491 1619 2659 1703 sapit

360 1731 556 1794 uerba
596 1729 885 1796 Christi?
936 1729 1213 1813 apostoli
1260 1747 1408 1813 ergo
1456 1718 1785 1810 tamquam
1832 1727 2135 1812 discipuli
2170 1727 2462 1792 ueritatis
2499 1727 2657 1791 nati-

360 1835 630 1900 uitatem
672 1835 908 1902 Christi
955 1835 1325 1920 praedicant
1360 1835 1852 1918 passionemque
1889 1854 2204 1914 ueracem,
2243 1833 2658 1899 Manichaeus

361 1945 577 2006 autem
632 1942 829 2007 iactat
885 1962 953 2008 se
1010 1942 1311 2006 inducere
1367 1941 1433 2004 in
1482 1961 1735 2006 omnem
1781 1941 2120 2006 ueritatem
2170 1943 2236 2006 et
2280 1942 2427 2005 uult
2471 1941 2654 2005 indu-

361 2067 499 2112 cere
564 2048 628 2113 in
694 2049 891 2112 talem
952 2047 1298 2125 Christum,
1364 2047 1429 2110 in
1498 2065 1621 2128 quo
1687 2046 1891 2130 ipsius
1955 2046 2272 2129 passionis
2337 2046 2659 2130 praedicat

357 2156 745 2232 falsitatem;
793 2153 905 2220 isti
946 2155 1270 2220 Christum
1316 2154 1379 2217 in
1430 2173 1634 2231 carne,
1685 2172 1874 2236 quam
1924 2153 1998 2218 de
2035 2153 2325 2217 Abrahae
2373 2153 2659 2238 suscepit

357 2263 617 2338 semine,
677 2263 1147 2340 circumcisum,
1205 2262 1316 2327 ille
1375 2262 1565 2336 deum
1623 2261 1686 2326 in
1743 2261 1884 2345 ipsa
1939 2280 2056 2325 sua
2111 2263 2337 2325 natura
2393 2279 2428 2323 a
2483 2263 2654 2325 tene-

355 2369 610 2434 brarum
649 2373 836 2455 gente
878 2372 1245 2446 concisum3
1295 2370 1406 2434 isti
1452 2389 1565 2453 pro
1618 2388 1799 2434 carne
1843 2367 2082 2433 Christi
2127 2367 2420 2431 imitante
2469 2367 2656 2432 sacri-

355 2475 593 2554 ficium,
654 2477 823 2559 quod
879 2480 1034 2541 tunc
1089 2476 1191 2558 pie
1250 2476 1462 2552 fiebat,
1524 2475 1831 2550 oblatum,
1897 2474 2007 2537 ille
2073 2491 2196 2538 non
2256 2472 2482 2549 carnis,
2540 2473 2653 2537 sed

353 2581 558 2664 ipsius
608 2583 860 2646 diuinae
909 2583 1305 2647 substantiae
1353 2581 1710 2645 membrum
1759 2580 2050 2645 omnibus
2099 2577 2514 2642 daemonibus
2560 2577 2651 2640 in-

356 2688 725 2752 molandum
770 2691 1031 2751 naturae
1082 2689 1383 2752 aduersae
1432 2687 1641 2769 gentis
1688 2687 2000 2762 inlatum;
2048 2684 2161 2749 isti
2211 2683 2536 2750 Christum
2583 2683 2648 2747 in

357 2792 625 2875 exempli
680 2792 1025 2876 praebendi
1084 2811 1341 2857 causam
1397 2792 1790 2874 baptizatum
1848 2792 1911 2856 in
1959 2790 2246 2868 Iordane,
2303 2790 2413 2854 ille
2463 2790 2652 2855 deum

354 2897 567 2980 ipsum
613 2919 727 2982 per
772 2918 838 2964 se
878 2900 1089 2983 ipsum
1128 2900 1192 2964 in
1232 2899 1632 2964 tenebrarum
1676 2897 2210 2964 contaminatione
2250 2897 2650 2962 submersum

356 3025 471 3070 nec
518 3009 727 3070 totum
779 3025 1197 3084 emersurum,
1255 3006 1369 3072 sed
1426 3006 1597 3089 quod
1653 3007 1791 3071 eius
1845 3003 2137 3070 mundari
2194 3023 2316 3068 non
2371 3005 2653 3087 potuerit

356 3116 609 3177 aeterna
656 3113 1056 3179 damnatione
1103 3113 1532 3197 puniendum;
1580 3113 1692 3178 isti
1742 3131 1989 3177 carnem
2033 3109 2269 3176 Christi
2317 3128 2353 3173 a
2399 3110 2648 3176 daemo-

352 3239 503 3283 num
553 3219 713 3284 duce
760 3223 1160 3304 temptatam,
1208 3220 1319 3283 ille
1366 3224 1610 3302 partem
1662 3219 1762 3284 dei
1793 3239 1828 3282 a
1861 3218 2240 3282 daemonum
2273 3220 2460 3301 gente
2504 3239 2650 3301 pos-

354 3345 634 3400 sessam;
686 3330 749 3391 et
795 3327 905 3392 isti
954 3327 1209 3409 quidem
1257 3326 1435 3390 illam
1480 3329 1882 3409 temptatam,
1923 3329 1997 3388 ut
2047 3322 2300 3388 doceret
2347 3325 2647 3392 resistere

426 3592 449 3640 1
490 3587 799 3641 manicheos
836 3585 889 3640 L
1060 3586 1092 3639 3
1141 3585 1410 3639 custodite
1456 3584 1581 3641 MG
1797 3586 2089 3656 productae
2128 3587 2202 3640 M
2395 3588 2428 3640 5
2472 3587 2643 3641 mani-

352 3675 470 3730 chei
504 3675 614 3732 LC'
753 3676 787 3730 6
830 3675 1019 3728 literas
1058 3674 1106 3729 S
1247 3673 1278 3726 7
1322 3674 1662 3728 manicheum
1697 3673 1752 3727 L
1913 3675 1947 3729 8
1995 3675 2114 3745 quis
2167 3677 2286 3745 quis
2325 3676 2370 3730 C
2521 3675 2553 3730 9
2593 3680 2648 3730 et

351 3781 452 3819 om.
490 3764 659 3820 SMG
772 3765 838 3818 12
874 3763 1154 3834 predicant
1192 3761 1245 3815 L
1354 3763 1421 3816 13
1457 3762 1740 3828 induceret
1773 3763 1849 3830 (in
1877 3780 1920 3820 s.
1951 3765 2009 3831 l.)
2042 3763 2090 3818 S
2186 3765 2253 3818 16
2289 3765 2410 3834 ipsa
2435 3781 2479 3819 s.
2511 3764 2546 3818 Z.
2576 3764 2650 3817 M

350 3869 449 3907 sua
482 3852 601 3923 ipsa
645 3851 693 3907 Ο
835 3852 897 3904 17
946 3851 1196 3905 imitante
1243 3850 1469 3918 sempsit
1518 3851 1766 3906 intantae
1815 3852 1900 3918 (in
1943 3869 2042 3922 my.
2080 3852 2235 3922 siquo
2272 3868 2299 3905 r
2337 3853 2552 3921 adpoa)
2591 3853 2644 3906 L

348 3941 560 3995 intante
609 3939 709 3995 S¹b
758 3940 1044 3995 imitantur
1087 3937 1155 3993 8²
1200 3938 1419 4013 intanta
1458 3939 1596 3994 P³G
1642 3940 1898 4005 intaentae
1935 3943 2005 3996 M
2039 3940 2248 3994 infante
2291 3941 2339 3996 0
2444 3943 2510 3996 19
2551 3940 2643 3994 de-

348 4029 597 4082 monibus
642 4027 689 4081 0
826 4026 1229 4096 ymmolandum
1269 4027 1317 4081 S
1490 4029 1559 4083 20
1607 4031 1787 4098 gentis
1828 4036 1880 4093 (e
1917 4031 1980 4083 in
2013 4030 2034 4083 i
2071 4029 2228 4100 cor-r.)
2267 4028 2317 4085 S
2355 4033 2548 4099 gentes
2593 4027 2644 4083 G

347 4117 403 4170 in
442 4132 543 4172 om.
584 4117 629 4170 C
753 4117 818 4170 21
861 4132 1025 4170 causa
1062 4115 1138 4169 Cb
1282 4115 1501 4170 iordane
1541 4116 1704 4186 (airy.
1742 4119 1836 4187 er.)
1874 4117 1927 4171 L
2036 4118 2106 4172 23
2145 4117 2288 4188 quod
2325 4135 2368 4172 s.
2408 4118 2442 4172 Ζ.
2480 4117 2643 4181 P³S2‚

347 4222 451 4260 om.
472 4205 657 4260 LGM
795 4204 933 4274 eius]
962 4205 1008 4258 si
1040 4207 1180 4273 (sup.
1202 4220 1317 4273 exp.
1339 4205 1454 4258 eius
1483 4221 1550 4260 m.
1572 4206 1607 4260 2
1635 4205 1924 4275 supet-scr.)
1945 4207 2014 4260 M
2085 4206 2154 4259 24
2184 4205 2568 4275 dampnatione
2600 4204 2645 4257 0

351 4297 429 4362 (et
482 4295 573 4361 25)
630 4294 981 4352 daemonfflm
1040 4293 1080 4360 (i
1127 4295 1221 4360 er.)
1260 4293 1313 4347 L
1422 4295 1488 4348 25
1528 4299 1854 4364 temptatem
1915 4311 2050 4349 corr.
2099 4311 2168 4348 m.
2215 4299 2248 4348 1
2290 4295 2354 4348 in
2405 4297 2641 4365 tempta-

349 4386 461 4436 tam
507 4384 551 4437 (J
