3159 4984
382 466 507 528 142
1065 464 1116 517 S.
1171 462 1446 517 Aureli
1501 464 1938 533 Augustini

371 657 680 723 duamus
731 661 806 723 et
849 659 1248 743 imaginem
1289 660 1474 735 eiuS,
1514 658 1763 742 quide
1804 660 2015 724 caelo
2056 663 2189 725 est.
2239 659 2379 725 hoc
2419 661 2673 723 autem

374 763 561 831 dico,
599 763 894 836 fratres,
935 766 1110 848 quia
1154 784 1320 830 caro
1371 768 1446 829 et
1493 766 1810 849 sanguis
1862 785 2173 849 regnum
2222 766 2341 830 dei
2388 766 2677 830 heredi·

369 875 528 937 tate
575 871 969 954 possidere
1019 891 1155 937 non
1202 874 1528 955 possunt
1576 892 1825 954 neque
1880 874 2263 956 corruptio
2304 874 2681 955 incorrup-

371 978 656 1043 tionem
701 971 1629 1062 hereditate'possidebit.
1682 984 1849 1045 certe
1888 981 2014 1044 iam
2054 980 2295 1045 clarum
2334 983 2451 1053 est,
2491 998 2682 1061 quare

375 1085 494 1149 hoc
561 1085 887 1167 apostolus
955 1085 1194 1150 dixerit.
1264 1087 1415 1169 quid
1473 1106 1621 1171 ergo
1678 1087 1800 1152 iste
1862 1091 1997 1152 tam
2053 1088 2223 1170 turpi
2280 1086 2499 1151 fraude
2557 1106 2681 1151 non
2746 1114 2774 1155 ⁵

377 1196 828 1256 commemorat
883 1192 1006 1257 nisi
1049 1192 1171 1257 hoc
1218 1193 1518 1257 ultimum
1567 1197 1633 1258 et
1678 1197 1849 1258 tacet
1896 1194 2009 1258 illa
2056 1195 2399 1277 superiora,
2442 1194 2680 1275 quibus

377 1297 496 1362 hoc
543 1297 709 1379 quod
755 1300 920 1363 male
966 1300 1434 1383 interpretatur,
1482 1302 1643 1366 bene
1690 1304 1906 1385 possit
1951 1302 2290 1386 intellegi?
2337 1320 2484 1365 nam
2532 1321 2683 1384 quo-

379 1404 547 1467 niam
613 1404 851 1470 domini
917 1408 1118 1472 nostri
1185 1427 1413 1490 corpus
1473 1412 1624 1491 post
1676 1410 2205 1474 resurrectionem
2260 1409 2353 1475 sic
2397 1410 2683 1473 leuatum

379 1514 480 1575 est
540 1512 606 1575 in
673 1513 942 1581 caelum.
1010 1517 1083 1577 ut
1156 1533 1265 1595 pro
1331 1514 1472 1598 ipsa
1548 1515 1806 1579 caelesti
1879 1516 2269 1581 habitatione
2344 1515 2687 1581 caelestem

388 1620 709 1702 acceperit
773 1622 1220 1687 mutationem.
1289 1625 1353 1686 et
1415 1622 1537 1687 hoc
1604 1642 1851 1705 sperare
1917 1622 1980 1685 in
2047 1620 2147 1686 die
2220 1622 2449 1688 ultimo
2528 1621 2777 1689 iussim

384 1744 630 1793 sumus,
697 1727 838 1793 ideo
907 1728 1063 1791 dixit
1129 1730 1495 1811 apostolus:
1577 1729 1825 1811 qualis
1898 1732 2275 1803 terrenus,
2350 1729 2547 1793 tales
2614 1731 2687 1793 et

379 1834 680 1908 terreni,
748 1834 814 1898 id
881 1837 982 1899 est
1044 1836 1368 1901 mortales.
1448 1840 1521 1899 et
1586 1836 1836 1918 qualis
1905 1835 2291 1908 caelestis,
2359 1836 2555 1900 tales
2612 1838 2687 1899 et

382 1941 784 2015 caelestes,
857 1941 923 2004 id
972 1946 1071 2005 est
1124 1942 1494 2007 inmortales
1551 1962 1675 2008 11011
1736 1944 1944 2008 solum
2003 1942 2248 2015 animis,
2316 1941 2429 2007 sed
2493 1940 2720 2032 etiam·

385 2046 773 2128 corporibus,
839 2048 1005 2111 unde
1056 2052 1121 2113 et
1167 2067 1357 2131 supra
1404 2049 1645 2114 dixerat
1690 2050 1879 2113 aliam
1926 2068 2065 2113 esse
2125 2048 2498 2113 caelestium
2554 2067 2685 2113 cor.

381 2171 607 2238 porum
675 2154 939 2235 gloriam
1006 2159 1071 2220 et
1133 2156 1320 2220 aliam
1387 2157 1803 2221 terrestrium.
1881 2156 2051 2239 quod
2114 2158 2329 2220 autem
2403 2154 2687 2237 spiritale
2726 2181 2777 2223 15

385 2276 613 2340 corpus
661 2260 723 2323 in
771 2262 1229 2326 resurrectione
1267 2261 1556 2326 futurum
1597 2261 1770 2339 dicit,
1808 2281 1932 2326 non
1968 2265 2298 2345 propterea
2332 2259 2685 2345 putandum

385 2368 506 2441 est,
556 2366 725 2446 quod
772 2386 896 2431 non
946 2386 1195 2450 corpuS,
1245 2369 1357 2433 sed
1414 2368 1675 2451 spiritus
1734 2369 1871 2443 erit,
1931 2368 2043 2433 sed
2109 2366 2391 2451 spiritale
2456 2386 2684 2449 corpus

387 2469 767 2535 omnimodis
816 2470 1068 2553 spiritui
1116 2472 1446 2537 subditum
1494 2472 1650 2537 dicit
1695 2472 1829 2536 sine
1876 2464 2089 2553 aliqua
2134 2471 2531 2555 corruptione
2579 2471 2685 2536 uel

383 2580 605 2641 morte.
655 2595 779 2641 non
820 2577 990 2640 enim
1029 2578 1326 2659 quoniam
1363 2578 1552 2645 modo
1594 2578 1762 2663 quod
1798 2578 2108 2642 habemus
2146 2597 2376 2661 corpus
2414 2577 2683 2642 animale

383 2682 686 2764 appellas,
733 2681 877 2748 ideo
924 2684 1278 2766 putandum
1323 2704 1448 2751 non
1494 2685 1659 2750 illud
1716 2703 1855 2749 esse
1912 2703 2161 2767 corpuS,
2220 2684 2331 2749 sed
2388 2684 2681 2749 animam.

383 2806 532 2872 ergo
599 2788 1134 2871 quemadmodum
1202 2811 1430 2875 corpus
1487 2791 1757 2855 animale
1812 2810 1980 2856 nunc
2038 2790 2286 2861 dicitur.
2345 2792 2493 2873 quia
2537 2791 2685 2857 sub·

387 2893 592 2961 ditum
639 2902 741 2962 est
787 2897 1052 2972 animae,
1103 2900 1384 2982 spiritale
1442 2902 1657 2963 autem
1712 2898 1995 2964 nondum
2050 2897 2176 2963 dici
2236 2902 2470 2983 potest,
2538 2899 2686 2982 quia

385 3002 664 3068 nondum
713 3004 967 3087 spiritui
1001 3006 1185 3089 plene
1225 3006 1587 3071 subiectum
1629 3010 1746 3075 est.
1787 3006 2087 3089 quamdiu
2126 3006 2441 3088 corrumpi
2478 3005 2685 3071 adhuc

383 3112 636 3191 potest:
704 3111 798 3176 sic
863 3114 928 3176 et
989 3114 1145 3176 tunc
1209 3112 1491 3194 spiritale
1555 3111 1912 3187 uocabitur,
1982 3131 2127 3176 cum
2184 3111 2438 3194 spiritui
2496 3114 2685 3193 atque

387 3216 746 3280 aeternitati
793 3218 972 3282 nulla
1020 3218 1418 3300 corruptione
1463 3218 1759 3283 resistere
1806 3218 2059 3301 poterit.

2721 2746 2779 2786 20

469 3323 602 3387 Aut
647 3323 703 3387 si
750 3324 954 3389 adhuc
1019 3344 1242 3407 parum
1306 3324 1562 3389 uidetur
1626 3342 1767 3389 esse
1830 3326 2273 3400 monstratum,
2322 3323 2491 3407 quod
2548 3341 2685 3388 sen-
2722 3288 2775 3332 ²⁵

385 3430 648 3493 tentiam
711 3431 902 3496 istam
967 3433 1224 3514 propter
1282 3429 1793 3504 inmutationem,
1852 3448 2013 3512 quae
2078 3430 2292 3494 futura
2356 3434 2475 3521 est,
2539 3448 2685 3511 apo-

389 3537 597 3601 stolus
637 3536 880 3613 dixerit,
925 3556 1071 3602 cum
1111 3536 1234 3600 ait:
1285 3553 1451 3601 caro
1501 3538 1574 3600 et
1620 3535 1932 3620 sanguis
1979 3554 2289 3621 regnum
2328 3536 2447 3601 dei
2484 3536 2685 3600 here-

389 3642 633 3707 ditate
678 3642 1080 3725 possidere
1137 3662 1276 3707 non
1332 3645 1661 3725 possunt
1713 3660 1953 3725 neque
2012 3642 2394 3726 corruptio
2454 3642 2685 3706 incor-

458 3877 484 3929 1
527 3893 630 3947 que
671 3876 702 3929 b
856 3876 890 3927 3
929 3875 1213 3947 possedere
1250 3877 1325 3931 P¹
1469 3878 1506 3930 4
1550 3875 1874 3946 possedebit
1910 3878 1983 3931 1)ι
2092 3878 2126 3931 5
2163 3876 2443 3948 apostolus
2488 3877 2591 3931 hoc
2638 3876 2691 3929 V

379 3991 416 4045 8
454 4008 491 4045 11
587 3991 714 4095 G²b
784 3990 853 4044 10
889 3992 1147 4047 iussimus
1184 3991 1238 4044 P
1347 3990 1413 4045 12
1452 3993 1509 4044 et
1546 3992 2114 4061 qualis—inmortales
2150 4009 2253 4047 om.
2281 3991 2329 4046 Ο
2432 3954 2601 4047 tales⁸¹
2630 3990 2685 4046 G

392 4106 458 4160 14
493 4063 744 4176 corpori
792 4106 849 4161 P
958 4107 1025 4161 15
1054 4106 1296 4177 spiritale
1326 4104 1464 4159 dixit
1504 4104 1795 4162 GTGSVb
1926 4107 1989 4159 16
2011 4107 2238 4161 111611Ρέ
2256 4124 2363 4163 om.
2390 4105 2685 4163 GTGSVb

389 4196 457 4249 18
477 4194 779 4249 omnimodo
811 4190 1018 4250 G'TCS
1025 4195 1110 4249 Vb
1212 4196 1278 4249 19
1301 4194 1428 4263 quia
1450 4194 1593 4263 qnod
1612 4195 1771 4249 modo
1794 4196 1825 4249 b
1928 4196 1999 4249 20
2018 4194 2318 4265 putandum
2337 4198 2423 4250 est
2447 4194 2684 4250 TCSVb

379 4282 450 4337 21
510 4299 616 4353 qua
670 4282 744 4336 Ρι
822 4282 1077 4352 quoniam
1133 4282 1238 4336 SV
1372 4282 1442 4336 23
1498 4283 1657 4353 plene
1712 4284 1766 4336 P
1940 4283 2264 4354 subiectum]
2314 4283 2593 4338 subditum
2640 4284 2692 4336 V

379 4371 559 4427 adhuc
593 4388 696 4426 om.
742 4370 1035 4425 GTCSVb
1144 4371 1213 4425 25
1251 4372 1578 4425 aeternitate
1617 4371 1691 4424 Ρ1
1804 4372 1873 4426 29
1910 4372 2197 4442 possedere
2236 4372 2302 4425 P·
