3159 4984
267 1618 320 1659 10

271 2150 322 2189 15

269 2684 321 2723 2⁰

784 445 1175 501 V.Contra
1221 447 1651 515 epistulam
1700 445 2222 500 fundamenti.
2514 452 2637 514 211

359 641 582 718 credis,
648 641 933 719 inrisere,
1001 641 1154 724 quid
1219 646 1410 725 putas
1473 642 1658 707 nobis
1726 660 1867 707 esse
1930 640 2337 707 iudicandum
2416 642 2645 725 quidue

359 747 736 825 faciendum,
795 748 921 815 nisi
975 751 1051 813 ut
1107 767 1216 815 eos
1271 750 1726 832 relinquamus,
1794 749 1905 832 qui
1966 768 2081 815 nos
2141 748 2418 812 inuitant
2479 751 2649 814 certa

359 871 739 937 cognoscere
804 858 870 918 et
932 856 1158 936 postea
1218 854 1552 937 imperant,
1610 858 1685 919 ut
1737 854 1978 919 incerta
2030 853 2362 919 credamus
2420 856 2485 918 et
2536 874 2645 920 eos

359 978 719 1043 sequamur,
767 960 876 1043 qui
923 980 1040 1027 nos
1087 960 1366 1025 inuitant
1421 962 1598 1043 prius
1661 960 1932 1037 credere,
1990 960 2161 1043 quod
2212 960 2495 1025 nondum
2540 980 2647 1026 ua·

355 1066 564 1135 lemus
609 1066 863 1144 intueri,
912 1070 986 1131 ut
1029 1066 1170 1150 ipsa
1225 1067 1349 1131 fide
1405 1067 1789 1133 ualentiores
1844 1066 2017 1145 facti,
2074 1066 2243 1150 quod
2306 1067 2643 1148 credimus,

355 1174 728 1259 intellegere
783 1192 1158 1250 mereamur,
1218 1193 1341 1239 non
1395 1173 1523 1241 iam
1579 1173 1966 1249 hominibus,
2026 1173 2139 1239 sed
2192 1173 2333 1257 ipso
2390 1174 2507 1241 deo
2552 1174 2645 1239 in-

355 1280 673 1349 trinsecus
717 1285 997 1345 mentem
1047 1284 1328 1345 nostram
1374 1281 1795 1347 inluminante
1843 1285 2033 1364 atque
2082 1280 2425 1345 firmante?

448 1387 531 1451 Et
575 1386 875 1468 quoniam
923 1388 1234 1469 quaesiui,
1283 1376 1450 1455 unde
1495 1388 1656 1453 mihi
1698 1390 1945 1473 probet,
1983 1408 2151 1453 nunc
2188 1407 2441 1471 quaero,
2482 1389 2647 1455 unde

359 1494 496 1578 ipse
555 1493 947 1579 cognouerit.
1015 1494 1070 1559 si
1128 1493 1284 1560 dicit
1339 1495 1462 1561 sibi
1517 1514 1661 1561 esse
1718 1496 1947 1581 spiritu
2012 1500 2230 1563 sancto
2295 1495 2649 1561 reuelatum

361 1618 667 1683 suamque
732 1603 1012 1666 mentem
1079 1600 1388 1667 diuinitus
1450 1602 1880 1681 inlustratum,
1948 1606 2022 1667 ut
2085 1620 2176 1679 ea,
2243 1620 2403 1687 quae
2468 1601 2643 1681 dicit,

361 1709 530 1771 certa
584 1709 650 1772 et
706 1707 1039 1773 manifesta
1096 1712 1526 1793 cognosceret,
1583 1710 1721 1793 ipse
1777 1708 2113 1794 significat,
2178 1709 2331 1793 quid
2391 1708 2647 1775 intersit

359 1813 522 1877 inter
569 1832 948 1899 cognoscere
996 1818 1062 1880 et
1107 1815 1379 1882 credere.
1435 1816 1572 1900 ipse
1622 1815 1787 1881 enim
1837 1816 2187 1899 cognoscit,
2235 1816 2339 1881 cui
2386 1814 2643 1900 apertis—

359 1920 518 1985 sime
570 1921 698 1985 ista
749 1924 1219 1999 monstrantur:
1286 1922 1377 1988 eis
1435 1926 1674 1999 autem,
1732 1920 1963 2005 quibus
2017 1922 2176 1988 haec
2234 1924 2463 1997 narrat,
2518 1941 2642 1987 non

361 2026 788 2111 cognitionem
849 2028 1152 2107 insinuat,
1211 2028 1324 2094 sed
1379 2028 1823 2109 credulitatem
1882 2026 2127 2096 suadet.
2194 2028 2299 2093 cui
2353 2028 2642 2112 quisquis

357 2140 592 2199 temere
659 2134 1076 2213 consenserit,
1141 2135 1556 2201 Manichacus
1622 2135 1923 2213 efficitur,
1988 2154 2113 2201 non
2180 2138 2352 2201 certa
2412 2154 2643 2220 cogno-

360 2240 612 2319 scendo,
660 2241 773 2307 sed
818 2242 1061 2308 incerta
1109 2242 1438 2321 credendo,
1496 2242 1716 2325 quales
1764 2259 1881 2307 nos
1925 2240 2231 2326 inperitos
2277 2241 2644 2307 adulescen-

355 2346 530 2411 tulos
577 2346 914 2431 aliquando
961 2347 1231 2432 decepit.
1279 2348 1503 2415 debuit
1545 2367 1697 2434 ergo
1738 2367 1863 2415 non
1898 2348 2084 2414 nobis
2119 2348 2405 2432 polliceri
2442 2348 2643 2413 scien·

355 2452 512 2517 tiam
539 2471 744 2536 neque
770 2454 1172 2521 manifestam
1201 2454 1629 2539 cognitionem
1656 2472 1864 2537 neque
1899 2453 1978 2519 ad
2005 2452 2092 2523 id.
2114 2454 2282 2536 quod
2302 2453 2642 2538 quaeritur,

358 2558 493 2623 sine
530 2558 666 2623 ulla
702 2560 1118 2645 ambiguitate
1155 2561 1659 2644 peruentionem,
1698 2560 1810 2626 sed
1848 2559 2053 2625 dicere
2088 2561 2304 2645 potius
2342 2558 2465 2625 sibi
2500 2578 2643 2626 esse

354 2664 483 2729 ista
542 2668 914 2744 monstrata,
979 2666 1128 2732 illos
1193 2668 1430 2743 autem,
1495 2666 1729 2749 quibus
1793 2669 2139 2745 narrantur,
2206 2666 2456 2731 credere
2520 2664 2644 2732 sibi

358 2770 603 2849 debere,
652 2790 813 2854 quae
859 2772 1172 2838 nesciunt.
1224 2771 1337 2838 sed
1384 2772 1441 2837 si
1485 2771 1608 2837 hoc
1656 2771 1911 2851 diceret,
1951 2773 2094 2856 quis
2131 2791 2255 2839 non
2294 2772 2352 2837 ei
2386 2790 2643 2855 respon-

359 2876 572 2941 deret:
641 2874 698 2940 si
743 2894 893 2960 ergo
937 2874 1264 2961 incognita
1321 2875 1677 2942 crediturus
1733 2896 1898 2954 sum,
1958 2894 2070 2942 cur
2122 2894 2246 2941 non
2302 2894 2379 2940 ea
2430 2876 2646 2959 potius

359 2982 629 3059 credam,
678 3000 840 3064 quse
883 2980 1014 3047 iam
1061 2981 1477 3049 consensione
1524 2982 1857 3048 doctorum
1900 2982 2427 3065 indoctorumque
2482 2981 2643 3047 cele·

356 3089 618 3153 brantur
663 3092 730 3154 et
770 3106 886 3172 per
930 3107 1153 3154 omnes
1199 3088 1474 3173 populos
1530 3088 1912 3173 grauissima
1966 3086 2343 3153 auctoritate
2396 3086 2646 3153 firmata

359 3198 512 3261 sunt
529 3198 560 3259 Ρ
624 3195 748 3261 hoc
809 3194 920 3259 ille
983 3196 1277 3262 metuens
1340 3214 1420 3261 ne
1487 3194 1611 3261 sibi
1666 3194 1999 3272 diceretm,
2056 3194 2327 3262 offundit
2378 3194 2643 3261 nebulas

355 3299 661 3384 inperitis,
687 3299 968 3385 primum
990 3301 1302 3385 pollicens
1335 3319 1548 3367 rerum
1586 3305 1899 3367 certamm
1943 3301 2390 3387 cognitionem,
2419 3304 2645 3385 postea

360 3411 424 3473 et
465 3408 846 3474 incertarum
892 3407 1208 3491 imperans
1255 3407 1467 3477 fidem.
1536 3408 1641 3473 cui
1694 3410 1907 3474 tamen
1962 3407 2019 3474 si
2070 3407 2194 3474 hoc
2248 3406 2514 3488 dicatur,
2570 3412 2645 3473 ut

361 3514 587 3584 saltem
645 3514 754 3579 uel
807 3513 931 3579 sibi
983 3514 1140 3579 haec
1200 3515 1427 3581 doceat
1479 3532 1621 3579 esse
1680 3516 2045 3592 monstrata,
2094 3514 2387 3580 similiter
2431 3514 2646 3585 deficit

428 3808 462 3861 2
497 3808 799 3864 satiandum
845 3809 898 3864 V
1009 3810 1044 3863 3
1081 3826 1180 3879 nos
1215 3810 1422 3864 incerta
1466 3808 1520 3863 V
1660 3810 1734 3880 et]
1773 3812 1836 3864 ut
1870 3809 1989 3865 HT
2096 3812 2129 3865 5
2168 3810 2491 3865 credidimus
2526 3810 2646 3866 HT

362 3898 392 3951 7
426 3901 664 3953 nostram
701 3898 778 3971 (m
811 3915 857 3953 e.
886 3899 923 3954 1.
955 3916 992 3953 a
1017 3917 1086 3953 m.
1125 3902 1180 3967 1)
1216 3900 1266 3954 T
1407 3898 1650 3954 firmante
1687 3902 1851 3970 atque
1886 3898 2231 3954 illuminante
2269 3898 2301 3951 b
2411 3898 2444 3953 8
2480 3898 2641 3970 nunc]

357 4005 464 4042 non
516 3987 573 4042 P
783 3989 853 4043 12
913 3988 1056 4043 inter
1117 4004 1219 4043 om.
1273 3987 1330 4042 P
1545 3988 1610 4043 13
1662 3992 2032 4043 monstrantur
2094 3987 2215 4059 (alt.
2269 4005 2306 4043 n
2361 4004 2406 4044 s.
2462 3988 2521 4057 1.)
2577 3987 2647 4042 H

357 4081 573 4131 naraset
615 4076 670 4131 V
811 4078 878 4131 14
916 4077 1183 4148 quisquis]
1219 4077 1399 4149 inquis
1439 4076 1486 4133 S
1625 4078 1693 4133 15
1747 4075 2119 4147 cognoscendo
2156 4076 2189 4127 b
2245 4076 2328 4144 (in
2360 4092 2532 4147 marg.
2571 4075 2641 4132 al.

359 4164 615 4239 suadedo)
693 4167 759 4221 16
793 4167 1073 4238 irnpcritos
1108 4168 1166 4221 P
1238 4168 1304 4222 17
1338 4167 1544 4238 tecepit
1578 4164 1682 4221 VL
1753 4166 1822 4221 18
1860 4166 2101 4237 queritur
2136 4164 2193 4219 P
2264 4164 2331 4219 19
2368 4166 2641 4236 mpigui-

357 4258 469 4309 tate
516 4252 586 4309 V¹
765 4254 871 4309 sibi
905 4256 1018 4310 ista
1053 4272 1168 4310 esse
1203 4254 1295 4311 Rb
1461 4256 1526 4309 21
1571 4256 1762 4311 dicere.
1800 4256 1952 4310 tuuis
1988 4272 2097 4309 non
2135 4271 2195 4309 e*
2242 4255 2280 4320 (i
2318 4257 2479 4323 aas.)
2518 4270 2641 4325 rep-

357 4335 632 4441 pondere?
656 4372 811 4437 (corr.
848 4388 918 4425 m.
953 4368 1004 4439 1)
1031 4369 1088 4424 P
1227 4371 1295 4425 26
1330 4372 1595 4441 imperitis
1630 4373 1689 4427 P
1828 4377 1885 4427 et
1920 4376 2111 4443 postea
2144 4369 2499 4426 HVTGSLb

1419 4486 1424 4493 ·
2444 4476 2542 4531 14*
