3159 4984
520 458 659 522 590
1222 456 1273 508 S.
1331 455 1605 509 Aureli
1661 456 2102 526 Augustini

521 656 595 715 ut
642 652 919 715 damnet.
969 670 1130 733 quae
1180 669 1247 714 se
1294 650 1543 713 futuras
1591 649 1883 713 inimicas
1933 648 2160 733 origini
2209 668 2360 714 suae
2409 650 2464 715 si
2508 652 2830 734 praescire

520 762 887 843 potuerunt,
957 761 1022 821 et
1088 760 1235 822 ante
1298 757 1541 821 bellum
1599 756 1826 821 timore
1885 756 2202 822 cruciatae
2268 760 2334 821 et
2386 757 2450 820 in
2505 758 2677 823 bello
2733 758 2833 822 in-

522 865 917 949 expiabiliter
960 865 1321 929 maculatae
1368 865 1434 927 61
1476 866 1630 947 post
1673 862 1915 928 bellum
1968 863 2034 927 in
2091 865 2420 927 aeternum
2469 864 2832 939 damnatae,

520 990 866 1054 numquam
912 971 1176 1046 beatae;
1236 970 1293 1035 si
1338 972 1556 1034 autem
1603 970 1916 1052 praescire
1964 988 2087 1035 non
2135 972 2500 1052 potuerunt.
2559 975 2625 1034 et
2681 974 2831 1034 ante.

520 1080 759 1143 bellum
786 1078 1159 1161 inprouidae
1197 1080 1265 1141 et
1298 1077 1363 1141 in
1402 1076 1571 1142 bello
1611 1077 1930 1142 inualidae
1971 1081 2036 1141 et
2069 1080 2220 1161 post
2255 1077 2498 1142 bellum
2535 1079 2832 1153 miserae,
2901 1094 2933 1132 ⁵

520 1203 867 1268 numquam
917 1184 1192 1249 diuinae.
1251 1187 1317 1250 et
1360 1184 1583 1266 utique
1633 1183 1803 1267 quod
1849 1184 2048 1267 ipsae,
2096 1184 2219 1251 hoc
2267 1184 2423 1249 deus
2471 1184 2824 1250 secundum

519 1293 833 1357 unitatem
893 1291 1309 1357 substantiae.
1374 1294 1781 1375 putamusne,
1839 1292 2184 1374 respicitis,
2242 1311 2434 1377 quam
2484 1292 2832 1356 inmaniter

518 1398 981 1483 blasphematis
1004 1403 1033 1463 P
1102 1404 1168 1463 et
1221 1401 1433 1463 tamen
1492 1398 1831 1481 aliquando
1895 1399 2185 1465 uolentes
2243 1398 2425 1481 quasi
2491 1397 2834 1463 defendere

517 1506 870 1572 bonitatem
932 1506 1034 1571 dei
1092 1507 1283 1571 etiam
1337 1506 1465 1590 ipsi
1520 1506 1668 1589 hyle
1723 1508 2046 1589 praestare
2103 1505 2316 1572 dicitis
2364 1506 2606 1588 aliquid
2649 1506 2830 1573 boni.

521 1615 596 1677 ut
648 1613 901 1699 inclusa
955 1614 1024 1677 in
1080 1617 1285 1679 semet
1334 1612 1477 1697 ipsa
1530 1634 1655 1680 non
1714 1613 1979 1678 saeuiat.
2045 1613 2309 1678 habebit
2373 1632 2522 1697 ergo
2587 1611 2838 1695 aliquid
2875 1626 2930 1665 ιο

518 1718 689 1794 boni,
740 1736 886 1781 cum
936 1718 995 1782 ei
1039 1719 1289 1783 nullum
1336 1719 1606 1783 mixtum
1645 1720 1766 1783 erit
1802 1719 2092 1784 bonum?
2141 1737 2219 1783 an
2255 1720 2420 1785 forte
2458 1719 2629 1785 sicut
2665 1719 2832 1784 deus

522 1827 665 1889 ante
694 1826 938 1889 bellum
969 1826 1105 1890 sine
1136 1826 1581 1891 commixtione
1620 1826 1773 1916 mali
1809 1826 2086 1891 habebat
2121 1826 2522 1892 necessitatis
2558 1828 2832 1900 malum,

518 1929 612 1995 ita
656 1932 803 2016 hyle
852 1936 1001 2015 post
1045 1932 1289 1996 bellum
1336 1932 1471 1996 sine
1521 1932 1968 1997 commixtione
2015 1932 2166 1998 boni
2208 1933 2472 1999 habebit
2525 1933 2832 1999 commix-

518 2038 714 2103 tionis
751 2037 988 2103 bonum
1015 2042 1047 2103 ?
1092 2038 1286 2103 dicite
1334 2057 1483 2122 ergo
1532 2038 1656 2103 duo
1704 2039 1896 2117 mala,
1947 2038 2063 2105 sed
2106 2058 2310 2103 unum
2357 2040 2556 2111 altero
2601 2039 2836 2123 peius;

498 2146 635 2208 -aut
680 2143 805 2209 duo
852 2164 977 2209 non
1028 2164 1280 2209 summa
1322 2144 1509 2223 bona,
1558 2145 1672 2210 sed
1718 2166 1917 2210 unum
1969 2146 2166 2212 altero
2213 2147 2468 2224 meliuS‚
2513 2147 2605 2211 ita
2651 2164 2836 2219 sane,
2879 2160 2930 2199 1⁵

520 2254 596 2314 ut
641 2250 809 2334 quod
859 2254 959 2315 est
1003 2252 1236 2316 melius
1283 2252 1405 2316 hoc
1452 2252 1679 2317 dicatis
1725 2252 2070 2330 miserius3
2127 2272 2274 2317 nam
2330 2253 2385 2317 si
2441 2254 2619 2318 illius
2663 2251 2838 2315 tanti

523 2358 676 2423 belii
720 2358 827 2421 hic
877 2358 998 2423 erit
1044 2358 1269 2436 exitus²
1318 2362 1393 2423 111
1438 2362 1732 2442 separata
1774 2360 1923 2445 hyle
1978 2380 2015 2424 a
2056 2360 2308 2444 propria
2350 2359 2712 2425 uastatione
2767 2364 2838 2424 et

523 2464 624 2529 dei
667 2466 972 2529 membris
1022 2464 1241 2529 adfixis
1286 2466 1352 2529 in
1399 2466 1590 2550 globo
1641 2466 1884 2549 aliquid
1928 2467 2082 2532 boni
2124 2468 2484 2552 praestetur
2527 2466 2831 2532 hostibus

523 2575 589 2635 et
630 2574 881 2636 tantum
927 2572 1081 2635 mali
1125 2571 1453 2655 infligatur
1506 2572 1780 2651 ciuibus,
1842 2573 2142 2657 cogitate,
2201 2574 2342 2655 quis
2399 2573 2646 2637 uicerit.
2717 2572 2836 2636 sed

519 2676 821 2743 uidelicet
885 2697 1201 2742 uenenum
1265 2681 1365 2743 est
1425 2678 1595 2762 hyle,
1662 2697 1824 2761 quae
1879 2679 2169 2757 formare,
2236 2679 2503 2757 firmare,
2560 2679 2830 2756 nutrire,
2873 2692 2930 2732 20

520 2787 820 2867 uegetare
868 2784 1079 2849 ualuit
1114 2784 1415 2849 animalia
1453 2804 1606 2863 sua3
1657 2788 1723 2850 et
1758 2785 2122 2851 antidotum
2160 2785 2338 2864 deus,
2377 2785 2486 2868 qui
2523 2784 2828 2849 damnare

520 2892 750 2973 potuit,
801 2890 951 2973 quia
997 2909 1218 2956 sanare
1277 2910 1403 2956 non
1457 2891 1674 2974 potuit
1726 2892 2014 2957 membra
2069 2910 2202 2957 sua.
2266 2892 2496 2969 insani,
2555 2910 2672 2956 nec
2721 2892 2838 2955 illa

524 3000 622 3061 est
665 2998 835 3081 hyle,
884 3015 1003 3061 nec
1047 2998 1159 3062 ille
1209 2998 1387 3065 deus.
1436 2999 1531 3064 sie
1568 2999 1861 3076 delirent,
1912 2998 2022 3081 qui
2060 3018 2278 3064 sanam
2315 2999 2666 3065 doctrinam
2705 3019 2832 3064 non

523 3103 917 3169 sustinentes
966 3104 1045 3168 ad
1090 3104 1341 3171 fabulas
1390 3108 1870 3171 conuertuntur.

701 3346 771 3400 24
806 3346 860 3400 Π
897 3345 1036 3401 Τ1111.
1076 3348 1128 3412 4,
1168 3347 1201 3401 3

600 3543 623 3595 1
686 3542 893 3613 origine
959 3544 1099 3615 (sup.
1158 3561 1187 3599 e
1242 3545 1261 3598 i
1316 3562 1385 3598 m.
1454 3547 1504 3612 1)
1563 3544 1617 3597 L
1822 3546 1857 3597 4
1911 3542 2130 3614 beatae]
2185 3543 2383 3614 danate
2439 3544 2472 3597 b
2683 3546 2717 3597 6
2776 3548 2836 3599 61

524 3647 624 3685 om.
664 3630 711 3685 Ο
848 3632 965 3702 ipse
1001 3634 1089 3687 Lb
1232 3633 1337 3687 hoc
1386 3637 1471 3688 est
1515 3633 1648 3687 deus
1700 3636 1810 3703 (681
1857 3649 1900 3689 8.
1941 3632 2000 3703 1.)
2037 3634 2107 3688 M
2249 3648 2428 3687 secum
2471 3632 2521 3686 G
2627 3634 2658 3687 7
2697 3631 2827 3687 sub-

523 3720 759 3775 stantiae
797 3722 882 3782 (in
917 3737 1019 3792 my.
1060 3722 1191 3777 add.
1226 3728 1261 3777 fi
1300 3722 1439 3789 erat)
1480 3723 1555 3777 M
1754 3724 2042 3792 putamus:
2081 3738 2180 3776 nec
2214 3738 2326 3791 sqq.
2367 3722 2400 3775 b
2581 3722 2826 3792 116168Ρί-

524 3810 645 3863 61118
700 3808 752 3865 G
896 3812 1203 3865 immaniter
1249 3811 1303 3866 L
1485 3813 1516 3865 9
1569 3810 1718 3881 hylei
1767 3810 1812 3865 S
1951 3815 2192 3882 prestare
2239 3810 2294 3865 L
2439 3811 2506 3865 10
2566 3810 2685 3882 ipso
2727 3810 2830 3866 SG

520 3898 695 3967 ipsam
747 3887 778 3951 b
923 3916 1032 3952 non
1088 3916 1190 3955 om.
1238 3900 1269 3953 b
1416 3900 1594 3954 seuiat
1648 3902 1730 3971 (in
1781 3916 1952 3971 mar90
1979 3920 2008 3977 :⁶
2049 3900 2272 3967 sentiat)
2332 3899 2432 3955 Sc}
2485 3899 2666 3954 seuiat
2719 3898 2832 3953 LO

521 3987 725 4041 inseuit
763 3990 891 4057 (pro
926 3995 961 4043 1'1
1000 3988 1198 4057 seuiat)
1238 3988 1296 4043 P
1400 3989 1468 4042 12
1504 3988 1783 4054 habebant
1819 3989 1897 4043 L²
2022 3990 2090 4044 13
2127 3989 2447 4044 comixtione
2492 3989 2540 4043 G
2683 4005 2824 4043 corn-

518 4077 818 4147 mixtionis]
860 4078 1177 4132 cessationis
1222 4078 1270 4131 G
1376 4080 1442 4132 14
1478 4078 1665 4149 dicite]
1706 4078 1842 4134 dicit
1879 4078 1981 4134 SCr’
2095 4080 2159 4133 17
2199 4080 2372 4133 exitus
2412 4082 2464 4143 (x
2498 4079 2564 4133 in
2595 4082 2735 4136 raa)
2780 4078 2828 4131 0

521 4164 715 4219 melius
744 4166 917 4220 exitus
947 4167 980 4220 b
1134 4166 1197 4219 18
1226 4164 1397 4220 affixis
1425 4165 1480 4219 L
1623 4170 1897 4270 prestetur
1925 4168 1977 4221 L
2123 4168 2188 4220 21
2221 4168 2466 4236 negitare
2493 4164 2549 4219 L
2684 4166 2826 4220 anti-

524 4280 683 4334 dotus
720 4279 821 4335 SG·
964 4282 1033 4335 22
1072 4280 1221 4351 quia]
1259 4280 1353 4351 qui
1386 4280 1459 4333 M
1562 4281 1752 4347 insane
1801 4281 1850 4336 G
1879 4282 2074 4335 insani.
2114 4298 2230 4337 nec.
2265 4297 2377 4351 sqq.
2416 4281 2448 4334 b
2559 4280 2626 4335 23
2677 4280 2824 4335 dele·

522 4373 647 4422 rant
680 4367 756 4421 Ρι
797 4368 967 4461 delira
1006 4370 1059 4439 (a
1071 4370 1121 4437 ?)
1161 4372 1225 4423 nt
1268 4368 1315 4422 0
1346 4368 1557 4439 delyrat
1600 4371 1631 4424 b
