3159 4984
978 418 1391 475 VLContra
1438 420 1812 473 Faustum
1862 419 1991 472 lib.
2031 418 2146 471 XX.
2353 468 2360 477 ,
2577 423 2702 486 541

400 615 751 680 trinitatem
800 614 1086 679 dicentes
1134 617 1380 697 patrem
1417 614 1480 678 in
1522 617 1766 679 secreto
1806 614 2081 696 quodam
2117 614 2362 679 lumine
2399 614 2706 693 habitare,

400 722 516 786 filii
563 725 779 787 autem
826 722 892 785 in
939 721 1075 787 sole
1114 722 1446 797 uirtutem,
1485 720 1551 785 in
1587 721 1742 785 luna
1779 720 2180 803 sapientiam,
2221 720 2516 803 spiritum
2555 740 2714 786 uero

402 831 695 894 sanctum
742 828 807 892 in
855 830 1033 891 aere!

494 936 554 1002 7.
621 935 695 999 In
763 952 891 1016 qua
952 934 1279 1018 tripertita
1342 937 1564 999 uestra
1627 934 1737 998 uel
1790 933 2007 1017 potius
2064 934 2191 998 iam
2250 934 2708 1017 quadripertita

332 1066 357 1103 5
400 1042 621 1106 fabula
685 1040 763 1104 de
828 1040 1031 1123 patris
1100 1040 1359 1123 quidem
1417 1043 1663 1105 secreto
1727 1039 1969 1103 lumine
2025 1039 2180 1122 quid
2234 1040 2421 1104 uobis
2477 1040 2707 1119 dicam,

402 1148 528 1213 nisi
578 1147 733 1230 quia
774 1148 994 1212 lumen
1046 1148 1327 1231 cogitare
1375 1166 1501 1212 non
1546 1146 1845 1229 potestis,
1893 1146 2018 1210 nisi
2066 1147 2251 1229 quale
2298 1147 2516 1212 uidere
2565 1166 2708 1211 con-

400 1255 689 1319 suestis?
756 1254 879 1319 hoc
945 1254 1109 1318 enim
1182 1254 1602 1337 conspicuum
1669 1256 1735 1318 et
1799 1254 1973 1317 omni
2037 1254 2209 1318 carni
2273 1273 2396 1318 non
2452 1255 2704 1319 tantum

400 1360 750 1438 hominum,
782 1380 1005 1425 uerum
1036 1361 1230 1425 etiam
1266 1360 1621 1426 bestiarum
1659 1364 1728 1425 et
1758 1361 2260 1425 uermiculorum
2297 1361 2708 1425 notissimum

400 1469 617 1531 lumen
674 1468 1001 1531 intuentes
1060 1485 1131 1531 ex
1186 1467 1299 1531 illo
1358 1469 1730 1550 conceptam
1789 1468 1978 1533 corde
2034 1468 2438 1551 phantasiam
2493 1467 2556 1531 in
2613 1467 2704 1530 in-

314 1600 367 1636 10
400 1593 695 1639 mensum
745 1572 969 1639 soletis
1020 1592 1255 1657 augere
1306 1576 1371 1638 et
1417 1592 1553 1638 eam
1603 1568 1839 1639 lucem'
1866 1574 2093 1651 dicere,
2142 1575 2256 1639 ubi
2313 1574 2500 1640 deus·
2529 1576 2710 1656 pater

398 1681 649 1746 habitat
695 1698 841 1745 cum
890 1679 1233 1763 regnicolis
1282 1681 1438 1745 suia.
1508 1681 1759 1763 quando
1809 1683 1976 1746 enim
2027 1681 2426 1747 discreuistis
2470 1682 2705 1756 lucem,

402 1806 525 1870 qua
572 1786 913 1863 cernimUS,
961 1786 1040 1850 ab
1092 1804 1166 1850 ea
1210 1787 1377 1865 luce,
1428 1806 1555 1870 qua
1599 1788 2061 1872 intellegimus,
2113 1807 2258 1852 cum
2319 1788 2492 1852 aliud
2547 1787 2707 1851 nihil

398 1913 700 1976 umquam
775 1894 1161 1976 putaueritis
1230 1913 1371 1959 esse
1434 1894 1813 1978 intellegere
1878 1896 2218 1960 ueritatem
2281 1896 2406 1960 nisi
2469 1896 2713 1961 formas

402 2018 734 2083 corporeas
783 1999 1083 2083 cogitare,
1134 2000 1273 2065 siue
1321 2000 1535 2067 finitas
1585 2001 1726 2067 siue
1774 2020 1845 2066 ex
1893 2002 2215 2084 aliquibus
2270 2002 2559 2086 partibus
2615 2002 2706 2068 in-

310 2132 360 2171 15
402 2106 636 2183 finitas,
686 2126 849 2189 quae
896 2108 1107 2172 inania
1152 2108 1606 2191 phantasmata
1661 2127 1804 2173 esse
1859 2109 2174 2175 nescitis?
2239 2109 2503 2193 proinde
2561 2128 2704 2173 cum

398 2216 647 2277 tantum
693 2214 948 2278 intersit
992 2214 1159 2279 inter
1205 2214 1684 2299 cogitationem,
1734 2232 1860 2297 qua
1907 2216 2118 2299 cogito
2163 2218 2394 2280 terram
2443 2214 2710 2279 luminis

400 2323 703 2399 uestram,
781 2340 943 2402 quae
1010 2322 1266 2387 omnino
1336 2342 1652 2404 nusquam
1721 2326 1839 2401 est,
1910 2327 1974 2388 et
2040 2324 2514 2408 cogitationem,
2583 2342 2708 2405 qua

402 2427 613 2511 cogito
678 2426 1144 2504 Alexandriam,
1212 2446 1401 2510 quam
1466 2446 1814 2511 numquam
1883 2429 2038 2507 uidi,
2105 2430 2215 2495 sed
2281 2434 2494 2494 tamen
2561 2433 2695 2506 est;

398 2552 748 2616 rursusque
794 2536 1047 2599 tantum
1093 2535 1351 2599 intersit
1384 2536 1551 2600 inter
1585 2536 1801 2615 istam,
1842 2556 1966 2619 qua
2004 2538 2216 2621 cogito
2254 2537 2698 2601 Alexandriam

310 2668 363 2705 κο
398 2640 811 2725 incognitam,
870 2644 935 2705 et
991 2660 1153 2719 eam,
1212 2660 1337 2724 qua
1392 2642 1606 2725 cogito
1662 2642 2124 2727 Karthaginem
2191 2644 2553 2727 cognitam:
2620 2643 2703 2707 ab

399 2746 520 2811 hac
584 2766 835 2830 quoque
904 2749 1311 2833 cogitatione,
1380 2768 1505 2831 qua
1569 2753 1743 2813 certa
1809 2753 1873 2814 et
1936 2753 2086 2816 nota
2142 2769 2403 2833 corpora
2466 2750 2700 2833 cogito,

400 2854 593 2939 longo
629 2855 1215 2939 incomparabiliter
1252 2856 1449 2921 distat
1488 2858 1818 2941 cogitatio,
1860 2877 1984 2940 qua
2019 2858 2324 2941 intellego
2361 2856 2700 2933 iustitiam,

402 2960 783 3039 castitatem,
823 2961 1036 3041 fidem,
1084 2962 1442 3040 ueritatem,
1492 2962 1842 3042 caritatem,
1884 2964 2252 3029 comitatem
2289 2969 2354 3028 et
2400 2962 2702 3046 quicquid

402 3066 718 3131 eiusmodi
765 3069 885 3145 est,
936 3085 1099 3149 quae
1147 3068 1474 3151 cogitatio,
1524 3066 1739 3147 dicite,
1788 3068 1843 3135 si
1886 3068 2184 3152 potestiS,
2241 3069 2427 3152 quale
2482 3069 2704 3133 lumen

310 3200 362 3238 25
402 3174 509 3253 sit,
578 3193 701 3256 quo
760 3173 874 3238 illa
931 3174 1161 3253 omnia,
1224 3194 1383 3258 quae
1440 3175 1563 3240 hoc
1619 3194 1742 3241 non
1801 3180 1953 3241 sunt
2007 3179 2072 3240 et
2125 3176 2293 3241 inter
2348 3195 2417 3241 se
2473 3175 2702 3241 discer-

401 3283 657 3359 nuntur,
707 3281 773 3344 et
820 3284 1129 3362 quantum
1178 3282 1255 3346 ab
1295 3282 1417 3347 hoc
1456 3280 1716 3360 distent,
1755 3281 1883 3346 fida
1917 3281 2432 3347 manifestatione
2471 3299 2703 3365 cogno-

400 3384 604 3449 scitur
669 3438 685 3453 .
735 3388 801 3450 et
864 3388 1081 3451 tamen
1148 3385 1341 3451 etiam
1408 3386 1529 3452 hoc
1592 3387 1812 3451 lumen
1879 3406 2003 3453 non
2073 3389 2174 3451 est
2234 3387 2454 3451 lumen
2517 3385 2700 3463 illud,

402 3490 572 3573 quod
622 3491 780 3556 deus
830 3496 966 3568 est;
1028 3492 1150 3557 hoc
1203 3492 1370 3557 enim
1422 3495 1716 3557 creatura
1762 3496 1881 3571 est,
1932 3496 2180 3559 creator
2226 3496 2327 3558 est
2367 3491 2518 3569 ille;
2583 3491 2706 3556 hoc

398 3599 660 3676 factum,
710 3599 821 3664 ille
861 3600 971 3682 qui
1008 3599 1201 3675 fecit3
1250 3601 1374 3665 hoc
1422 3600 1694 3682 denique
1739 3601 2072 3679 mutabile,
2124 3601 2276 3665 dum
2323 3601 2489 3678 uult,
2538 3599 2707 3682 quod

470 3808 507 3861 4
532 3806 811 3877 tiipertita
848 3808 1006 3877 (cm.
1046 3822 1109 3860 ex
1148 3806 1304 3878 drip.)
1343 3806 1415 3860 M
1578 3810 1612 3862 6
1649 3807 1826 3863 lucem
1869 3808 1918 3863 0
2070 3807 2250 3879 quale]
2289 3808 2418 3878 quia.
2454 3808 2566 3861 tale
2604 3805 2705 3861 SG

403 3896 691 3951 consuistis
728 3894 874 3949 1:¹3²
988 3896 1019 3948 7
1060 3895 1409 3966 conspicuum
1450 3896 1497 3967 (s
1533 3912 1575 3952 8.
1619 3898 1676 3965 l.)
1712 3897 1760 3952 Ο
1864 3897 1897 3951 9
1933 3897 2224 3951 fantasiam
2262 3897 2309 3951 G
2417 3898 2480 3951 11
2509 3912 2704 3966 regno-

400 3984 531 4040 colis
589 3988 729 4054 (sup.
780 4002 869 4053 pr.
926 4002 956 4038 ο
1015 4002 1052 4037 a
1106 4002 1176 4039 m.
1232 3990 1265 4037 1
1320 3985 1361 4051 i)
1408 3986 1463 4040 L
1739 3986 2072 4041 discreuiutis
2132 3986 2307 4057 (prim.
2364 4002 2389 4039 s
2445 4001 2487 4039 s.
2547 3984 2606 4052 l.)
2663 3984 2720 4039 0

405 4074 470 4129 15
508 4074 837 4129 fantasmata
873 4073 921 4129 S
1035 4074 1100 4126 17
1140 4072 1309 4127 uestri
1349 4074 1381 4127 b
1504 4075 1571 4131 19
1609 4075 1735 4147 qua]
1777 4093 1938 4146 quam
1974 4074 2232 4131 LSM¹G
2376 4074 2448 4128 20
2486 4090 2594 4145 qua
2628 4073 2704 4127 L¹

398 4162 751 4233 Kartaginem
800 4162 847 4217 S
906 4162 1278 4233 carthaginem
1341 4164 1385 4218 0
1545 4165 1611 4219 21
1670 4164 1793 4234 hac]
1859 4181 1921 4219 ac
1978 4164 2149 4217 L1M¹
2351 4178 2572 4233 corporo
2630 4162 2694 4217 S·

400 4252 467 4305 26
517 4252 607 4323 ab]
657 4251 727 4306 ad
774 4252 820 4306 S
1032 4251 1102 4305 28
1157 4250 1253 4306 ille
1302 4251 1391 4321 (m.
1442 4256 1485 4307 2
1530 4268 1654 4323 exp.
1710 4260 1758 4307 et
1815 4259 1944 4308 ante
2001 4256 2209 4307 creator
2265 4251 2394 4323 ⁸ille*
2440 4252 2587 4322 pos.)
2647 4250 2708 4305 L

391 4340 461 4395 29
501 4340 731 4411 denique
771 4342 809 4412 (i
849 4356 915 4395 ex
955 4344 1005 4410 e)
1048 4340 1097 4395 0
