3159 4984
446 463 578 524 604
1137 458 1190 508 S.
1248 455 1522 509 Aureli
1577 455 2003 525 August-ini

442 655 692 718 fabulas
741 673 892 718 suas
941 653 1270 718 christiani
1325 653 1601 718 nominis
1656 651 1851 734 pallio
1910 653 2121 716 uelare
2178 649 2581 726 contendant,
2639 649 2735 713 ui-

443 761 633 824 deant
676 763 911 838 tamen,
960 749 1208 842 {luendo
1256 760 1384 824 ista
1429 764 1651 824 contra
1696 759 2041 841 scripturas
2097 757 2475 823 christianas
2522 756 2739 839 dispu-

441 870 600 942 tant,
659 887 783 932 non
842 886 879 930 a
931 867 1113 932 nobis
1172 870 1389 933 contra
1442 885 1723 950 paganos
1776 869 2052 944 tantum,
2110 864 2223 930 sed
2280 864 2469 928 etiam
2518 865 2739 928 contra

438 973 846 1038 Manichaeos
893 973 1232 1038 ueritatem
1270 973 1560 1039 codicum
1602 973 1961 1038 diuinorum
1996 971 2365 1036 testamenti
2400 970 2739 1052 utriusque

439 1079 711 1143 defendi.
782 1082 847 1144 et
900 1079 1028 1144 ista
1085 1079 1361 1162 quidem,
1421 1099 1580 1162 quae
1636 1080 1826 1145 modo
1881 1079 2162 1144 Faustus
2226 1079 2413 1142 uelut
2474 1076 2739 1160 indigna
2810 1095 2838 1133 5

438 1186 556 1250 deo
606 1186 684 1250 de
731 1187 968 1252 nostris
1017 1187 1346 1252 ueteribus
1382 1187 1615 1252 litteris
1652 1187 1717 1250 in
1756 1206 2044 1252 sermone
2084 1205 2201 1250 suo
2237 1185 2476 1269 posuit,
2517 1187 2737 1250 contra

439 1311 759 1376 paganum
809 1297 874 1358 et
920 1295 984 1357 in
1035 1294 1407 1378 euangelico
1455 1295 1564 1358 uel
1610 1294 1961 1377 apostolico
2010 1312 2299 1358 sermone
2335 1292 2491 1356 talia.
2525 1310 2737 1374 repre-

437 1399 820 1464 hendentem
882 1400 976 1464 ita
1038 1401 1308 1466 fortasse
1373 1400 1799 1478 defenderem,
1867 1403 1941 1465 ut
2002 1401 2178 1484 paria
2233 1400 2310 1464 de
2365 1399 2735 1464 auctoribus

437 1525 677 1581 eorum,
737 1506 908 1571 sicut
963 1507 1208 1572 Paulus
1264 1510 1480 1572 noster
1535 1506 1703 1590 apud
1748 1506 2173 1572 Athenienses
2228 1506 2398 1580 fecit.
2457 1524 2735 1570 comme-

433 1632 767 1678 morarem.
815 1614 1168 1678 inuenirem
1216 1614 1384 1678 enim
1429 1615 1701 1679 fortasse
1750 1617 1815 1678 et
1858 1614 1923 1678 in
1968 1613 2202 1678 litteris
2258 1632 2479 1678 eorum
2538 1613 2732 1676 deum
2782 1628 2839 1665 ιο

431 1718 656 1784 mundi
703 1722 1053 1783 creatorem
1099 1738 1173 1783 ac
1220 1719 1664 1785 fabricatorem
1712 1723 1779 1784 et
1820 1720 1987 1785 lucis
2025 1719 2217 1784 huius
2272 1719 2733 1784 institutorem.

433 1827 544 1908 qui
600 1829 815 1891 tamen
873 1829 1216 1907 antequam
1273 1845 1413 1890 eam
1469 1827 1787 1906 conderet,
1837 1847 1961 1892 non
2006 1826 2257 1891 iacebat
2300 1826 2363 1889 in
2429 1824 2733 1903 tenebriS,

435 1937 500 1996 et
540 1953 610 1997 ex
650 1953 834 2016 opere
877 1953 992 1998 suo
1041 1933 1319 2016 perfecto
1368 1935 1607 1998 elatum
1648 1953 1789 1998 esse
1828 1933 2358 2017 gaudio—quod
2393 1935 2561 1996 certe
2598 1951 2731 1995 am—

429 2040 599 2123 plius
649 2043 748 2104 est
795 2059 1026 2122 quam:
1084 2039 1282 2104 uidit
1329 2041 1506 2122 quia
1558 2041 1831 2105 bonum
1873 2043 2105 2104 est-
2136 2043 2200 2104 et
2236 2039 2399 2123 legis
2436 2039 2731 2106 latorem.

431 2165 622 2229 quam
661 2147 716 2210 si
753 2146 946 2212 homo
987 2150 1377 2228 sequeretur,
1411 2165 1526 2212 suo
1563 2148 1729 2212 bono
1768 2147 2023 2224 faceret,
2056 2147 2113 2212 si
2144 2149 2358 2212 autem
2387 2149 2733 2230 sperneret,
2774 2159 2829 2197 1⁵

433 2271 548 2318 suo
606 2253 815 2317 malo:
866 2272 1055 2335 quem
1111 2272 1234 2318 non
1290 2254 1432 2318 ideo
1492 2253 1775 2317 dicerent
1827 2254 2120 2337 ignarum
2175 2253 2393 2332 futuri,
2460 2253 2610 2336 quia
2667 2257 2735 2319 et

427 2360 663 2424 futuris
703 2361 1249 2442 contemptoribus
1287 2361 1497 2444 legem
1538 2361 1731 2424 dedit.
1771 2361 1899 2424 iam
1938 2379 2087 2425 uero
2124 2360 2268 2426 ideo
2298 2361 2730 2444 inprouidum,

428 2465 599 2549 quod
664 2465 900 2548 aliquid
967 2467 1334 2550 interroget.
1400 2486 1516 2531 nec
1578 2467 1904 2532 hominem
1971 2467 2270 2546 dicerent,
2325 2467 2390 2531 in
2456 2485 2727 2548 quorum

423 2573 606 2638 libris
653 2574 858 2637 multa
903 2593 1027 2638 non
1078 2573 1156 2639 ob
1207 2573 1381 2638 aliud
1426 2573 1915 2658 interrogantur,
1972 2572 2097 2638 nisi
2151 2577 2227 2638 ut
2271 2573 2406 2638 suis
2454 2573 2730 2655 quisque

422 2679 945 2763 responsionibus
987 2681 1424 2756 conuincatur,
1457 2700 1605 2745 cum
1632 2680 1764 2757 ille,
1806 2681 1916 2762 qui
1952 2680 2323 2763 interrogat.
2352 2699 2479 2744 non
2516 2681 2732 2744 solum
2763 2690 2823 2727 2⁰

423 2787 604 2865 sciat,
673 2787 845 2870 quod
910 2787 1030 2851 sibi
1097 2787 1244 2852 uult
1300 2788 1376 2851 ab
1435 2788 1636 2852 altero
1692 2787 2081 2870 responderi,
2139 2787 2251 2852 sed
2300 2789 2493 2852 etiam
2536 2787 2731 2852 illum

418 2894 542 2960 hoc
605 2912 1082 2978 responsurum.
1157 2894 1552 2958 inuidentem
1622 2897 1837 2959 autem
1902 2894 2199 2976 cuiquam
2267 2894 2485 2970 deum,
2553 2896 2731 2977 quod

417 3001 624 3067 malos
671 3003 894 3067 beatos
941 3001 1079 3066 fieri
1128 3019 1250 3066 non
1299 3000 1554 3079 sineret,
1614 3001 1669 3066 si
1726 3002 1926 3066 uellet
1982 3000 2211 3079 dicere,
2267 3002 2491 3084 plenos
2546 3002 2730 3067 inue-

415 3107 581 3172 niret
627 3127 890 3173 suorum
935 3107 1133 3174 libros
1185 3107 1261 3172 de
1310 3107 1430 3172 hac
1477 3127 1544 3172 re
1594 3109 1671 3172 ad
1724 3108 2003 3173 diuinam
2061 3108 2528 3192 prouidentiam
2585 3127 2726 3191 per-

413 3213 711 3277 tinenteS.

511 3320 610 3382 17.
679 3320 774 3384 De
825 3320 1154 3386 sacrificiis
1202 3340 1354 3386 uero
1402 3321 1563 3385 nihil
1620 3320 1797 3386 aliud
1851 3322 2009 3386 mihi
2070 3343 2359 3408 paganus
2416 3323 2723 3420 obiceret,

413 3425 538 3490 nisi
577 3445 688 3490 cur
727 3427 895 3509 apud
935 3446 1042 3491 eos
1081 3428 1195 3491 illa
1233 3428 1788 3511 reprehendamuS‚
1830 3448 1975 3493 cum
2012 3430 2075 3494 in
2115 3433 2351 3498 nostris
2387 3433 2719 3498 ueteribus

410 3534 592 3598 libris
639 3533 796 3599 talia
842 3535 965 3598 sibi
1017 3535 1174 3599 deus
1222 3539 1439 3599 noster
1483 3535 1754 3600 iussisse
1801 3536 2125 3620 legeretur
2170 3537 2397 3604 offerri.
2444 3540 2549 3604 hic
2596 3559 2718 3625 ego

2762 3221 2819 3259 25

585 3707 618 3759 9
659 3707 723 3760 cf.
763 3707 884 3761 Act.
929 3709 1009 3771 17,
1049 3708 1120 3762 28

480 3832 508 3883 1
550 3830 730 3884 uelare
771 3831 824 3900 (a
858 3832 921 3885 in
956 3837 1094 3901 raS.)
1132 3833 1180 3886 G
1284 3832 1622 3888 contendunt
1656 3835 1702 3888 Ο
1774 3837 1809 3890 4
1844 3837 2153 3891 manicheos
2181 3837 2283 3892 LC
2352 3839 2385 3892 6
2414 3839 2634 3898 nostris]
2660 3839 2716 3893 L

409 3934 650 3972 sermone
691 3921 779 3980 (ne
817 3936 884 3976 m.
924 3923 956 3972 1
989 3923 1278 3989 superse-r.)
1325 3921 1373 3975 C
1514 3923 1544 3975 7
1583 3923 2103 3994 repraehendentem
2140 3925 2195 3980 L
2336 3927 2370 3981 8
2407 3926 2516 3998 ista
2567 3932 2713 3998 (exp.

406 4023 476 4058 m.
523 4007 572 4075 1)
627 4006 675 4061 0
782 4008 815 4061 9
865 4025 1331 4065 commemorarem
1388 4012 1491 4082 (me
1541 4029 1611 4065 m.
1672 4019 1703 4065 1
1747 4030 1789 4067 s.
1849 4015 1882 4069 Ζ.
1935 4016 2090 4081 add.)
2146 4015 2194 4070 Ο
2336 4017 2402 4071 10
2438 4017 2709 4072 inuenire-

403 4111 523 4148 mus
563 4095 768 4150 SMGb
881 4098 948 4152 13
991 4099 1198 4153 elatum
1237 4102 1285 4170 (e
1315 4117 1451 4157 corr.
1483 4117 1549 4156 ex
1575 4102 1642 4169 sc)
1674 4102 1726 4155 L
1837 4104 1903 4158 15
1934 4121 2093 4173 quem
2123 4106 2207 4170 (in
2227 4122 2330 4175 my.
2360 4106 2429 4160 al.
2460 4111 2643 4178 quam)
2676 4107 2709 4160 b

407 4183 470 4236 17
509 4184 962 4254 inprouidendum
1007 4186 1126 4241 GS¹
1240 4189 1305 4242 18
1345 4189 1600 4244 docerent
1628 4191 1659 4244 b
1769 4191 1836 4244 21
1876 4192 2201 4262 respondere
2229 4193 2283 4246 L
2394 4196 2461 4248 27
2494 4213 2633 4265 quur
2658 4196 2712 4250 L

401 4272 887 4341 repraehendamus
925 4275 978 4329 L
1162 4277 1228 4329 28.
1267 4278 1504 4332 iussiss&
1549 4279 1617 4348 (ὣ
1662 4279 1721 4332 in
1760 4283 1893 4346 rae.)
1936 4281 1988 4334 L
2133 4283 2311 4336 offerri
2351 4286 2468 4352 (pr.
2512 4283 2539 4338 f
2574 4302 2645 4338 m.
2682 4290 2715 4338 1

399 4366 697 4428 superse-r.)
747 4363 793 4414 (1
