3159 4984
388 1666 439 1703 10

392 2198 442 2235 15

1040 493 1133 548 VI.
1189 493 1479 550 Contra
1532 495 1904 551 Faustum
1962 496 2092 550 lib.
2149 496 2274 549 XII.
2643 500 2772 563 337

470 688 673 753 malis.
731 708 935 773 neque
1002 690 1169 753 enim
1235 691 1469 757 frustra
1534 692 1690 756 dixit
1736 693 2094 775 apostolus:
2174 693 2425 769 Adam,
2476 692 2609 776 qui
2659 697 2777 757 est

470 795 706 860 forma
768 796 1029 875 futuri,
1080 801 1145 861 et
1187 798 1378 863 illud:
1446 800 1832 883 relinquet
1897 801 2111 866 homo
2179 804 2468 884 patrem
2517 803 2591 864 et
2633 820 2773 865 ma-

470 906 656 966 trem
706 907 777 968 et
826 903 1271 970 adhaerebit
1315 908 1532 971 uxori
1580 926 1780 984 suae,
1850 911 1923 973 et
1971 912 2192 972 erunt
2239 908 2382 973 duo
2431 908 2504 972 in
2555 926 2772 973 carne

472 1028 631 1075 una.
682 1015 1252 1089 sacramentum,
1300 1012 1529 1096 inquit,
1569 1014 1708 1079 hoc
1757 1034 2106 1099 magnum
2153 1018 2292 1093 est,
2334 1034 2474 1101 ego
2524 1018 2775 1080 autem

473 1116 637 1181 dico
704 1117 775 1181 in
845 1116 1156 1185 Christo
1224 1122 1299 1183 et
1361 1120 1435 1183 in
1484 1120 1838 1187 ecclesia.
1888 1121 2033 1203 quis
2086 1120 2252 1186 enim
2301 1140 2425 1186 non
2474 1125 2776 1206 agnoscat

476 1222 797 1289 Christum
844 1244 917 1291 eo
965 1226 1153 1291 modo
1200 1226 1538 1310 reliquisse
1604 1230 1867 1311 patrem,
1945 1228 2076 1311 qui
2153 1247 2323 1292 cum
2388 1230 2462 1293 in
2538 1229 2776 1293 forma

475 1330 593 1393 dei
658 1334 883 1409 esset,
951 1352 1091 1397 non
1158 1333 1491 1415 rapinam
1557 1334 1978 1398 arbitratus
2038 1336 2160 1398 est
2208 1353 2376 1399 esse
2424 1335 2772 1417 aequalis

476 1438 631 1515 deo,
690 1438 820 1505 sed
887 1442 1134 1504 semet
1196 1440 1449 1523 ipsum
1499 1440 1928 1505 exinaniuit
1970 1440 2284 1505 formam
2333 1440 2539 1505 serui
2587 1440 2772 1505 acci·

474 1546 713 1626 piens.
761 1546 1095 1631 reliquisse
1146 1546 1335 1611 etiam
1391 1538 1678 1623 matrem,
1711 1565 2101 1631 synagogam
2149 1548 2527 1611 Iudaeorum
2573 1548 2774 1613 ueteri

476 1656 855 1718 testamento
922 1654 1255 1717 carnaliter
1317 1652 1768 1727 inhaerentem,
1838 1656 1902 1717 et
1965 1652 2330 1719 adhaesisse
2395 1654 2573 1719 uxori
2621 1673 2772 1719 suae

477 1761 728 1824 sanctae
778 1760 1101 1837 ecclesiae,
1132 1762 1208 1823 ut
1250 1778 1406 1842 pace
1452 1760 1604 1824 noui
1651 1762 2021 1825 testamenti
2073 1763 2288 1825 essent
2317 1760 2441 1827 duo
2490 1762 2552 1825 in
2593 1780 2773 1825 carne

476 1884 618 1945 una,
667 1866 821 1949 quia
881 1886 1024 1932 cum
1074 1868 1159 1932 sit
1206 1866 1361 1931 deus
1411 1867 1578 1949 apud
1623 1870 1889 1950 patrem,
1935 1886 2048 1951 per
2094 1887 2283 1950 quem
2329 1868 2482 1933 facti
2529 1888 2771 1945 sumuS,

476 1976 679 2039 factus
728 1977 828 2040 est
870 1994 983 2057 per
1028 1994 1277 2039 carnem
1322 1974 1636 2058 particeps
1693 1976 1926 2044 noster,
1975 1978 2049 2038 ut
2112 1974 2285 2039 illius
2352 1975 2575 2057 capitis
2643 1994 2772 2041 cor-

476 2101 593 2164 pus
642 2100 781 2146 esse
826 2089 1215 2164 possemus?

565 2190 625 2251 9.
694 2188 876 2253 Sicut
940 2187 1091 2253 Cain
1158 2189 1537 2254 sacrificium
1605 2208 1674 2252 ex
1741 2192 1942 2252 terrae
2006 2188 2318 2253 fructibus
2383 2190 2770 2272 reprobatur,

478 2295 639 2359 Abel
685 2297 898 2358 autem
948 2293 1324 2358 sacrificium
1374 2313 1445 2358 ex
1492 2295 1722 2359 ouibus
1772 2297 1836 2359 et
1899 2314 2114 2359 earum
2180 2295 2361 2378 adipe
2409 2296 2772 2379 suscipitur,

477 2402 567 2465 ita
610 2402 760 2466 noui
807 2400 1175 2465 testamenti
1221 2399 1379 2465 fides
1430 2420 1499 2464 ex
1546 2400 1908 2467 innocentia
1955 2400 2193 2485 gratiae
2253 2400 2442 2465 deum
2506 2402 2772 2468 laudans

476 2508 708 2572 ueteris
753 2508 1121 2571 testamenti
1165 2506 1429 2571 terrenis
1478 2507 1773 2589 operibus
1821 2508 2240 2591 anteponitur,
2281 2507 2432 2589 quia
2469 2508 2590 2571 etsi
2627 2512 2770 2573 ante

472 2614 689 2679 Iudaei
752 2618 923 2680 recte
987 2614 1099 2678 illa
1162 2614 1466 2689 fecerunt,
1531 2614 1597 2677 in
1648 2633 1719 2678 eo
1769 2616 1980 2678 tamen
2027 2612 2417 2678 infidelitatis
2464 2614 2554 2678 rei
2603 2618 2771 2681 sunt.

381 2732 407 2769 2
473 2721 623 2803 quia
670 2720 919 2787 Christo
968 2721 1259 2786 ueniente
1306 2720 1431 2784 iam
1479 2724 1734 2803 tempus
1781 2720 1932 2784 noui
1997 2719 2363 2784 testamenti
2411 2738 2447 2783 a
2491 2722 2773 2803 tempore

472 2827 705 2892 ueteris
752 2828 1117 2893 testamenti
1164 2846 1286 2891 non
1336 2827 1773 2893 distinxerunt.
1824 2826 1980 2893 dixit
2038 2826 2202 2890 enim
2255 2826 2412 2890 deus
2461 2826 2540 2889 ad
2589 2826 2767 2891 Cain:

474 2934 785 2999 sirecte
836 2934 1143 3011 offeraS,
1209 2937 1413 2999 recte
1480 2937 1730 2997 autem
1792 2953 1935 2998 non
2011 2932 2335 3003 diuidas,
2400 2934 2768 3015 peccasti.

474 3040 583 3122 qui
648 3040 702 3105 si
767 3041 1266 3124 obtemperasset
1332 3041 1447 3105 deo
1515 3039 1777 3107 dicenti:
1855 3039 2203 3121 quiesce;
2281 3040 2368 3103 ad
2449 3043 2521 3105 te
2569 3040 2771 3104 enim

472 3146 870 3213 conuersio
921 3148 1106 3225 eine,
1156 3152 1230 3211 et
1275 3150 1356 3211 tu
1404 3147 1913 3212 dominaberis
1968 3146 2214 3223 illius,
2265 3146 2344 3210 ad
2393 3164 2460 3211 se
2510 3165 2768 3211 conuer-

408 3276 435 3303 ο
471 3252 656 3318 tisset
719 3258 1055 3337 peccatum
1118 3274 1307 3319 suum
1372 3254 1493 3319 sibi
1558 3255 1678 3319 hoc
1724 3253 2009 3317 tribuens
2060 3256 2124 3318 et
2173 3253 2478 3319 confitens
2527 3252 2643 3318 deo
2693 3272 2766 3317 ac

474 3360 565 3425 sic
612 3360 868 3425 adiutus
913 3360 1345 3445 indulgentiae
1395 3360 1598 3443 gratia
1644 3362 1777 3444 ipse
1825 3364 2084 3443 peccato
2135 3377 2252 3424 suo
2320 3359 2766 3436 dominaretur,

472 3487 594 3532 non
640 3468 751 3532 illo
801 3468 923 3531 sibi
971 3467 1330 3533 dominante
1379 3486 1604 3532 seruus
1651 3450 1897 3550 peccati
1943 3466 2198 3530 fratrem
2242 3466 2558 3532 occideret
2593 3467 2770 3532 inno-

473 3576 737 3641 centem.
806 3574 898 3638 sic
962 3579 1027 3639 et
1080 3574 1317 3649 Iudaei,
1386 3576 1449 3639 in
1498 3594 1770 3656 quorum
1816 3574 1972 3638 haec
2019 3573 2224 3658 figura
2270 3574 2666 3657 gerebantur,
2717 3573 2772 3637 si

472 3681 869 3763 quiescerent
915 3700 951 3745 a
997 3700 1113 3745 sua
1157 3682 1626 3765 perturbatione
1677 3684 1740 3745 et
1785 3684 2038 3765 tempus
2087 3680 2314 3745 salutis
2353 3700 2464 3763 per
2504 3679 2770 3763 gratiam

650 3875 681 3928 1
718 3873 870 3926 Rom.
909 3874 960 3937 5,
1003 3872 1068 3925 15
1214 3875 1245 3925 2
1282 3872 1477 3941 Ephes.
1519 3876 1568 3935 5,
1609 3872 1674 3927 31
1715 3890 1796 3942 sq.
1942 3872 1976 3925 6
2013 3872 2154 3924 Phil.
2194 3872 2244 3934 2,
2284 3871 2317 3924 6
2357 3888 2434 3939 sq.
2585 3870 2652 3922 22
2696 3869 2763 3923 of.

474 3961 605 4016 Gen.
643 3966 693 4027 4,
734 3964 767 4015 3
806 3978 924 4032 sqq.

540 4073 573 4125 2
592 4088 682 4139 pr.
714 4070 787 4139 et]
820 4074 874 4124 et
905 4073 956 4137 (e
983 4071 1047 4124 in
1070 4072 1207 4137 raa.)
1226 4068 1279 4123 L
1311 4073 1369 4124 ut
1397 4068 1565 4124 SMG
1676 4070 1709 4121 4
1739 4069 1840 4122 hoc
1868 4068 2048 4137 inquit
2075 4066 2242 4122 ΗΜΘ
2355 4066 2388 4119 6
2418 4066 2494 4135 (et
2521 4063 2575 4133 9)
2605 4064 2766 4118 relin-

473 4160 651 4229 quisse
703 4158 987 4214 G¹SL¹M¹
1162 4160 1276 4229 qui]
1323 4176 1427 4229 quo
1475 4159 1528 4211 L
1674 4159 1707 4212 9
1752 4157 2034 4211 iudeorum
2086 4156 2133 4210 0
2273 4154 2340 4208 10
2397 4152 2670 4207 adhesisse
2724 4152 2772 4206 (Ι

476 4250 539 4302 13
574 4250 777 4317 noster]
822 4249 993 4302 nostri
1034 4248 1201 4303 SMG
1310 4247 1377 4301 14
1414 4248 1684 4318 possimus
1729 4246 1872 4301 GSG
2019 4246 2082 4299 17
2131 4243 2473 4297 innocentiae
2513 4241 2688 4311 gratia
2726 4242 2773 4293 S

475 4338 539 4390 18
592 4337 742 4408 iudei
796 4342 922 4391 ante
980 4340 1010 4391 b
1160 4338 1225 4391 19
1279 4337 1429 4391 iudei
1487 4337 1534 4392 Ο
1713 4337 1794 4406 eo]
1854 4352 1958 4405 quo
1999 4334 2097 4389 SG
2297 4330 2578 4385 fidelitatis
2621 4328 2766 4384 8²6²

471 4424 539 4476 23
577 4428 1004 4497 optemperasset
1040 4428 1205 4484 SMG

574 4550 715 4589 xxv.
744 4550 862 4599 Aug.
894 4560 1003 4592 sect.
1033 4556 1072 4593 e.
2558 4526 2626 4579 22
