3159 4984
1447 1039 1572 1114 ΙΙΙ.

650 1276 654 1280 ¹
743 1191 1076 1258 CONTRA
1122 1193 1705 1262 FORTUNATUM
1752 1195 2275 1261 DISPUTATIO.

351 1357 354 1360 ⁴
444 1330 654 1432 Sexto
705 1371 770 1431 et
815 1368 1036 1450 quinto
1083 1368 1408 1434 Kalendas
1457 1368 1848 1453 Septembris
1894 1369 2163 1435 Arcadio
2209 1372 2503 1454 Augusto
2550 1371 2649 1436 bis

349 1477 418 1537 et
455 1471 534 1552 Q.
575 1473 804 1540 Rufino
841 1475 998 1540 uiris
1037 1475 1410 1540 clarissimis
1451 1475 1819 1540 consulibus
1853 1475 2011 1540 actis
2050 1476 2267 1540 habita
2305 1477 2649 1562 disputatio

279 1613 309 1655 5
344 1579 694 1644 aduersum
711 1579 1132 1645 Fortunatum
1152 1580 1670 1646 Manichaeorum
1689 1581 2125 1663 presbyterum
2145 1581 2207 1644 in
2228 1581 2381 1646 urbe
2410 1582 2647 1666 Hippo·

347 1685 650 1750 nensium
697 1686 1029 1770 regionum
1075 1685 1140 1750 in
1191 1686 1435 1751 balneis
1475 1685 1679 1752 Sossii
1727 1686 1846 1751 sub
1893 1687 2251 1770 praesentia
2292 1689 2531 1772 populi.

444 1793 506 1854 1.
565 1792 1032 1862 AUGUSTINUS
1081 1791 1273 1856 dixit:
1333 1792 1466 1876 Ego
1514 1793 1643 1856 iam
1690 1811 1963 1858 errorem
2007 1795 2185 1876 puto,
2234 1813 2423 1876 quam
2467 1799 2655 1860 antea

343 1898 696 1962 ueritatem
757 1897 1098 1982 putabam;
1167 1901 1383 1963 utrum
1449 1902 1621 1964 recte
1688 1899 2039 1971 aestimem.
2106 1919 2143 1964 a
2204 1903 2269 1964 te
2321 1905 2651 1985 praesente

344 2003 570 2068 audire
619 2005 828 2088 cupio.

253 2145 303 2183 ιο
433 2110 928 2180 FORTUNATUS
985 2111 1179 2176 dixit:
1231 2111 1468 2195 Coepta
1516 2130 1787 2187 errorem
1838 2131 2163 2195 exponere.

433 2217 909 2287 AUGUSTINUS
947 2217 1131 2281 dixit:
1179 2217 1250 2280 In
1297 2217 1520 2301 primis
1561 2237 1882 2282 summum
1932 2237 2203 2283 errorem
2248 2221 2403 2302 puto
2452 2221 2647 2285 omni-

339 2325 680 2406 potentem
737 2323 946 2400 deum,
1003 2323 1068 2388 in
1127 2343 1250 2408 quo
1309 2343 1435 2389 una
1490 2323 1674 2389 nobis
1724 2343 1869 2408 spes
1920 2326 2036 2400 est,
2086 2343 2157 2390 ex
2206 2325 2420 2407 aliqua
2472 2329 2649 2409 parte

337 2429 723 2494 uiolabilem
771 2432 884 2492 aut
929 2429 1460 2513 coinquinabilem
1507 2433 1618 2494 aut
1666 2430 2140 2514 corruptibilem
2190 2431 2459 2498 credere.
2526 2433 2647 2498 hoc

337 2540 634 2602 uestram
659 2535 970 2601 haeresim
999 2535 1330 2602 adfirmare
1361 2537 1513 2615 scio,
1544 2556 1669 2603 non
1708 2536 1965 2619 quidem
2002 2536 2103 2602 his
2142 2537 2377 2616 uerbiS‚
2416 2539 2647 2622 quibus

247 2677 298 2716 15
339 2661 518 2707 nunc
563 2661 724 2708 usus
771 2661 953 2718 sum;
993 2661 1139 2706 nam
1180 2646 1244 2707 et
1282 2662 1400 2709 uos
1437 2643 1807 2728 interrogati
1845 2643 2235 2708 confitemini
2275 2643 2465 2710 deum
2505 2664 2645 2710 esse

337 2749 897 2832 incorruptibilem
927 2752 992 2814 et
1020 2750 1192 2814 omni
1221 2751 1412 2816 modo
1441 2749 1880 2816 inuiolabilem
1910 2753 1977 2815 et
2008 2750 2643 2832 incoinquinabilem:

339 2856 458 2921 sed
499 2875 649 2921 cum
691 2856 1026 2938 coeperitis
1048 2860 1258 2922 cetera
1278 2876 1602 2940 exponere,
1634 2857 1933 2941 cogimini
1966 2876 2111 2922 eum
2150 2856 2643 2939 corruptibilem,

337 2961 806 3044 penetrabilem
867 2966 931 3026 et
987 2963 1520 3045 coinquinabilem
1577 2961 1880 3027 confiteri.
1946 2961 2157 3026 dicitis
2225 2962 2390 3026 enim
2455 2963 2643 3028 aliam

338 3068 566 3134 nescio
616 3088 808 3150 quam
854 3072 1109 3153 gentem
1156 3070 1556 3134 tenebrarum
1606 3069 1913 3133 aduersus
1971 3069 2072 3133 dei
2124 3088 2393 3152 regnum
2445 3070 2643 3135 rebel-

244 3210 300 3250 „
334 3176 548 3248 lasse;
624 3175 812 3240 deum
863 3179 1078 3241 autem
1126 3177 1623 3261 omnipotentem
1672 3195 1815 3242 cum
1866 3175 2131 3254 uideret,
2188 3179 2422 3258 quanta
2464 3177 2640 3241 labes

339 3285 410 3346 et
458 3283 738 3348 uastitas
802 3282 1139 3348 inmineret
1192 3284 1403 3368 regnis
1471 3284 1627 3356 suis.
1666 3282 1791 3348 nisi
1837 3281 2077 3365 aliquid
2121 3282 2421 3347 aduersae
2467 3286 2641 3368 genti

329 3389 692 3471 obponeret
747 3391 812 3453 et
867 3389 927 3454 ei
981 3388 1324 3467 resisteret,
1381 3390 1637 3454 misisse
1703 3389 1863 3454 hanc
1926 3389 2254 3466 uirtutem,
2321 3387 2397 3453 de
2454 3390 2637 3454 cuius
2756 3403 2760 3407 ’

519 3529 556 3580 2
593 3525 868 3581 INCIPIT
905 3526 1300 3583 AVGVSTINI
1336 3529 1764 3583 PRESBITERI
1801 3527 2191 3583 CATHOLICI
2222 3533 2345 3595 (om.
2376 3529 2487 3594 AS,
2534 3529 2638 3583 hoc

329 3633 472 3686 opus
513 3615 594 3668 sic
629 3616 822 3686 incipit
853 3617 922 3684 P)
964 3617 1152 3687 quinto
1191 3633 1302 3686 sqq.
1323 3618 1431 3685 fol.
1473 3619 1541 3672 10
1572 3617 1627 3670 Β
1653 3619 1763 3686 sol.
1795 3619 1863 3672 76
1890 3617 1947 3670 Ρ
1969 3618 2079 3685 fol.
2124 3618 2224 3671 160
2254 3617 2300 3672 S
2414 3619 2445 3671 3
2485 3623 2632 3672 sext>

327 3711 388 3760 et
428 3706 643 3788 quinto
661 3707 893 3775 scripsi:
930 3708 1119 3777 quinto
1161 3707 1251 3761 lib.
1293 3707 1324 3760 b
1471 3706 1721 3760 archadio
1762 3708 1854 3762 zib.
1895 3707 1927 3760 b
2001 3707 2035 3760 4
2075 3706 2276 3772 Quinto
2316 3723 2417 3761 om.
2446 3707 2633 3762 APSb

326 3803 364 3849 u
405 3802 468 3850 cc
510 3812 654 3850 cons.
695 3796 784 3861 (in
829 3812 930 3865 my.
978 3796 1109 3850 uiris
1159 3795 1469 3850 clarissimis
1520 3795 1851 3864 consulibus)
1893 3795 1947 3848 Β
1992 3797 2107 3848 uiro
2158 3794 2282 3848 clar.
2332 3795 2549 3849 consule
2590 3796 2637 3849 S

324 3885 471 3939 actis
511 3900 616 3938 om.
652 3883 840 3938 APSb
983 3884 1194 3954 habita]
1225 3889 1346 3938 acta
1375 3885 1525 3938 PSA
1554 3885 1745 3944 habita
1774 3892 1801 3938 e
1833 3885 1864 3938 b
1974 3886 2007 3938 5
2045 3883 2445 3937 manicheorum
2477 3884 2569 3937 zib.
2600 3883 2631 3937 b

324 3971 697 4044 presbiterum
726 3972 819 4026 hb.
961 3973 1341 4043 ipponensium
1370 3973 1424 4026 Β
1450 3975 1845 4043 ypponensium
1874 3973 1974 4027 PS
2010 3974 2213 4042 (ypon.)
2291 3973 2322 4025 6
2351 3971 2631 4041 regionum

323 4079 431 4116 om.
455 4059 506 4114 S
648 4061 786 4114 sossi
809 4061 900 4115 PS
1038 4061 1244 4132 populi]
1273 4062 1380 4132 ipsi
1400 4061 1446 4115 S
1517 4062 1546 4114 7
1577 4062 1913 4132 Augustinus
1943 4061 2099 4130 dixit]
2128 4060 2297 4116 om.A
2319 4059 2457 4114 dixit
2474 4077 2577 4115 om.
2598 4061 2629 4113 b

324 4151 520 4220 quam]
559 4156 698 4219 qnae
735 4149 789 4202 Β
827 4167 986 4220 quem
1023 4150 1118 4203 PS
1191 4151 1256 4205 10
1294 4149 2036 4220 Fortunatus—Augustinus
2074 4149 2231 4219 dixit]
2306 4149 2629 4230 augustinus

321 4257 470 4312 dixrt
500 4256 632 4324 (del.
661 4257 882 4324 m.1)B
909 4273 1011 4312 om.
1041 4257 1168 4312 SPb
1247 4258 1312 4310 12
1338 4256 1495 4311 nobis
1523 4273 1632 4310 una
1661 4256 1707 4311 S
1780 4257 1845 4311 13
1884 4255 2095 4310 credere
2135 4256 2455 4340 augustinus
2494 4255 2632 4309 dixit

323 4363 464 4429 (del.
503 4381 575 4416 m.
593 4367 650 4430 1)
689 4363 744 4416 Β
853 4364 920 4417 14
956 4368 1195 4418 nostram
1234 4363 1279 4416 S
1411 4363 1649 4416 heresem
1680 4363 1735 4416 Β
1840 4363 1904 4416 16
1943 4363 2158 4417 omnino
2199 4363 2276 4416 Sb
2396 4361 2463 4416 18
2500 4379 2625 4432 pro-

319 4451 474 4506 fiteri
513 4451 699 4505 APSb
801 4452 865 4505 21
908 4457 965 4518 et
1001 4453 1181 4523 reg-nis
1219 4453 1272 4506 Β
1417 4452 1631 4507 aduersi
1659 4453 1713 4505 A
1805 4454 1874 4506 22
1912 4453 2171 4519 mississet
2211 4454 2257 4518 (s
2297 4454 2389 4519 er.)
2430 4451 2485 4504 Β

2418 4555 2479 4608 6*
