3159 4984
286 1613 339 1652 1⁰

805 505 811 512 .
879 437 971 491 VI.
1029 437 1325 493 Contra
1378 439 1747 494 Faustum
1805 437 1938 492 lib.
1995 437 2198 492 XXIII.
2540 441 2670 504 715

378 633 613 716 quippe
661 633 829 716 apud
876 653 993 699 nos
1042 652 1165 700 non
1213 634 1451 699 habent
1496 634 1575 698 ad
1622 636 1741 700 has
1787 653 1888 699 res
1925 635 2134 698 ullum
2169 633 2420 717 pondus
2459 638 2676 699 aucto-

377 741 625 816 ritatis;
691 741 868 824 ipsae
926 744 1079 805 sunt
1136 741 1322 818 enim,
1383 760 1541 824 quas
1598 741 1827 824 recipit
1882 744 1947 805 et
1991 743 2170 805 tenet
2216 741 2490 805 ecclesia
2533 744 2670 807 toto

380 849 527 912 orbe
576 847 825 926 diffusa,
867 867 1027 930 quae
1073 867 1186 930 per
1229 847 1375 912 illas
1425 851 1527 912 est
1572 848 1763 912 etiam
1809 848 2189 932 prophetata
2255 851 2321 912 et
2375 847 2672 931 quemad-

376 954 640 1020 modum
685 955 1021 1038 promissa‚
1070 955 1163 1020 sic
1209 955 1475 1022 reddita.
1525 973 1598 1019 ac
1635 974 1748 1037 per
1783 955 1905 1020 hoc
1939 955 2125 1034 illud,
2165 955 2336 1037 quod
2374 954 2450 1020 de
2489 975 2676 1039 gene·

377 1061 618 1126 ratione
656 1062 894 1126 Mariae
932 1062 1211 1126 Faustus
1256 1062 1497 1144 posuit,
1538 1061 1707 1144 quod
1752 1064 1998 1144 patrem
2044 1061 2339 1126 habuerit
2385 1081 2456 1126 ex
2503 1061 2673 1126 tribu

376 1167 536 1232 Leui
598 1167 993 1234 sacerdotem
1059 1168 1372 1250 quendam
1437 1169 1693 1234 nomine
1756 1168 2061 1246 Ioachim‚
2121 1168 2494 1234 canonicum
2549 1187 2671 1234 non

379 1277 497 1350 est,
554 1295 679 1339 non
754 1295 855 1340 me
912 1275 1310 1358 constringit.
1379 1275 1491 1340 sed
1557 1275 1808 1340 etiamsi
1873 1277 1996 1340 hoc
2061 1275 2402 1350 crederem,
2459 1275 2674 1358 ipsum

376 1381 591 1464 potius
648 1382 933 1447 Ioachim
1001 1381 1277 1447 dicerem
1344 1382 1557 1466 aliquo
1620 1383 1813 1450 modo
1881 1383 1960 1446 ad
2013 1382 2225 1448 Dauid
2293 1383 2669 1467 sanguinem

377 1489 761 1572 pertinuisse
827 1492 893 1554 et
938 1489 1151 1572 aliquo
1197 1490 1389 1556 modo
1438 1509 1511 1554 ex
1554 1489 1729 1556 tribu
1764 1490 1926 1555 Iuda
1961 1491 2026 1554 in
2063 1489 2236 1554 tribu
2273 1489 2433 1552 Leui
2469 1489 2671 1554 fuisse

376 1596 772 1680 adoptatum,
829 1597 939 1661 uel
989 1597 1205 1680 ipsum
1259 1597 1369 1661 uel
1424 1597 1563 1662 eius
1621 1597 1896 1680 aliquem
1943 1598 2518 1679 progeneratorem,
2568 1597 2673 1660 uel

380 1707 547 1768 certe
594 1703 660 1767 in
708 1702 880 1767 tribu
928 1704 1085 1768 Leui
1130 1704 1224 1768 ita
1268 1707 1512 1780 natum,
1560 1708 1636 1768 ut
1682 1704 1759 1768 de
1808 1704 2004 1787 stirpe
2040 1702 2252 1768 Dauid
2300 1703 2676 1787 consangui-

380 1790 645 1874 nitatem
702 1810 981 1892 aliquam
1040 1810 1338 1874 duceret:
1404 1809 1576 1874 sicut
1631 1809 1766 1874 fieri
1818 1809 2109 1891 potuisse
2163 1809 2335 1874 idem
2389 1811 2670 1884 Faustus

377 1916 633 1994 fatetur,
690 1918 766 1980 ut
818 1916 1023 1981 Maria
1078 1917 1155 1982 de
1208 1917 1381 1981 tribu
1436 1917 1599 1982 Leui
1653 1919 1846 1994 esset,
1903 1935 2094 1999 quam
2149 1920 2362 1982 tamen
2421 1919 2675 1983 constat

379 2022 675 2086 traditam
741 2023 900 2100 uiro,
969 2024 1077 2106 qui
1140 2023 1335 2088 fuerit
1401 2023 1477 2088 de
1545 2022 1742 2106 stirpe
1796 2023 2031 2100 Dauid,
2088 2023 2155 2088 id
2212 2027 2312 2089 est
2367 2024 2443 2088 de
2498 2025 2673 2089 tribu

309 2151 336 2188 5
378 2117 573 2207 Iuda,
635 2133 699 2194 et
754 2129 911 2194 dicit
963 2130 1055 2195 ita
1108 2131 1397 2214 potuisse
1455 2130 1658 2213 accipi
1705 2129 2032 2196 Christum
2078 2131 2284 2196 filium
2331 2131 2562 2210 Dauid,
2612 2130 2667 2196 si

378 2236 579 2300 Maria
622 2236 755 2300 fflia
790 2236 1021 2320 Ioseph
1059 2236 1313 2302 fuisset.
1361 2237 1624 2320 proinde
1674 2237 1730 2302 si
1775 2237 1910 2302 filia
1954 2237 2184 2321 Ioseph
2235 2237 2562 2320 nupsisset
2606 2237 2671 2302 in

378 2342 547 2408 tribu
585 2342 763 2416 Leui,
812 2361 935 2408 non
982 2343 1254 2409 absurde
1303 2343 1621 2408 diceretur
1667 2344 1859 2408 etiam
1904 2343 2076 2408 filius
2115 2344 2343 2422 Dauid,
2384 2345 2673 2426 quisquis

381 2448 457 2511 de
521 2449 637 2513 illa
694 2451 759 2513 et
812 2448 876 2514 in
933 2449 1104 2513 tribu
1159 2450 1318 2515 Leui
1375 2454 1563 2516 natus
1638 2450 1888 2515 fuisset.
1954 2449 2045 2514 ita
2109 2451 2164 2515 si
2229 2454 2432 2516 mater
2492 2451 2671 2516 illius

378 2555 681 2634 Ioachim‚
730 2575 920 2638 quem
967 2560 1213 2639 patrem
1248 2556 1487 2622 Mariae
1524 2557 1805 2623 Faustus
1855 2566 2329 2637 commemorat,
2378 2556 2454 2622 (10
2500 2557 2672 2622 tribu

376 2663 537 2727 Iuda
583 2666 649 2727 et
692 2681 921 2748 genere
968 2664 1179 2728 Dauid
1233 2664 1455 2748 nupsit
1507 2666 1571 2728 in
1628 2665 1800 2729 tribu
1845 2665 2025 2740 Leui,
2083 2684 2207 2730 non
2261 2665 2558 2729 inmerito
2608 2669 2674 2729 et

378 2769 661 2834 Ioachim
710 2774 775 2835 et
817 2770 1021 2835 Maria
1069 2774 1133 2836 et
1176 2771 1348 2836 filius
1394 2771 1633 2836 Mariae
1681 2772 1874 2836 etiam
1920 2771 2012 2838 sic
2062 2791 2133 2836 ex
2169 2770 2382 2837 Dauid
2428 2771 2669 2836 semine

378 2878 691 2943 ueraciter
734 2877 1167 2962 perhibentur.
1234 2879 1356 2944 hoc
1406 2899 1553 2964 ergo
1618 2879 1836 2962 potius
1892 2879 2002 2943 uel
2055 2879 2186 2943 tale
2245 2878 2485 2960 aliquid
2543 2899 2671 2944 cre-

380 2984 620 3061 derem,
691 2985 747 3049 si
809 2985 992 3051 illius
1058 2977 1453 3070 apocryphae
1520 2983 1901 3070 scripturae,
1969 2987 2082 3051 ubi
2144 2986 2430 3054 Ioachim
2492 2991 2673 3071 pater

377 3089 615 3155 Mariae
652 3091 909 3175 legitur,
940 3092 1321 3158 auctoritate
1359 3090 1692 3169 detinerer,
1727 3111 1915 3175 quam
1953 3091 2208 3157 mentiri
2246 3093 2671 3176 euangelium,

378 3197 441 3261 111
491 3216 615 3280 quo
664 3197 971 3281 scriptum
1021 3200 1120 3262 est
1156 3201 1222 3262 et
1256 3199 1473 3264 Iesum
1513 3199 1838 3264 Christum
1885 3198 2091 3263 filium
2140 3198 2242 3262 dei
2289 3199 2674 3264 saluatorem

378 3309 667 3370 nostrum
718 3324 789 3369 ex
836 3305 1077 3370 semine
1123 3305 1335 3371 Dauid
1382 3306 1736 3372 secundum
1784 3325 2036 3371 carnem
2083 3307 2150 3370 et
2191 3323 2305 3388 per
2356 3305 2673 3390 uirginem

378 3411 645 3476 Mariam
690 3414 1113 3494 procreatum.
1162 3412 1404 3478 sufficit
1449 3431 1599 3498 ergo
1646 3413 1850 3492 nobis,
1889 3413 2061 3496 quod
2099 3411 2469 3495 scripturae,
2509 3433 2670 3496 quae

306 3499 312 3517 ⁹
376 3517 501 3584 hoc
567 3518 788 3584 dicunt
851 3522 917 3583 et
980 3519 1212 3602 quibus
1279 3519 1618 3598 credimus,
1684 3522 1761 3585 ab
1825 3520 2106 3586 inimicis
2173 3520 2308 3586 suis
2365 3521 2441 3585 de
2497 3521 2676 3584 nulla

376 3627 651 3708 possunt
695 3625 977 3690 falsitate
1028 3626 1341 3692 conuinci.

448 3817 481 3869 2
516 3817 635 3887 ipse
672 3817 726 3870 L
832 3817 865 3871 3
892 3823 1024 3886 post
1060 3817 1257 3872 diffusa
1294 3835 1329 3871 n
1366 3835 1438 3874 er.
1468 3819 1520 3872 L
1663 3818 1761 3872 illa
1793 3818 1842 3872 Ο
1977 3818 2246 3889 propheta
2279 3818 2327 3872 0
2431 3820 2467 3872 4
2506 3835 2670 3889 gene-

375 3906 587 3960 ratione
628 3909 725 3974 (pr
756 3922 825 3960 110
853 3922 923 3960 m.
950 3921 1053 3961 rec.
1082 3906 1368 3976 superser.)
1403 3906 1452 3961 0
1554 3907 1588 3960 8
1617 3907 1882 3977 sanguine
1911 3907 1965 3960 L
2073 3907 2141 3962 10
2159 3908 2323 3975 pn'm.
2352 3907 2438 3962 1101
2467 3923 2510 3962 s.
2544 3909 2577 3962 Ζ.
2609 3908 2675 3964 0¹

376 3999 849 4065 progeneratorem
895 3999 1001 4064 (em
1047 3997 1109 4049 in
1155 4012 1265 4050 ras.
1314 4011 1381 4050 ex
1416 3997 1531 4063 11111)
1576 3995 1624 4050 0
1802 3997 1869 4050 12
1905 3996 2022 4050 fieri
2057 4012 2162 4051 om.
2201 3995 2304 4051 SG
2478 3997 2543 4050 15
2582 4013 2674 4051 ac-

378 4083 493 4154 cipe
530 4083 659 4137 PM
688 4084 927 4154 accipere
956 4084 990 4137 b
1096 4091 1227 4154 post
1260 4084 1444 4140 Dauid
1482 4086 1577 4154 leq.
1615 4085 1783 4140 fuisse
1817 4087 1882 4139 in
1915 4084 2228 4142 LPSMGb
2358 4085 2674 4140 si—fuisset

374 4188 477 4226 om.
514 4173 826 4228 LPSMGb
1008 4173 1075 4227 16
1110 4173 1321 4244 iosephi
1357 4173 1491 4228 1²³0
1630 4174 1924 4244 nupsisset]
1963 4175 2300 4244 ”nupsisset
2349 4174 2428 4243 (in
2466 4178 2560 4241 er.)
2601 4177 2668 4229 M

376 4261 707 4332 innupsisset
742 4261 844 4318 Sa
950 4261 1019 4315 22
1056 4261 1467 4332 perhiberentur
1506 4265 1586 4330 (re
1621 4279 1664 4318 s.
1705 4262 1763 4332 1.)
1800 4262 1876 4316 Μ
1977 4263 2046 4317 23
2086 4263 2409 4334 apocriphas
2445 4262 2670 4318 LSMG

377 4349 684 4420 apochryph
760 4349 808 4402 0
910 4351 979 4403 ‘25
1019 4355 1075 4403 et
1111 4366 1213 4405 om.
1258 4350 1335 4404 Cb
