3159 4984
949 464 1037 519 VI.
1096 464 1386 520 Contra
1441 464 1810 519 Faustum
1865 467 1994 522 lib.
2051 467 2223 521 XXII.
2598 471 2727 535 (527

428 659 664 723 frustra
717 661 918 746 igitur
963 663 1242 726 Faustus
1291 661 1370 726 ad
1417 661 1827 726 obiciendum
1875 661 1997 726 hoc
2045 663 2278 727 crimen
2327 663 2595 730 insanus
2640 665 2735 728 in·

431 766 614 830 siluit
659 771 989 850 tamquam
1034 767 1358 832 infidelem
1403 766 1725 832 Abraham
1771 767 2117 832 infideliter
2168 788 2457 853 arguens.
2527 774 2735 835 cetera

431 873 596 936 enim
648 874 955 939 caecitate
1003 895 1127 941 non
1178 874 1470 940 credendi
1519 893 1636 938 nec
1682 875 1892 939 ualuit
1926 875 2317 960 intellegere,
2356 877 2479 943 hoc
2516 882 2729 944 autern

428 982 690 1046 libidine
741 982 1172 1047 calumniandi
1219 983 1501 1066 neglexit
1546 984 1612 1046 et
1657 983 1889 1066 legere.

373 1109 400 1146 .·›
521 1091 624 1154 33.
695 1085 881 1168 Quod
937 1093 1152 1154 autem
1207 1089 1448 1154 iustum
1512 1092 1576 1153 et
1630 1089 1883 1153 fidelem
1940 1089 2145 1153 uirum
2196 1089 2582 1157 matrimonii
2628 1092 2732 1156 sui

426 1195 920 1261 infamissimum
997 1196 1484 1260 nundinatorem
1560 1195 1888 1278 appellans
1966 1197 2269 1261 auaritiae
2344 1216 2418 1262 ac
2489 1199 2732 1263 uentris

427 1321 620 1366 causa
667 1303 918 1367 duobus
964 1303 1226 1387 regibus
1274 1302 1646 1390 Abimelech
1699 1306 1764 1366 et
1808 1303 2121 1368 Pharaoni
2168 1303 2440 1369 diuersis
2486 1309 2730 1389 tempo·

425 1409 602 1473 ribus
669 1409 888 1474 Saram
954 1410 1287 1493 coniugem
1359 1427 1540 1474 suam
1611 1427 1891 1475 sororem
1956 1409 2316 1477 mentitum.
2386 1411 2533 1493 quia
2598 1416 2731 1476 erat

424 1517 868 1598 pulcherrima,
920 1517 981 1581 in
1032 1517 1440 1582 concubitum
1500 1515 1739 1580 adserit
1794 1516 2181 1594 uenditasse,
2231 1537 2353 1582 non
2404 1537 2508 1582 ore
2556 1539 2730 1584 uere-

337 1639 388 1677 10
427 1622 566 1688 dico
615 1642 652 1687 a
686 1623 1084 1706 turpitudine
1124 1627 1378 1707 separat
1414 1623 1837 1701 honestatem,
1878 1622 1991 1688 sed
2030 1643 2133 1688 ore
2170 1623 2482 1690 maledico
2520 1629 2725 1690 totum

422 1729 619 1793 uertit
663 1730 727 1794 in
778 1730 1034 1795 crimen.
1101 1729 1221 1795 hoc
1271 1729 1438 1794 enim
1503 1729 1794 1793 Abrahae
1849 1729 2092 1794 factum
2148 1731 2461 1796 lenocinio
2518 1732 2728 1797 simile

421 1835 698 1917 uidetur,
747 1837 859 1901 sed
905 1857 1029 1903 non
1076 1837 1444 1902 ualentibus
1491 1855 1562 1900 ex
1609 1836 1787 1901 illius
1834 1840 2126 1901 aeternae
2176 1837 2340 1920 legis
2398 1839 2639 1904 lumine
2690 1859 2725 1903 a

418 1943 699 2025 peccatis
748 1948 920 2008 recte
958 1944 1128 2008 facta
1166 1943 1560 2008 discernere:
1613 1943 1846 2024 quibus
1888 1946 1953 2006 et
1988 1945 2351 2009 constantia
2384 1946 2731 2028 pertinacia

419 2049 624 2113 uideri
687 2053 905 2133 potest
969 2054 1034 2116 et
1089 2051 1295 2115 uirtus
1362 2049 1635 2114 fiduciae
1700 2050 1933 2114 uitium
1987 2053 2251 2133 putatur
2304 2052 2605 2116 audaciae
2664 2057 2729 2117 et

330 2172 384 2210 1⁵
420 2175 856 2238 quaecumque
905 2157 1205 2222 similiter
1252 2156 1620 2222 obiciuntur
1675 2156 1859 2239 quasi
1914 2175 2037 2221 non
2084 2160 2257 2222 recte
2306 2159 2643 2240 agentibus
2691 2179 2727 2223 a

417 2282 538 2326 non
587 2267 758 2326 recte
808 2264 1233 2328 cernentibus.
1285 2283 1486 2345 neque
1537 2263 1707 2327 enim
1743 2262 2065 2327 Abraham
2112 2263 2355 2348 flagitio
2404 2266 2730 2330 consensit

415 2369 628 2434 uxoris
689 2370 953 2451 eiusque
1009 2369 1305 2434 uendidit
1362 2369 1772 2439 adulterium,
1831 2369 1945 2434 sed
2012 2371 2183 2434 sicut
2244 2370 2359 2434 illa
2419 2371 2725 2437 famulam

417 2494 596 2539 suam
645 2496 768 2542 non
816 2476 1067 2540 libidini
1113 2476 1330 2541 mariti
1376 2476 1689 2560 permisit,
1740 2475 1858 2541 sed
1906 2476 2115 2541 officio
2164 2477 2509 2560 generandi
2552 2479 2722 2543 ultro

416 2581 637 2646 intulit
689 2601 1092 2664 nequaquam
1149 2583 1406 2649 turbato
1465 2583 1683 2649 ordine
1742 2584 2036 2651 naturali.
2084 2584 2197 2647 ubi
2246 2585 2385 2648 eius
2432 2589 2721 2667 potestas

321 2703 378 2742 2⁰
417 2693 568 2759 erat.
635 2689 860 2753 iubens
925 2689 1142 2771 potius
1211 2690 1572 2754 oboedienti
1644 2708 1833 2771 quam
1902 2688 2133 2754 cedens
2201 2690 2717 2772 concupiscenti:

416 2795 507 2859 sic
558 2800 624 2860 et
667 2795 804 2879 ipse
855 2795 1194 2880 coniugem
1245 2800 1484 2860 castam
1535 2799 1602 2859 et
1648 2798 1824 2861 casto
1868 2795 2053 2860 corde
2094 2795 2215 2860 sibi
2255 2796 2717 2876 cohaerentem,

414 2901 489 2965 de
540 2903 724 2966 cuius
772 2902 1006 2980 animo,
1057 2903 1167 2966 ubi
1212 2903 1564 2986 pudicitiae
1622 2902 1831 2967 uirtus
1889 2902 2237 2980 habitabat,
2294 2903 2470 2967 nullo
2526 2904 2717 2969 modo

413 3009 764 3077 dubitabat.
803 3009 1012 3073 tacuit
1046 3028 1328 3084 uxorem,
1371 3009 1527 3073 dixit
1565 3027 1867 3076 sororem.
1907 3028 1986 3073 ne
2025 3028 2092 3072 se
2132 3009 2345 3073 occiso
2384 3010 2462 3074 ab
2501 3009 2717 3074 alieni—

411 3116 590 3198 genis
657 3120 846 3198 atque
910 3117 1102 3198 inpiis
1170 3118 1428 3199 captiua
1480 3116 1936 3199 possideretur,
1996 3119 2208 3181 certus
2265 3117 2342 3180 de
2400 3117 2515 3182 deo
2575 3136 2713 3192 suc,

317 3233 370 3272 2⁵
411 3221 578 3303 quod
624 3221 786 3286 nihil
833 3241 973 3285 eam
1019 3224 1202 3304 turpe
1253 3241 1327 3286 ac
1373 3221 1771 3305 flagitiosum
1816 3222 2064 3306 perpeti
2111 3222 2364 3287 sineret.
2415 3243 2531 3288 nec
2568 3243 2711 3288 eum

409 3328 566 3392 fides
615 3347 688 3392 ac
729 3347 875 3410 spes
916 3329 1180 3404 fefellit;
1231 3347 1502 3411 namque
1541 3329 1787 3393 Pharao
1827 3329 2085 3392 territus
2123 3329 2426 3394 monstris
2462 3331 2711 3395 multis·

407 3455 528 3516 que
585 3439 842 3518 propter
897 3455 1034 3498 eam
1093 3435 1278 3499 malis
1339 3435 1655 3512 adflictus,
1714 3435 1821 3499 ubi
1884 3436 2020 3500 eius
2075 3455 2331 3500 uxorem
2400 3436 2709 3502 diuinitus

405 3539 650 3617 didicit,
680 3541 986 3604 inlaesam
1019 3560 1162 3605 cum
1195 3540 1431 3606 honore
1469 3541 1784 3613 restituit;
1824 3540 2193 3605 Abimelech
2236 3545 2447 3606 autem
2487 3561 2709 3608 somno

403 3647 832 3711 commonitus
883 3651 948 3711 et
995 3648 1261 3713 edoctus
1313 3649 1615 3713 similiter
1660 3648 1830 3712 fecit.

582 3805 649 3856 29
690 3805 755 3857 cf.
796 3803 929 3858 Gen.
973 3807 1037 3858 12
1076 3811 1131 3858 et
1169 3807 1238 3858 20

478 3913 496 3962 l
529 3911 725 3964 frustra
746 3913 792 3979 (s
815 3927 857 3964 8.
881 3912 914 3966 1.
935 3928 1004 3965 m.
1033 3913 1048 3962 l
1082 3911 1235 3978 add.)
1264 3911 1310 3964 C
1417 3911 1759 3964 obitiendum
1789 3913 1837 3965 C
1908 3911 1936 3964 7
1960 3911 2221 3964 abimelec
2240 3910 2294 3963 L
2365 3911 2398 3963 8
2427 3927 2625 3966 saviram
2658 3911 2715 3980 (r'

401 4002 494 4064 er.)
520 3999 564 4052 G
660 4001 692 4052 9
722 3999 1039 4053 nendicasse
1070 3999 1100 4051 b
1239 3999 1476 4053 ueridico
1501 3999 1604 4054 SG
1708 4001 1775 4054 12
1806 4006 2022 4053 aeterne
2053 3999 2097 4054 8
2206 4001 2271 4052 14
2300 3998 2552 4052 audatiae
2579 3999 2709 4054 P¹0

403 4089 470 4140 15
487 4091 633 4158 recte
656 4090 726 4142 M
814 4090 880 4143 17
902 4089 1156 4159 eiusqu*e
1181 4092 1233 4154 (a
1253 4091 1345 4152 er.)
1367 4089 1418 4142 L
1505 4091 1567 4143 18
1599 4089 1881 4144 libidinem
1902 4089 2078 4144 LS¹G
2108 4088 2334 4142 libidine
2363 4089 2435 4158 (m
2466 4091 2559 4156 er.)
2581 4087 2701 4153 M‚b

397 4177 590 4232 marito
613 4178 643 4230 b
791 4179 960 4231 offitio
997 4177 1043 4231 0
1182 4178 1251 4231 20
1281 4178 1474 4232 cedens
1512 4185 1580 4246 (s.
1612 4181 1645 4232 Ζ.
1674 4197 1743 4232 m.
1776 4182 1840 4246 2)
1872 4179 1920 4232 C
2058 4178 2125 4232 21
2166 4177 2509 4231 coherentem
2544 4176 2701 4232 LSG

397 4267 466 4319 22
495 4265 754 4370 pudicitie
779 4268 822 4321 C
946 4269 1014 4321 ‘23
1051 4268 1248 4323 tacuit:
1287 4284 1500 4322 uxorem
1541 4269 1678 4322 dixit
1697 4269 1728 4322 b
1848 4269 1917 4320 26
1948 4267 2148 4337 pharao
2179 4267 2235 4336 (n
2264 4267 2359 4335 er.)
2380 4263 2427 4319 S
2458 4265 2608 4319 farao
2630 4267 2704 4320 M

397 4347 649 4446 2723&
686 4382 734 4435 0
837 4382 1220 4436 28111esam0
1317 4384 1723 4436 abime1ecLM
1845 4383 2051 4436 somnio
2082 4383 2122 4450 (i
2150 4399 2193 4436 s.
2226 4383 2285 4448 ι.)
2308 4379 2365 4446 s,
2396 4381 2488 4450 (m.
2524 4379 2697 4448 1?)L

2380 4487 2481 4540 40*
