3159 4984
269 1652 322 1691 10

270 2184 320 2223 15

265 2717 316 2758 2⁰

259 3252 312 3295 25

901 480 995 534 VI.
1053 480 1342 537 Contra
1396 480 1767 533 Faustum
1823 477 1954 531 lib.
2025 475 2111 530 VI.
2527 478 2665 541 287

365 677 634 762 fingunt,
679 680 744 745 in
795 700 902 745 eas
947 679 1346 745 infidelitatis
1403 681 1468 744 et
1522 677 1749 743 erroris
1805 675 2223 741 inmunditias
2279 673 2665 748 inciderunt,-

367 789 457 859 ut,
516 794 664 851 cuni
721 788 1118 853 detestantur
1173 785 1725 851 circumcisionem
1782 784 2007 859 carme,
2068 800 2259 864 quam
2305 780 2465 845 dixit
2509 799 2657 863 apo-

367 894 576 959 stolus
631 894 1111 979 signaculum
1167 892 1522 959 iustitiae
1578 891 1789 968 fidei,
1846 890 1911 953 in
1967 889 2127 973 ipsis
2182 892 2394 952 tamen
2444 905 2659 952 carna·

365 1000 536 1065 libus
597 1002 900 1066 membris
965 1000 1183 1066 diuina
1246 1000 1349 1065 dei
1404 999 1506 1065 sui
1558 998 1845 1063 membra
1904 996 2163 1062 credant
2215 995 2537 1078 conligata
2592 996 2662 1057 et

365 1107 694 1189 inquinata
739 1108 1024 1184 detineri,
1061 1109 1155 1184 ut,
1196 1126 1345 1172 cum
1383 1125 1635 1171 carnem
1670 1103 2043 1169 inmundam
2083 1102 2323 1179 dicunt,
2364 1104 2431 1166 et
2465 1101 2655 1165 deum

360 1212 496 1278 illic
545 1234 617 1278 ex
659 1218 858 1298 parte,
910 1233 1036 1297 qua
1079 1214 1170 1278 ibi
1213 1216 1486 1291 tenetur,
1541 1212 1919 1277 inmundum
1966 1211 2207 1275 factum
2255 1209 2463 1274 dicere
2510 1227 2657 1274 con·

360 1319 696 1401 pellantur,
728 1322 961 1405 quippe
1000 1340 1190 1404 quem
1227 1320 1520 1386 mundari
1559 1322 1847 1403 oportere
1885 1318 2214 1385 adserunt:
2257 1317 2427 1400 quod
2454 1316 2661 1381 donec

361 1426 491 1504 fiat,
540 1431 849 1510 quantum
895 1429 1031 1493 fieri
1075 1428 1376 1512 potuerit,
1424 1428 1679 1491 interim
1726 1444 1893 1490 nunc
1942 1444 2090 1490 eum
2136 1422 2381 1507 perpeti
2419 1421 2651 1499 omnia,

360 1552 522 1617 quae
587 1552 804 1600 carnes
859 1536 1210 1619 patiuntur,
1269 1555 1394 1600 non
1447 1537 1697 1599 tantum
1754 1533 1819 1597 in
1872 1533 2088 1598 labore
2145 1533 2211 1595 et
2275 1530 2489 1595 dolore
2546 1528 2653 1591 ad·

362 1640 716 1706 flictionum
773 1642 885 1709 sed
933 1643 1126 1707 etiam
1171 1642 1235 1706 in
1283 1642 1619 1725 uoluptate
1677 1639 2195 1724 corruptelarum.
2264 1637 2323 1702 ei
2376 1653 2660 1718 namque

359 1766 427 1811 se
486 1748 710 1814 dicunt
761 1768 1036 1832 parcere,
1096 1747 1265 1830 quod
1319 1768 1442 1814 non
1511 1748 1963 1823 concumbunt,
2030 1764 2108 1809 ne
2164 1744 2349 1810 nodis
2405 1742 2656 1808 carneis

359 1855 557 1920 artius
602 1856 944 1939 inplicetur
989 1859 1054 1920 et
1099 1855 1418 1921 sordidius
1463 1855 1851 1937 inquinetur.
1909 1872 2056 1919 cum
2113 1870 2262 1936 ergo
2318 1850 2649 1933 apostolus

359 1962 558 2028 dicat:
599 1963 846 2027 omnia
881 1962 1153 2026 munda
1189 1962 1512 2039 mundis,
1551 1962 1773 2044 utique
1812 1960 2201 2035 hominibus,
2232 1956 2343 2040 qui
2376 1958 2651 2041 possunt

354 2069 417 2133 in
457 2068 734 2134 deterius
772 2069 1125 2134 uoluntatis
1161 2068 1582 2153 peruersitate
1620 2066 1873 2143 mutari,
1915 2069 2153 2149 quanto
2190 2059 2397 2148 magis
2436 2062 2651 2129 omnia

361 2176 597 2240 munda
642 2178 793 2240 sunt
839 2176 977 2253 deo,
1036 2176 1146 2259 qui
1201 2195 1451 2259 semper
1493 2173 2039 2241 incommutabilis
2088 2175 2153 2236 et
2195 2168 2649 2236 incontamina-

355 2282 503 2347 bilis
550 2284 928 2365 permanet?
994 2282 1072 2347 de
1130 2283 1313 2348 cuius
1371 2282 1685 2366 sapientia
1739 2282 1953 2345 diuine
2002 2279 2246 2345 dictum
2292 2281 2393 2343 est
2437 2277 2503 2341 in
2552 2276 2655 2341 eis
2700 2334 2703 2338 .

353 2390 564 2467 libris,
640 2409 800 2472 quos
863 2388 1376 2473 reprehendendo
1440 2388 1889 2453 uehementius
1953 2384 2398 2469 inquinamini,
2473 2382 2643 2465 quod

353 2496 551 2560 nihil
595 2496 1076 2579 inquinatum
1122 2496 1194 2560 in
1245 2514 1400 2559 eam
1455 2494 1787 2559 incurrit
1842 2497 1917 2559 et
1974 2492 2308 2576 adtingit
2360 2492 2651 2574 ubique·

352 2604 664 2687 propter
737 2622 944 2668 suam
1017 2602 1485 2669 munditiam.
1563 2605 1975 2684 quapropter,
2048 2619 2083 2665 o
2150 2599 2643 2664 inmundissima

355 2709 627 2785 uanita8‚
663 2709 836 2773 itane
885 2708 1182 2793 displicet
1225 2708 1345 2773 tibi
1387 2707 1453 2771 in
1499 2706 1784 2773 membro
1822 2708 2120 2785 humano,
2160 2707 2328 2772 unde
2365 2706 2643 2769 humana

351 2816 672 2899 generatio
726 2818 1134 2899 propagatur,
1202 2814 1458 2899 signum
1511 2813 2007 2899 regenerationis
2064 2814 2377 2878 humanae
2431 2812 2638 2887 illum,

353 2923 458 2987 cui
519 2922 758 2987 munda
822 2924 973 2987 sunt
1037 2922 1266 2995 omnia.
1325 2921 1514 2987 deum
1575 2921 1845 2987 iussisse
1922 2920 2225 2986 constitui
2310 2922 2377 2985 et
2428 2920 2644 3002 placet

351 3030 468 3094 tibi
517 3029 706 3095 etiam
754 3030 818 3093 in
863 3028 1146 3113 flagitiis,
1186 3048 1346 3112 quae
1392 3030 1504 3096 illo
1550 3029 1835 3095 membro
1884 3028 1961 3092 ab
2008 3028 2327 3112 inpudicis
2373 3026 2648 3093 homini-

349 3136 472 3201 bus
509 3139 969 3220 perpetrantur,
1005 3136 1220 3220 ipsum
1259 3135 1448 3201 deum
1485 3140 1797 3213 uestrum,
1838 3136 1942 3202 cui
1978 3136 2137 3200 nihil
2173 3138 2275 3201 est
2308 3134 2643 3209 mundum,

355 3262 426 3307 ex
464 3246 640 3325 parte
679 3262 832 3309 suae
870 3247 1131 3309 naturae
1171 3244 1596 3307 conmaculari
1634 3246 1824 3326 atque
1863 3243 2232 3326 corrumpi?
2281 3240 2437 3325 quid
2474 3241 2647 3305 eninr

346 3350 587 3432 patitur
631 3349 695 3413 in
742 3350 938 3414 uariis
983 3350 1276 3434 turpibus
1326 3350 1723 3435 corruptelis,
1785 3370 1976 3433 quem
2023 3349 2344 3435 coniugali
2390 3366 2651 3431 quoque

348 3455 694 3521 concubitu
740 3455 998 3521 creditis
1043 3456 1406 3539 inquinari?
1455 3456 1685 3522 audete
1732 3457 1857 3521 iam
1898 3456 2125 3533 dicere,
2168 3456 2339 3539 quod
2375 3455 2645 3521 soletisr

525 3645 557 3698 3
594 3646 749 3700 Rom.
786 3647 837 3711 4,
878 3648 944 3700 11
1057 3650 1123 3703 18
1163 3646 1288 3717 Sap.
1330 3647 1379 3709 7,
1420 3646 1490 3700 24
1529 3664 1609 3717 sq.

421 3772 444 3823 1
485 3770 838 3825 infidelitates
867 3769 921 3824 L
1065 3786 1265 3825 errores
1295 3770 1348 3823 L
1454 3770 1488 3823 2
1517 3769 1860 3825 detestentur
1892 3769 2059 3825 SGM
2205 3771 2379 3825 carnis
2410 3770 2634 3825 circum-

346 3859 601 3913 cisionem
639 3858 814 3913 SGM
968 3861 1003 3913 4
1037 3859 1274 3913 menbris
1310 3859 1365 3912 L
1525 3860 1558 3913 5
1587 3864 1721 3927 post
1758 3858 1990 3913 detineri
2025 3874 2139 3912 ras,
2183 3857 2232 3912 Ο
2380 3858 2411 3911 7
2452 3858 2634 3927 quem]

346 3965 482 4018 quae
529 3946 583 4001 L
762 3948 1021 4003 adserunt
1069 3948 1134 4002 0¹
1282 3948 1315 4002 8
1370 3949 1656 4019 perpetills'
1711 3947 1759 4001 G
1933 3949 1965 4001 9
2021 3948 2369 4002 afflictionem
2418 3946 2631 4001 SM'G1

344 4038 706 4092 adflictionem
745 4036 797 4090 L
833 4037 1186 4092 afflictionum
1231 4036 1298 4091 0²
1485 4039 1549 4090 11
1590 4036 1954 4091 concumbunt
1992 4038 2111 4109 (con
2147 4052 2191 4090 s.
2233 4038 2267 4090 l.
2309 4053 2347 4089 a
2380 4053 2448 4091 m.
2488 4039 2547 4103 2)
2590 4035 2637 4090 S

349 4126 414 4179 16
441 4124 660 4196 diuinae
695 4124 747 4179 G
845 4124 916 4179 20
941 4124 1178 4180 membro
1211 4126 1256 4195 (r
1282 4140 1326 4179 s.
1357 4124 1392 4179 l.
1424 4142 1462 4178 a
1487 4142 1557 4179 m.
1590 4124 1647 4195 2)
1676 4123 1731 4178 L
1840 4124 1905 4177 21
1936 4125 2171 4179 humane
2198 4123 2253 4177 L
2354 4125 2423 4178 25
2450 4140 2546 4177 sue
2575 4123 2628 4176 L

341 4214 665 4269 cumaculari
710 4213 758 4268 0
931 4215 999 4267 27
1045 4214 1210 4268 audet
1247 4214 1413 4269 etiam
1452 4213 1629 4268 dicere
1668 4213 1815 4284 quod
1852 4212 2042 4268 soletis
2081 4212 2394 4268 LPSG'Mb
2433 4211 2639 4266 audete

342 4302 448 4356 iam
497 4302 672 4357 dicere
722 4302 866 4373 quod
909 4303 1100 4357 soletis
1151 4303 1200 4357 0
1243 4304 1326 4369 (in
1370 4318 1538 4373 mary.
1588 4320 1657 4357 m.
1708 4319 1809 4357 rec.
1859 4301 1928 4357 ad
1984 4302 2042 4356 id
2097 4302 2204 4356 iam
2263 4302 2407 4371 quod
2456 4300 2639 4355 dicere

343 4392 546 4455 solatia,
584 4408 728 4462 quae
761 4398 840 4446 est
877 4392 990 4447 lect.
1030 4393 1109 4447 ed.
1148 4392 1474 4463 Maurinae)
