3159 4984
277 1612 329 1650 10

276 2142 327 2181 15

929 446 1020 499 VI.
1070 445 1359 500 Contra
1415 446 1782 500 Faustum
1840 446 1970 499 lib.
2028 446 2142 497 XX.
2537 449 2666 511 553

366 643 452 707 sit
496 638 677 725 panis
727 645 791 706 et
837 642 1021 721 calix,
1060 642 1439 706 alimentum
1479 645 1578 705 est
1613 641 1998 715 refectioniS,
2039 659 2163 706 non
2204 643 2671 705 sacramentum

367 748 719 833 religionis,
776 748 903 812 nisi
959 749 1129 831 quod
1182 749 1624 814 benedicimus
1681 749 2048 833 gratiasque
2105 748 2356 832 agimus
2416 748 2671 812 domino

365 857 429 919 in
480 855 653 921 omni
700 857 838 921 eius
893 874 1156 921 munere
1211 877 1335 922 non
1394 858 1604 921 solum
1663 856 1954 939 spiritali,
2009 874 2232 919 uerum
2292 854 2482 919 etiam
2541 874 2673 920 cor-

364 963 586 1044 porali.
653 963 841 1028 uobis
910 966 1125 1029 autem
1180 982 1295 1047 per
1348 964 1632 1027 fabulam
1689 965 1974 1027 uestram
2028 963 2094 1028 in
2153 962 2318 1027 escis
2377 961 2672 1026 omnibus

371 1068 667 1133 Christus
713 1069 953 1152 ligatus
1011 1068 1352 1152 adponitur
1408 1069 1617 1133 adhuc
1671 1068 1970 1152 ligandus
2025 1068 2260 1133 uestris
2317 1068 2672 1132 uisceribus

368 1175 844 1257 soluendusque
890 1175 1272 1240 ructatibus.
1340 1196 1487 1239 nam
1534 1180 1601 1240 et
1647 1195 1792 1239 cum
1840 1174 2265 1253 manducatiS,
2327 1174 2426 1238 dei
2473 1164 2676 1239 uestri

369 1282 724 1347 defectione
789 1301 909 1349 uos
974 1282 1277 1362 reficitiS,
1347 1287 1412 1347 et
1478 1302 1626 1349 cum
1692 1283 2019 1368 digeriti3‚
2088 1283 2266 1347 illius
2332 1284 2675 1347 refectione

369 1388 661 1455 deficitis,
711 1407 856 1452 cum
906 1389 1074 1453 enim
1120 1408 1240 1454 uos
1287 1390 1511 1472 plenos
1548 1389 1780 1468 reddit,
1819 1389 2169 1473 resumptio
2209 1392 2426 1453 uestra
2459 1390 2672 1473 ipsum

365 1495 617 1579 premit.
659 1496 831 1577 quod
868 1495 1125 1577 quidem
1162 1495 1636 1561 misericordiae
1675 1496 2104 1578 deputaretur.
2146 1495 2396 1577 quando
2435 1494 2676 1577 aliquid

370 1622 482 1686 pro
529 1602 717 1667 uobis
764 1603 1007 1686 patitur
1050 1602 1115 1667 in
1162 1603 1373 1683 nobie,
1421 1603 1548 1668 nisi
1594 1622 1713 1668 uos
1750 1622 1971 1668 rursus
2010 1602 2230 1667 inanes
2266 1602 2672 1684 relinqueret.

366 1712 444 1773 ut
488 1728 525 1773 a
568 1709 757 1774 uobis
802 1709 1110 1774 liberatus
1161 1709 1488 1794 effugeret.
1539 1709 1858 1792 quomodo
1907 1728 2056 1793 ergo
2106 1728 2410 1792 conparas
2448 1726 2675 1792 panem

368 1819 435 1881 et
481 1816 749 1881 calicem
796 1819 1087 1881 nostrum
1137 1819 1203 1879 et
1246 1836 1465 1899 parem
1511 1816 1888 1901 religionem
1938 1816 2096 1881 dicis
2155 1836 2424 1881 errorem
2486 1817 2674 1899 longe

369 1942 406 1986 a
452 1924 725 1987 ueritate
772 1922 1123 1988 discretum
1170 1923 1355 2006 peius
1405 1922 1726 2007 desipiens
1776 1942 1962 2006 quam
2021 1923 2333 2000 nonnulli,
2393 1923 2502 2004 qui
2557 1940 2672 1987 nos

368 2030 627 2112 propter
670 2047 901 2112 panem
949 2032 1015 2093 et
1062 2030 1326 2095 calicem
1378 2030 1672 2095 Cererem
1721 2050 1796 2095 ac
1841 2031 2143 2095 Liberum
2201 2030 2408 2095 colere
2467 2030 2674 2094 existi-

369 2138 597 2199 mant?
666 2136 836 2217 quod
880 2135 1025 2201 ideo
1076 2137 1706 2205 commemorandum
1752 2137 1999 2220 putaui,
2055 2140 2131 2201 ut
2183 2136 2552 2214 aduertatis,
2603 2154 2675 2200 ex

370 2261 495 2324 qua
548 2244 835 2307 uanitate
892 2242 1115 2311 ueniat
1169 2242 1361 2307 etiam
1418 2244 1581 2308 illud
1637 2248 1948 2322 uestrum,
2007 2244 2179 2326 quod
2232 2247 2490 2327 propter
2535 2245 2674 2307 sab-

365 2350 585 2413 batum
658 2349 927 2415 Saturno
996 2350 1243 2415 dicatos
1308 2351 1509 2415 fuisse
1575 2355 1788 2434 patres
1853 2355 2109 2417 nostros
2173 2351 2438 2435 putatis.
2507 2350 2676 2414 sicut

368 2456 534 2520 enim
574 2476 612 2519 a
650 2456 873 2522 Cerere
914 2460 979 2522 et
1004 2458 1231 2523 Libero
1269 2477 1658 2542 paganorum
1699 2458 1821 2522 diis
1858 2459 2046 2542 longe
2086 2459 2414 2536 absumus,
2455 2476 2674 2540 quam-

366 2562 468 2627 uis
514 2564 697 2646 panis
748 2566 813 2627 et
860 2564 1079 2629 calicis
1126 2568 1620 2643 sacramentum,
1658 2565 1829 2647 quod
1874 2566 1966 2628 ita
2009 2564 2344 2643 laudastis,
2382 2568 2460 2629 ut
2493 2566 2559 2629 in
2597 2583 2671 2628 eo

369 2668 555 2733 nobis
601 2687 786 2751 pares
836 2688 977 2734 esse
1024 2670 1385 2749 uolueritis,
1434 2674 1652 2735 nostro
1699 2672 1828 2735 ritu
1875 2672 2372 2754 amplectamurt
2429 2671 2523 2734 ita
2561 2686 2670 2753 pa-

367 2776 499 2839 tres
546 2776 749 2841 nostri
795 2777 987 2860 longe
1048 2776 1309 2841 fuerunt
1354 2796 1391 2840 a
1438 2777 1830 2842 Saturniacis
1887 2778 2148 2855 catenis,
2208 2777 2504 2859 quamuis
2559 2797 2670 2859 pro

371 2890 658 2965 tempore
703 2882 1075 2965 prophetiae
1124 2883 1375 2947 sabbati
1420 2884 1821 2948 uacationem
1872 2884 2374 2948 obseruauerint.

462 2992 564 3054 14.
635 2988 759 3053 Sed
827 3008 942 3053 cur
1004 3008 1129 3053 non
1189 2990 1381 3053 etiam
1438 2993 1696 3073 propter
1753 2991 1965 3074 hylen,
2025 3010 2188 3073 quae
2234 2991 2298 3054 in
2346 2990 2668 3055 nonnullis

366 3097 549 3161 libris
598 3115 989 3181 paganorum
1042 3097 1502 3180 frequentatur,
1560 3116 1776 3179 parem
1832 3118 1952 3163 uos
2008 3117 2154 3163 cum
2209 3098 2473 3181 paganis
2526 3097 2670 3161 reli-

368 3203 621 3287 gionem
659 3203 891 3267 habere
930 3203 1224 3268 dixistis?
1266 3204 1416 3285 quin
1452 3203 1650 3269 immo
1687 3206 1945 3286 propter
1974 3204 2094 3268 hoc
2131 3204 2416 3287 inparem
2453 3205 2668 3289 longe·
2757 3282 2762 3289 ί

368 3328 491 3391 que
558 3310 936 3375 dissimilem
1001 3310 1304 3375 uoluistis
1368 3310 1696 3395 intellegi,
1775 3311 1924 3393 quia
1995 3311 2118 3376 hoc
2193 3311 2454 3376 nomine
2519 3312 2672 3376 mali

368 3416 753 3499 principium
800 3434 875 3481 ac
920 3419 1213 3480 naturam
1257 3416 1602 3501 theologus
1651 3421 1868 3482 uester
1903 3418 2202 3501 appellat.
2249 3418 2314 3482 in
2363 3437 2488 3500 quo
2536 3419 2670 3502 qui·

373 3522 519 3586 dem
564 3522 863 3607 inperitia
906 3526 1124 3587 uestra
1168 3542 1403 3607 magna
1448 3522 1960 3606 deprehenditur,
2018 3523 2167 3605 quia
2221 3544 2338 3590 nec
2385 3525 2538 3606 quid
2587 3525 2671 3588 sit

366 3628 515 3711 hyle
562 3630 743 3694 scitis
792 3633 857 3694 et
902 3630 1025 3695 hoc
1068 3630 1160 3693 rei
1204 3629 1544 3708 uocabulO,
1585 3648 1777 3713 quam
1812 3631 2070 3714 penitus
2107 3631 2436 3714 ignoratis,
2477 3631 2668 3695 etiam

438 3891 469 3942 7
511 3888 813 3945 defectione
853 3893 929 3958 (m
966 3894 1059 3957 er.)
1092 3892 1143 3943 L
1342 3888 1563 3944 reficitis
1603 3892 1789 3959 (prim.
1828 3891 1848 3945 i
1885 3906 1952 3945 ex
1989 3890 2039 3960 e)
2083 3890 2132 3945 0
2246 3892 2277 3944 9
2319 3892 2530 3961 praemit
2557 3892 2668 3947 LG

368 3980 435 4033 14
472 3983 529 4033 et
564 3978 794 4034 liberum
835 3978 881 4033 S
1031 3977 1343 4033 existiment
1378 3979 1447 4047 (is
1491 3995 1534 4034 s.
1576 3980 1635 4041 Ζ.)
1674 3980 1927 4044 P,L¹SG
2041 3980 2105 4033 15
2145 3980 2579 4035 &memorandum
2617 3988 2668 4046 (c

364 4112 485 4164 sup.
524 4112 643 4164 exp.
691 4095 781 4167 qd)
828 4096 874 4149 0
1006 4168 1009 4171 ἢ
1056 4096 1122 4149 17
1158 4098 1286 4160 uro—s
1330 4094 1377 4149 0
1556 4095 1621 4148 18
1671 4094 1834 4165 longe
1885 4098 1950 4161 (8.
2000 4097 2058 4164 l.)
2100 4094 2146 4151 S
2322 4094 2392 4149 23
2444 4112 2582 4165 quur
2625 4095 2672 4149 G

362 4184 561 4239 finullis
600 4186 653 4252 (n
688 4200 731 4239 ε.
772 4184 807 4239 1.
848 4202 887 4239 a
920 4202 989 4239 m.
1028 4188 1081 4253 1)
1122 4183 1170 4238 S
1306 4184 1377 4238 25
1424 4184 1525 4238 hoc
1563 4198 1668 4239 om.
1715 4184 1762 4237 (7
1937 4184 2100 4255 longe
2138 4184 2194 4237 0
2333 4186 2404 4239 26
2449 4184 2668 4239 nomine

366 4284 458 4339 (no
505 4290 549 4328 ε.
599 4275 633 4328 Ζ.
683 4292 721 4327 a
764 4290 833 4328 m.
882 4278 930 4341 1)
989 4272 1038 4327 Ο
1177 4272 1246 4327 28
1294 4272 1600 4343 imperitiae
1637 4272 1737 4326 Μι
1791 4274 2030 4343 imperiti
2075 4278 2292 4328 auestra
2335 4273 2388 4328 G-
2533 4273 2664 4343 dep-

362 4362 621 4417 henditur
658 4362 704 4415 0
809 4362 877 4415 29
915 4362 1079 4431 hylen
1122 4361 1173 4416 G
1309 4362 1526 4432 penitus
1569 4362 1622 4417 G
