3159 4984
473 454 604 519 360
1170 450 1221 503 S.
1279 449 1552 503 Aureli
1609 449 2032 518 Augustini

464 648 913 711 testamentum
965 646 1063 709 dei
1114 646 1339 710 circuit
1382 648 1518 711 toto
1578 645 1724 709 orbe
1781 647 2106 722 terrarum,
2164 646 2239 707 ut
2290 643 2355 707 in
2421 642 2542 707 fine
2598 645 2752 707 tem-

460 772 686 835 porum
752 772 938 828 mom,
1011 752 1359 817 nouissima
1421 751 1696 828 inimica,
1768 751 2129 815 destruatur
2193 752 2258 814 et
2313 768 2383 813 ex
2438 748 2751 833 inpiorum

463 858 811 942 perditione
884 859 1073 923 unica
1151 860 1376 923 domus
1448 862 1768 939 tamquam
1848 858 2038 921 unica
2099 856 2368 921 eeclesia
2427 855 2748 923 liberetur.

464 965 764 1028 mundata
810 984 845 1028 a
889 966 1279 1048 turpitudine
1326 964 1756 1029 fornicationis
1801 982 1912 1047 per
1956 963 2296 1028 fenestram
2333 962 2748 1030 confessionis

460 1075 525 1137 in
576 1074 879 1155 sanguine
925 1072 1334 1138 remissionis

544 1182 647 1245 32.
719 1180 948 1244 Uideat
1016 1184 1304 1262 tempora
1372 1179 1574 1261 primo
1640 1178 1924 1243 iudicum
1987 1181 2210 1261 postea
2271 1197 2514 1261 regum,
2581 1178 2748 1242 sicut

460 1286 588 1350 erit
633 1286 836 1369 primo
882 1286 1209 1363 iudicium,
1260 1286 1481 1349 deinde
1527 1288 1751 1368 postea
1793 1304 2092 1368 regnum;
2149 1284 2338 1366 inque
2383 1284 2540 1368 ipsis
2587 1287 2744 1349 tem-

457 1392 715 1475 poribus
781 1392 1065 1458 iudicum
1132 1395 1197 1457 et
1259 1411 1481 1476 regum
1543 1392 1776 1457 iterum
1840 1393 2026 1472 atque
2097 1390 2329 1454 iterum
2395 1391 2617 1456 multis
2682 1394 2748 1456 et

457 1499 653 1564 uariis
720 1499 925 1565 modis
994 1498 1316 1564 Christum
1383 1502 1447 1562 et
1513 1498 1846 1563 ecclesiam
1917 1497 2190 1581 figurari.
2268 1497 2408 1579 quis
2461 1492 2618 1561 'erat
2677 1498 2740 1561 in

458 1605 722 1671 Samson
782 1605 1041 1670 obuium
1096 1606 1345 1669 leonem
1400 1623 1650 1679 necans,
1709 1623 1854 1669 cum
1907 1604 2212 1687 petendae
2268 1603 2476 1668 uxoris
2543 1623 2734 1669 causa
2783 1620 2834 1659 ιο

464 1712 543 1776 311
591 1712 972 1796 alienigenas
1020 1712 1321 1787 tenderet,
1370 1710 1494 1775 nisi
1530 1711 1637 1792 qui
1677 1710 2008 1775 ecclesiam
2046 1713 2392 1775 uocaturus
2432 1730 2503 1774 ex
2540 1711 2739 1794 genti-

458 1819 579 1884 bus
628 1818 814 1882 dixit:
874 1818 1216 1902 gaudete,
1277 1818 1453 1899 quia
1510 1837 1644 1901 ego
1703 1818 1856 1881 uici
1913 1819 2340 1881 saeculum?
2409 1816 2560 1899 quid
2615 1816 2737 1881 sibi

455 1926 600 1989 uult
660 1926 723 1989 in
791 1944 893 1989 ore
958 1926 1162 2008 ipsius
1218 1925 1424 1989 leonis
1482 1925 1676 1989 occisi
1730 1925 1914 1989 fanus
1973 1927 2346 2001 exstructus,
2413 1923 2537 1988 nisi
2591 1924 2740 2006 qnia

463 2050 606 2096 ecce
674 2032 1099 2114 conspicimus
1164 2033 1340 2116 leges
1404 2032 1576 2114 ipsas
1639 2033 1818 2115 regni
1880 2032 2137 2106 terreni,
2207 2050 2365 2113 quae
2431 2031 2736 2095 aduersus

461 2137 784 2202 Christum
832 2141 975 2202 ante
1021 2139 1423 2213 fremuerant,
1470 2158 1638 2202 nunc
1683 2139 1810 2202 iam
1857 2142 2181 2222 perempta
2223 2138 2472 2202 feritate
2521 2137 2730 2202 dulce·
2777 2150 2826 2189 ¹5

450 2226 585 2307 'dini
667 2246 1071 2328 euangelicae
1143 2246 1593 2328 praedicandae
1669 2246 1860 2310 etiam
1931 2246 2325 2309 munimenta
2385 2245 2732 2327 praebere?

457 2350 609 2433 quid
657 2354 755 2415 est
799 2352 911 2414 illa
956 2352 1183 2415 mulier
1226 2352 1413 2434 plena
1456 2351 1724 2416 fiduciae
1762 2351 1967 2417 hostis
2003 2355 2290 2435 tempora
2321 2352 2496 2435 ligno
2534 2353 2732 2415 trans·

455 2457 655 2539 figens
695 2456 815 2520 nisi
853 2456 1008 2520 fides
1049 2457 1351 2523 ecclesiae
1391 2477 1573 2522 cruce
1607 2456 1842 2523 Christi
1878 2476 2072 2542 regna
2107 2458 2730 2540 diaboli-perimens?

456 2562 605 2643 quid
668 2563 881 2628 uellus
948 2564 1317 2647 conplutum
1384 2583 1527 2629 area
1590 2565 1759 2630 sicca
1824 2568 1888 2629 et
1949 2568 2173 2647 postea
2227 2566 2528 2648 conpluta
2591 2583 2734 2629 area

453 2670 620 2735 sicco
667 2671 903 2735 uellere
950 2670 1073 2735 nisi
1117 2671 1319 2753 primo
1366 2690 1491 2735 una
1537 2692 1693 2756 gens
1731 2674 2160 2737 Hebraeorum
2198 2673 2434 2737 habens
2483 2672 2731 2739 occulte
2769 2683 2822 2720 ²³0

457 2777 520 2841 in
570 2778 805 2843 sanctis
851 2778 1226 2859 mysterium
1274 2777 1393 2855 dei,
1454 2777 1623 2859 quod
1688 2781 1788 2842 est
1852 2778 2162 2855 Christus,
2224 2797 2346 2860 quo
2430 2778 2730 2861 mysterio

454 2884 633 2947 totus
682 2884 849 2948 orbis
895 2900 1142 2947 uacuus
1190 2884 1370 2946 erat?
1418 2902 1585 2946 nunc
1633 2886 1844 2947 autem
1889 2884 1953 2947 in
2001 2884 2508 2949 manifestatione
2553 2886 2730 2949 totus

457 2988 625 3053 orbis
670 2989 735 3053 id
782 2990 991 3063 habet,
1040 2990 1151 3053 illa
1196 2990 1467 3051 uacuata
1512 2990 1629 3053 est.

590 3230 622 3280 ‘2
645 3229 710 3282 cf.
734 3228 755 3280 Ι
780 3227 899 3313 Cor.
922 3230 1006 3296 15,
1028 3230 1097 3283 26
1208 3232 1274 3283 11
1307 3231 1371 3286 cf.
1390 3230 1509 3285 Iud.
1536 3236 1600 3285 14
1708 3233 1775 3286 12
1802 3233 1919 3287 Iob.
1951 3234 2034 3299 16,
2063 3234 2132 3288 33
2243 3235 2310 3288 13
2339 3235 2406 3290 cf.
2432 3234 2552 3289 Iud.
2585 3238 2664 3290 14.
2695 3239 2728 3289 8

452 3317 517 3369 17
548 3315 615 3370 cf.
646 3316 762 3370 Iud.
796 3319 846 3381 4,
875 3318 937 3369 21
1053 3318 1123 3372 20
1162 3320 1229 3373 cf.
1265 3318 1385 3373 Iud.
1425 3321 1474 3385 6,
1514 3320 1581 3373 37
1621 3338 1735 3391 sqq.

520 3470 539 3518 1
588 3446 748 3522 circui
785 3454 975 3523 LGM
979 3472 991 3504 ¹
1030 3470 1250 3524 circuito
1298 3470 1342 3523 (ἶ
1376 3473 1598 3525 circuire
1631 3472 1726 3525 M²
1763 3474 1950 3527 circuit
1987 3476 2018 3527 b
2161 3478 2338 3529 totum
2382 3478 2430 3531 0
2559 3478 2592 3531 3
2631 3492 2727 3531 313-

444 3557 609 3611 clesia
662 3559 709 3611 C
880 3558 1140 3612 liberetur
1194 3576 1294 3614 om.
1344 3561 1374 3613 b
1556 3562 1588 3613 5
1643 3564 1904 3632 sanguine
1952 3563 2005 3616 L
2183 3564 2214 3615 6
2271 3565 2527 3619 iudicium
2577 3565 2729 3619 L¹P¹

444 3663 631 3715 regum
670 3654 783 3714 (11111
820 3648 882 3700 im
916 3648 1051 3715 raa.)
1096 3647 1187 3703 OS
1217 3666 1437 3719 regnum
1482 3650 1534 3705 G
1568 3667 1782 3720 regaeum
1821 3660 1883 3719 (11
1921 3657 2014 3717 er.)
2053 3653 2198 3706 ML2
2325 3655 2356 3707 7
2384 3654 2621 3709 iudicum
2659 3654 2726 3707 0¹

440 3736 633 3802 postea
686 3750 787 3789 om.
852 3734 899 3787 G
1072 3752 1299 3805 regnum
1365 3738 1420 3807 (n
1483 3754 1526 3792 s.
1599 3739 1633 3792 Ζ.
1698 3756 1790 3793 um
1849 3742 1911 3793 in
1965 3748 2104 3809 rae.)
2163 3746 2206 3794 C
2373 3744 2570 3813 inquae
2616 3743 2726 3799 LG

448 3822 644 3891 inquae
710 3822 755 3877 S
812 3823 993 3893 inq'lss
1048 3825 1115 3877 M
1294 3826 1328 3879 8
1394 3826 1652 3881 iudicium
1707 3830 1782 3883 12²
1969 3848 2194 3900 regnum
2243 3832 2342 3887 SG
2394 3849 2612 3903 reg-um
2667 3834 2724 3899 (n

440 3928 508 3964 m.
550 3915 591 3964 2
628 3914 717 3979 er.)
756 3912 809 3965 L
846 3929 1031 3981 regum
1073 3918 1128 3979 (u
1163 3930 1233 3969 ex
1266 3932 1303 3968 11
1329 3916 1473 3984 fact.
1511 3923 1561 3971 et
1598 3934 1633 3970 u
1671 3910 1765 3981 εἷ’.)
1803 3918 1876 3971 Μ
2019 3924 2083 3973 10
2132 3938 2344 3975 sansom
2393 3922 2437 3975 Ο
2479 3922 2627 3977 sason
2673 3922 2722 3974 1,
2821 3973 2828 3979 .

442 4004 507 4055 11
560 4002 848 4056 aecclesiam
897 4002 943 4055 Ο
1082 4008 1367 4059 uocaturos
1415 4005 1477 4061 8¹
1620 4008 1685 4061 13
1732 4006 1887 4061 fabus
1938 4008 2154 4063 S²M¹G
2298 4012 2568 4065 extructus
2616 4010 2724 4065 CM

445 4092 509 4144 16
572 4091 895 4161 predicande
960 4092 1013 4145 L
1082 4092 1439 4163 predicandae
1504 4095 1549 4149 C
1753 4096 1973 4165 prebere
2047 4098 2141 4152 GL
2287 4100 2352 4153 17
2392 4099 2615 4154 fidutiae
2683 4101 2728 4153 ('

439 4181 674 4251 timpora
726 4180 866 4235 ΜΒ)
1072 4184 1140 4235 18
1194 4181 1463 4237 aecclesiae
1520 4184 1565 4237 C
1758 4186 1819 4239 19
1875 4186 2050 4240 uellus
2110 4189 2168 4254 (u
2223 4206 2288 4242 ex
2343 4189 2374 4242 b
2429 4206 2497 4243 m.
2555 4193 2615 4256 2)
2673 4190 2724 4242 L

439 4270 508 4321 ‘20
552 4268 751 4324 bellere
790 4270 863 4322 L¹
1027 4271 1201 4340 prima
1238 4270 1283 4324 Ο
1463 4272 1780 4327 hebreorum
1821 4274 1864 4327 G
2033 4276 2239 4331 occulte
2288 4278 2400 4349 (pr.
2440 4295 2466 4332 c
2503 4294 2544 4333 s.
2586 4278 2641 4347 l.)
2683 4278 2728 4331 C

440 4358 681 4412 occultae
717 4360 769 4411 L
