3159 4984
463 404 590 465 216
1165 401 1220 457 S.
1278 400 1549 453 Aureli
1606 398 2046 469 Augustini

553 594 656 655 19.
739 590 944 669 Quare
1013 591 1066 655 si
1132 590 1404 654 animam
1475 589 1711 655 totiens
1785 590 2163 657 mutabilem
2230 590 2368 656 siue
2436 593 2753 657 uariarum

469 697 874 761 uoluntatum
922 697 1109 762 turba
1156 696 1294 760 siue
1341 693 1701 759 adfectibus
1746 714 1857 777 pro
1905 712 2117 759 rerum
2165 696 2345 779 copia
2392 698 2498 760 uel
2543 697 2757 781 inopia

463 821 602 867 sese
641 802 1046 867 flectentibus
1079 801 1216 867 siue
1246 801 1406 885 ipsis
1436 800 2007 865 innumerabilibus
2036 801 2206 867 ludis
2234 802 2753 886 phantasmatum
2800 831 2805 841 ·

464 908 599 973 siue
648 908 973 989 obliuione
1023 910 1088 973 et
1131 907 1439 973 memoria
1485 907 1625 971 siue
1673 906 1959 971 doctrina
2006 910 2071 971 et
2114 907 2446 991 inperitia:
2504 909 2561 975 si
2606 929 2754 995 ergo

463 1015 766 1093 animam,
833 1018 908 1079 ut
972 1015 1125 1093 dixi,
1191 1015 1292 1080 his
1359 1018 1548 1099 atque
1614 1014 1981 1079 huiusmodi
2054 1015 2443 1080 motionibus
2518 1017 2753 1081 totiens
2816 1037 2844 1077 5

461 1123 836 1187 mutabilem
884 1122 1082 1188 sentis
1131 1142 1253 1207 non
1291 1122 1560 1186 diffundi
1600 1120 1973 1204 extendique
2011 1142 2122 1204 per
2155 1124 2353 1200 locos,
2394 1124 2505 1187 sed
2546 1125 2757 1189 omnia

461 1230 616 1293 talia
677 1230 885 1313 spatia
937 1231 1260 1313 potentiae
1317 1230 1665 1294 uiuacitate
1724 1248 2039 1312 superare,
2098 1230 2249 1312 quid
2304 1230 2383 1294 de
2439 1231 2579 1313 ipso
2639 1231 2754 1297 deo

463 1335 872 1419 cogitandum
923 1339 1034 1399 aut
1081 1334 1567 1400 existimandum
1618 1337 1735 1399 est.
1785 1335 1894 1416 qui
1933 1353 2123 1417 supra
2160 1354 2377 1400 omnes
2412 1336 2752 1401 rationales

464 1446 709 1506 mentes
747 1442 1168 1507 inconcussus
1208 1444 1396 1523 atque
1433 1440 1977 1506 incommutabilis
2013 1460 2275 1506 manens
2312 1441 2555 1520 tribuit,
2585 1442 2751 1525 quod

461 1549 690 1632 cuique
755 1549 1164 1614 tribuendum
1233 1551 1381 1613 est?
1449 1568 1638 1630 quem
1703 1548 1955 1613 facilius
2023 1547 2234 1629 eloqui
2298 1547 2491 1612 audet
2544 1549 2753 1613 anima
2789 1568 2843 1607 ιο

455 1674 646 1737 quam
694 1656 933 1733 uidere,
986 1659 1050 1720 et
1096 1675 1286 1739 quem
1323 1658 1498 1721 tanto
1539 1654 1750 1719 minus
1791 1653 2129 1736 eloquitur,
2169 1657 2401 1736 quanto
2440 1654 2747 1720 sincerius

453 1762 670 1827 uidere
718 1762 1018 1847 potuerit.
1069 1762 1177 1845 qui
1224 1766 1458 1839 tamen,
1508 1762 1583 1837 si,
1634 1764 1708 1825 ut
1742 1761 2259 1827 Manichaeorum
2303 1762 2751 1844 phantasmata

365 1850 373 1864 ’
453 1870 882 1951 perstrepunt,
939 1868 1224 1933 locorum
1286 1886 1356 1931 ex
1411 1886 1537 1930 una
1592 1869 1769 1949 parte
1837 1864 2274 1944 determinate,
2334 1886 2403 1931 ex
2462 1867 2603 1933 aliis
2656 1868 2749 1932 in-

457 1994 676 2039 menso
757 1974 962 2057 spatio
1037 1971 1428 2047 tenderetur,
1506 1972 1943 2056 quantaelibet
2005 1973 2068 2037 in
2136 1992 2209 2039 eo
2273 1974 2621 2058 particulae
2686 1977 2751 2039 et

456 2080 941 2145 innumerabilia
994 2079 1200 2143 frusta
1254 2079 1378 2143 alia
1431 2080 1690 2157 maiora,
1748 2080 1873 2143 alia
1926 2080 2172 2145 minora
2231 2100 2344 2164 pro
2412 2080 2747 2165 cogitantis
2788 2101 2839 2140 ιο

460 2187 718 2251 arbitrio
765 2187 1163 2264 metirentur,
1211 2190 1286 2251 ut
1333 2186 1648 2269 bipedalis
1696 2186 1760 2250 in
1810 2206 1882 2252 eo
1930 2187 2113 2252 uerbi
2157 2188 2361 2271 gratia
2412 2207 2557 2272 pars
2607 2191 2748 2253 octo

456 2292 744 2376 partibus
790 2292 996 2358 minor
1041 2296 1214 2359 esset
1261 2312 1450 2374 quam
1499 2293 1987 2377 decempedalis
2036 2294 2103 2357 id
2150 2294 2315 2357 enim
2354 2314 2613 2359 necesse
2654 2298 2753 2361 est

460 2399 790 2483 contingat
836 2400 1130 2464 omnibus
1179 2400 1441 2476 naturis,
1483 2418 1645 2483 quae
1692 2420 1803 2484 per
1848 2400 2003 2464 talia
2052 2402 2259 2485 spatia
2305 2400 2568 2465 diffusae
2614 2401 2750 2465 ubi-

459 2525 580 2587 que
617 2509 790 2570 totae
829 2525 970 2571 esse
1012 2526 1136 2571 non
1192 2509 1486 2590 possunt,
1537 2508 1707 2590 quod
1744 2508 1809 2571 in
1846 2508 1987 2591 ipsa
2024 2508 2233 2572 anima
2270 2527 2393 2572 non
2430 2508 2753 2573 inuenitur

463 2616 527 2676 et
573 2612 650 2675 ab
699 2612 812 2691 eis,
862 2614 969 2696 qui
1013 2614 1170 2679 haec
1219 2614 1614 2679 considerare
1662 2634 1783 2679 non
1832 2615 2069 2692 ualent,
2109 2615 2474 2680 deformiter
2520 2613 2595 2678 de
2642 2614 2753 2677 illa
2786 2629 2842 2668 το

461 2722 526 2782 et
569 2718 840 2800 turpiter
886 2718 1180 2782 creditur.

552 2826 656 2889 20.
724 2825 1174 2890 Uerumtamen
1234 2844 1379 2891 cum
1435 2826 1794 2891 carnalibus
1852 2826 2079 2892 animis
2136 2826 2405 2893 fortasse
2469 2847 2593 2892 non
2659 2826 2752 2891 sic

463 2931 778 3015 agendum
827 2935 945 3008 est,
997 2932 1110 2996 sed
1156 2932 1669 2999 descendendum
1720 2935 1818 2999 est
1862 2934 2076 3016 potius
2126 2933 2202 2998 ad
2250 2953 2469 2999 eorum
2517 2934 2752 3019 cogita-

464 3039 692 3115 tiones,
743 3038 850 3121 qui
897 3042 1188 3103 naturam
1235 3040 1669 3124 incorpoream
1719 3042 1783 3104 et
1823 3040 2177 3122 spiritalem
2237 3039 2571 3124 cogitando
2617 3058 2751 3123 per-

472 3144 654 3227 sequi
699 3147 802 3210 uel
852 3166 974 3211 non
1025 3146 1258 3211 audent
1311 3147 1420 3211 uel
1475 3145 1755 3211 nondum
1814 3147 2049 3223 ualent,
2107 3147 2197 3209 ita
2248 3150 2325 3211 ut
2377 3164 2493 3211 nec
2544 3145 2749 3229 ipsam
2783 3158 2839 3200 25

469 3251 921 3335 cogitationem
967 3272 1148 3318 suam
1197 3252 1416 3317 eadem
1465 3251 1847 3336 cogitatione
1895 3251 2293 3317 considerent
2330 3253 2393 3315 et
2427 3250 2752 3315 inueniant

467 3376 604 3421 eam
655 3359 828 3423 nullo
875 3360 1159 3424 locorum
1209 3359 1413 3443 spatio
1454 3358 1530 3423 de
1567 3358 1725 3441 ipsis
1762 3358 2045 3423 locorum
2085 3357 2307 3440 spatiis
2344 3357 2748 3423 iudicantem.

539 3606 562 3655 1
605 3600 654 3653 K
693 3602 758 3655 H
881 3602 1060 3655 anima
1113 3602 1160 3654 si
1205 3602 1236 3654 b
1360 3600 1527 3655 toties
1572 3599 1695 3654 HT
1798 3600 1831 3653 2
1870 3600 2176 3655 uolutatum
2203 3600 2255 3653 T
2378 3601 2659 3655 affectibus
2698 3602 2753 3654 P

465 3690 496 3743 3
534 3690 970 3761 phantasmatum
1019 3692 1246 3757 (matum
1295 3689 1426 3743 add.
1477 3706 1514 3741 a
1570 3690 1730 3751 corr.)
1782 3690 1849 3743 H
1888 3689 2275 3743 fantasmatum
2324 3688 2377 3741 V
2577 3694 2611 3745 4
2650 3692 2747 3745 sub

466 3778 742 3831 obliuione
806 3778 856 3831 V
896 3777 1274 3832 subobliuione
1323 3776 1412 3847 (ob
1459 3794 1502 3832 8.
1551 3778 1588 3831 l.
1646 3794 1684 3831 a
1744 3794 1812 3831 m.
1869 3777 1929 3847 2)
1984 3778 2053 3831 H
2194 3824 2197 3829 .
2260 3780 2295 3833 5
2341 3782 2507 3849 atque
2560 3780 2749 3835 huius-

464 3867 612 3920 modi
657 3883 758 3921 om.
807 3867 905 3921 VL
1085 3867 1118 3921 8
1167 3883 1327 3938 super
1373 3866 1402 3917 b
1486 3882 1492 3889 ·
1585 3867 1619 3919 9
1664 3865 1908 3921 tribuens
1954 3865 2057 3921 VL
2204 3868 2269 3923 12
2323 3868 2651 3925 fantasmata
2698 3870 2752 3922 P

468 3958 532 4009 15
569 3956 742 4009 frusta
769 3958 832 4026 (8.
863 3958 898 4011 Ζ.
929 3974 979 4010 ·1·
1009 3960 1211 4025 partes)
1244 3956 1324 4021 H,
1353 3958 1401 4026 (r
1427 3961 1557 4009 ante
1582 3972 1608 4008 s
1638 3957 1733 4021 er.)
1764 3954 1815 4009 T
1836 3954 2037 4011 frustra
2063 3955 2117 4010 V
2224 3958 2287 4011 16
2316 3958 2673 4013 mentirentur
2702 3958 2754 4011 V

469 4044 532 4099 18
570 4044 764 4098 diffuse
801 4043 852 4098 T
1030 4046 1095 4098 19
1133 4048 1250 4098 tote
1288 4043 1338 4098 T
1475 4043 1748 4099 inueniret
1784 4044 1889 4115 (ret
1922 4046 1986 4097 in
2020 4048 2153 4113 ras.)
2193 4045 2271 4113 H,
2285 4046 2386 4100 VL
2423 4046 2655 4100 inueniri
2692 4046 2747 4101 R

464 4134 536 4187 20
571 4135 648 4202 etl
684 4133 780 4188 sed
817 4135 866 4199 b,
905 4152 1006 4189 om.
1036 4134 1259 4188 HTOR
1476 4150 1620 4189 cone.
1668 4133 1802 4187 haec
1848 4150 1955 4187 non
2002 4135 2109 4189 nal.
2160 4134 2190 4187 b
2408 4135 2495 4206 de]
2544 4140 2599 4189 te
2649 4135 2749 4188 VL

467 4223 534 4275 23
592 4226 676 4275 est
730 4229 858 4277 ante
902 4224 998 4277 sed
1043 4240 1146 4279 om.
1203 4223 1255 4277 V
1465 4224 1647 4293 potius
1689 4227 1772 4277 est
1801 4224 1854 4277 V
2028 4224 2097 4277 24
2134 4224 2405 4295 persequi]
2444 4226 2625 4294 pot-ius
2664 4242 2747 4278 se-

469 4311 558 4381 qui
603 4310 660 4362 H
671 4310 951 4365 TVOSLb
1060 4312 1126 4365 27
1165 4312 1314 4365 nullo
1353 4328 1454 4366 om.
1485 4310 1580 4366 Hb
1728 4313 1903 4382 spatio
1948 4317 1997 4368 (o
2036 4314 2099 4365 in
2134 4316 2269 4377 ras.)
2312 4312 2373 4364 H
2409 4314 2589 4383 spatia
2626 4311 2656 4363 b
