3159 4984
993 478 1082 531 3³1.
1132 476 1425 532 Contra
1469 477 1844 530 Faustum
1892 474 2022 528 lib.
2075 475 2218 528 XVI.
2631 480 2754 541 451

453 674 592 756 ipso
628 672 881 738 Christo
932 672 1105 737 dicas
1152 670 1427 736 audisse.
1478 690 1625 736 ecce
1674 690 1790 737 nos
1841 674 2182 753 utrumque
2223 671 2569 741 credimus,
2611 671 2760 753 quia

456 780 788 863 euangelio
837 782 1057 845 sancto
1106 779 1443 857 credimus,
1491 779 1601 843 ubi
1647 782 1992 860 utrumque
2027 778 2340 861 scriptum
2385 780 2531 843 est:
2581 781 2645 841 et
2684 777 2759 842 de

456 886 709 952 Christo
756 886 1093 971 scripsisse
1128 886 1396 969 Moysen
1444 886 1510 949 et
1556 903 1797 961 omneS‚
1846 884 1954 967 qui
2002 887 2146 948 ante
2191 883 2524 949 Christum
2569 904 2756 949 uene-

452 998 620 1071 runt,
669 993 840 1058 fures
886 992 1088 1058 fuisse
1138 995 1202 1057 et
1246 994 1547 1057 latrones.
1618 991 1876 1055 uenisse
1939 992 2172 1073 quippe
2229 990 2320 1055 ita
2375 992 2522 1055 uult
2573 992 2756 1056 intel—

362 1120 389 1159 5
452 1101 603 1185 legi,
651 1099 802 1183 quia
845 1100 1030 1165 missi
1076 1119 1200 1165 non
1250 1102 1438 1175 sunt3
1488 1118 1635 1163 nam
1685 1099 1794 1181 qui
1841 1099 2026 1163 missi
2073 1100 2244 1173 sunt,
2287 1098 2462 1162 sicut
2497 1099 2756 1180 Moyses

453 1212 518 1271 et
562 1208 766 1273 sancti
811 1208 1173 1290 prophetae,
1222 1225 1346 1270 non
1395 1210 1540 1269 ante
1588 1205 1824 1288 ipsum,
1876 1204 1990 1269 sed
2039 1223 2185 1269 cum
2229 1205 2370 1287 ipso
2421 1206 2755 1277 uenerunt,

453 1313 601 1395 quia
644 1333 766 1378 non
816 1333 960 1378 eum
1006 1333 1120 1396 per
1165 1312 1529 1395 superbiam
1576 1310 1950 1393 praecedere
1997 1311 2364 1388 uoluerunt,
2440 1310 2554 1375 sed
2609 1330 2757 1375 eum

451 1439 562 1503 pei·
604 1420 780 1504 ipsos
833 1421 1202 1502 loquentem
1260 1418 1593 1482 humiliter
1647 1422 2091 1501 portauerunt.
2160 1435 2280 1482 uos
2349 1420 2588 1493 autem,
2645 1419 2756 1501 qui

449 1528 607 1591 haec
658 1527 856 1591 uerba
908 1527 1147 1592 domini
1204 1526 1297 1590 sic
1349 1525 1751 1609 intellegitis,
1811 1524 2166 1589 secundum
2227 1529 2523 1589 uestrum
2568 1526 2754 1590 intel·

363 1651 413 1691 10
446 1634 685 1697 lectum
752 1633 909 1698 satis
972 1633 1361 1698 confitemini
1426 1633 1640 1697 nullos
1705 1651 1827 1697 uos
1889 1631 2122 1696 habere
2192 1632 2573 1715 prophetas,
2643 1632 2752 1713 qui

447 1743 792 1805 uenturum
838 1738 1164 1805 Christum
1206 1739 1770 1822 prophetauerunt‚
1821 1741 1886 1803 et
1930 1738 2073 1803 ideo
2123 1738 2312 1803 uobis
2377 1758 2523 1802 eum
2581 1738 2752 1803 sicut

446 1846 769 1923 uoluistis,
814 1846 907 1910 ita
952 1846 1242 1913 finxistis
1312 1865 1455 1910 nam
1505 1846 1559 1909 si
1609 1845 1808 1927 aliqui
1855 1848 2008 1909 sunt
2055 1846 2276 1911 uestri.
2328 1846 2567 1927 quibus
2616 1845 2750 1928 qui-

445 1953 589 2017 dem
633 1956 966 2037 propterea
1008 1953 1168 2018 fides
1215 1953 1505 2017 habenda
1567 1972 1692 2017 non
1760 1956 1878 2029 est,
1938 1952 2088 2035 quia
2161 1952 2414 2017 nonnisi
2478 1971 2517 2015 a
2563 1952 2748 2017 uobis

440 2060 866 2143 proferuntur,
918 2064 1131 2124 tamen
1180 2060 1235 2124 si
1282 2058 1480 2142 aliqui
1538 2064 1710 2135 sunt,
1769 2078 1930 2141 quos
1989 2058 2198 2124 dicere
2256 2058 2550 2123 audeatis
2609 2078 2748 2141 pro-

357 2183 407 2222 ιε)
440 2166 737 2249 phetasse
769 2166 1092 2231 Christum
1118 2166 1283 2231 falsa
1312 2184 1495 2230 carne
1525 2168 1891 2234 uenturum.
1929 2166 2094 2231 falsa
2131 2168 2337 2230 morte
2381 2184 2746 2249 passurum,

443 2273 635 2338 falsas
696 2274 1023 2339 cicatrices
1080 2274 1525 2338 dubitantibus
1581 2273 1917 2356 discipulis
1976 2274 2368 2349 oblaturum,
2429 2292 2554 2336 non
2605 2258 2752 2337 dieo

443 2397 513 2442 ex
558 2379 680 2445 hoc
724 2380 887 2462 ipsc,
934 2398 1122 2462 quam
1183 2379 1314 2443 sint
1370 2378 1730 2443 detestandi
1787 2382 1977 2461 atque
2041 2376 2355 2461 fugiendi,
2430 2396 2744 2461 quamque

438 2503 561 2548 non
598 2485 850 2568 possint
886 2503 1028 2550 esse
1063 2504 1345 2561 ueraces,
1386 2485 1621 2567 quibus
1661 2485 1738 2549 de
1775 2478 2105 2550 mendacio
2149 2484 2444 2549 Christus
2492 2485 2738 2567 placet:

438 2594 512 2654 ut
554 2592 675 2657 hoc
721 2612 844 2657 non
892 2592 1120 2669 dicam,
1162 2596 1329 2657 certe
1376 2596 1453 2656 ut
1500 2592 1706 2657 dicere
1755 2610 2106 2676 coeperam,
2149 2590 2505 2656 secundum
2543 2591 2744 2654 istum

352 2718 405 2756 20
436 2698 836 2763 intellectum
882 2702 1172 2763 uestrum
1218 2700 1391 2764 fures
1438 2700 1701 2763 fuerunt
1759 2701 1821 2763 et
1875 2700 2178 2769 latrones,
2239 2697 2541 2780 quoniam
2598 2700 2743 2761 ante

437 2803 762 2869 Christum
808 2808 1140 2883 uenerunt,
1188 2806 1297 2888 qui
1346 2825 1492 2870 eum
1539 2809 1884 2870 uenturum
1934 2824 2185 2887 quoquo
2245 2803 2433 2869 modo
2499 2802 2740 2885 praedi-

440 2914 763 2974 cauerunt.
830 2929 1016 2993 porro
1084 2912 1140 2975 si
1202 2911 1312 2975 ille
1376 2910 1747 2976 intellectus
1817 2914 1916 2975 est
1979 2928 2192 2986 uerus,
2263 2912 2339 2974 ut
2403 2909 2528 2991 ipsi
2595 2911 2740 2971 ante

436 3015 757 3081 Christum
806 3019 1059 3083 uenisse
1106 3018 1418 3093 dicantur,
1461 3017 1568 3099 qui
1609 3036 1756 3081 cum
1797 3016 2070 3092 Christo,
2111 3016 2177 3080 id
2216 3018 2317 3082 est
2357 3034 2505 3080 cum
2543 3016 2738 3079 uerbo

434 3122 533 3186 dei
576 3124 794 3188 uenire
840 3126 1201 3202 noluerunt,
1251 3125 1363 3190 sed
1403 3143 1549 3189 cum
1589 3143 1700 3189 eos
1739 3144 1862 3188 non
1902 3123 2152 3188 miserit
2188 3122 2368 3198 deus,
2407 3123 2738 3187 mendacia

342 3248 394 3291 25
432 3248 549 3293 sua
610 3230 979 3297 hominibus
1046 3232 1449 3296 adtulerunt:
1516 3250 1637 3296 uos
1704 3250 1957 3314 quoque
2023 3231 2169 3314 ipsi.
2235 3230 2530 3313 quamuis
2585 3233 2735 3313 post

434 3335 670 3401 Christi
712 3338 1077 3421 passionem
1122 3342 1189 3403 et
1232 3338 1763 3403 resurrectionem
1819 3338 1883 3402 in
1941 3339 2061 3403 hoc
2117 3338 2356 3403 mundo
2417 3338 2556 3402 nati
2601 3338 2735 3401 fue-

428 3443 590 3516 ritis,
636 3444 809 3509 fures
857 3447 923 3508 et
965 3446 1245 3509 latrones
1296 3445 1471 3522 estis,
1532 3444 1701 3526 quia,
1759 3445 2133 3527 priusquam
2190 3463 2309 3509 uos
2372 3444 2511 3527 ipse
2573 3443 2734 3507 inlu-

428 3549 718 3615 minaret.
777 3554 851 3614 ut
896 3552 1234 3615 ueritatem
1308 3550 1513 3633 ipsius
1590 3550 2060 3633 praedicaretis,
2139 3570 2284 3615 eum
2369 3548 2734 3613 anteuenire

428 3656 752 3724 uoluistis,
798 3661 873 3720 ut
920 3660 1196 3721 uestram
1244 3658 1563 3721 fallaciam
1613 3657 1958 3722 iactaretis.

498 3846 531 3898 2
549 3848 874 3917 euuangelio
902 3848 949 3901 (J
1016 3851 1049 3900 4
1072 3847 1401 3917 intelle-giD
1480 3848 1511 3900 5
1543 3848 1671 3917 quia
1693 3850 1747 3915 (a
1769 3848 1898 3901 add.
1920 3866 1989 3902 m.
2014 3852 2073 3915 2)
2092 3848 2136 3902 S
2245 3849 2393 3901 missi
2419 3852 2538 3913 (sec.
2561 3866 2585 3901 s
2605 3863 2648 3901 s.
2671 3848 2726 3919 Z.)

428 3938 472 3989 si
496 3936 572 4009 (si⁸
580 3951 765 4005 paene
784 3935 875 4005 er.)
897 3937 969 3990 M
1075 3937 1106 3989 6
1140 3952 1258 3990 eum
1294 3936 1437 4006 (3.1.)
1466 3936 1513 3991 0
1616 3940 1651 3992 8
1677 3936 2058 4006 portafuerunt
2085 3936 2132 3991 0
2246 3940 2278 3989 9
2311 3936 2636 4005 intellegitis
2654 3937 2732 3991 L²

429 4025 491 4077 11
522 4024 983 4094 prophetauerunt
1015 4023 1094 4078 Cb
1120 4024 1569 4094 prophetauerint
1597 4022 1698 4079 Sc}
1811 4025 1874 4077 12
1905 4025 2073 4095 aliqui
2115 4028 2160 4095 (s
2192 4025 2286 4090 er.)
2316 4024 2370 4078 L
2408 4025 2606 4096 aliquis
2637 4030 2727 4095 (ev

426 4114 558 4167 add.
584 4130 653 4170 m.
683 4116 733 4175 2)
754 4114 865 4168 PG
893 4113 1091 4183 aliquis
1128 4116 1368 4167 uestrum
1400 4113 1431 4166 b
1507 4115 1574 4167 14
1613 4114 1828 4183 aliquis
1848 4115 1932 4169 uri
1969 4115 2174 4184 pphere
2203 4114 2279 4167 M
2391 4118 2519 4168 sunt
2555 4132 2659 4169 om.
2687 4116 2734 4170 ζ’

427 4218 559 4271 quos
582 4206 629 4263 (s
650 4218 715 4257 ex
742 4202 777 4256 d
804 4211 962 4269 corr.)
992 4202 1103 4257 CM
1176 4204 1242 4255 16
1274 4202 1579 4257 ablaturum
1593 4202 1660 4255 L¹
1744 4204 1808 4255 17
1838 4218 2143 4273 quamquae
2165 4202 2244 4255 L²
2320 4204 2385 4256 19
2417 4220 2660 4273 ceperam
2684 4205 2733 4260 0

422 4290 587 4344 istum
626 4308 728 4345 om.
768 4290 817 4345 S
919 4290 991 4346 20
1016 4290 1100 4344 uri
1132 4294 1219 4357 (ex
1246 4294 1383 4355 urm)
1424 4290 1471 4344 C
1566 4294 1739 4344 fussreS
1769 4290 1823 4344 L
1932 4292 1999 4345 24
2030 4291 2318 4344 uoluerunt
2346 4291 2431 4344 Lb
2540 4292 2610 4345 25
2639 4297 2722 4347 at-

422 4388 668 4441 tulerunt
701 4388 755 4441 L
864 4388 932 4441 28
970 4387 1322 4458 predicaretis
1367 4388 1415 4441 C
1556 4367 1677 4442 etim
1717 4368 1844 4442 a'nte
1883 4390 2064 4457 (stema-
2104 4388 2297 4456 adpo&
2338 4406 2406 4443 m.
2447 4391 2508 4449 2)
2547 4390 2598 4443 L

2549 4494 2647 4547 29*
