3159 4984
320 1621 372 1658 10

323 2152 373 2190 15

955 444 1041 498 VI.
1099 442 1390 499 Contra.
1443 442 1817 497 Faustum
1873 441 2002 496 lib.
2053 441 2167 497 XX.
2563 446 2686 510 551

408 645 693 727 poralem
762 643 953 707 simul
1022 645 1087 705 et
1139 642 1205 705 in
1265 640 1399 705 sole
1460 644 1525 703 et
1578 640 1644 703 in
1697 639 1854 703 luna
1907 643 1973 703 et
2025 638 2088 702 in
2149 658 2334 703 cruce
2392 658 2532 703 esse
2587 658 2710 703 non

408 753 647 833 posset.
714 748 976 832 proinde
1029 748 1083 813 si
1134 767 1361 831 corpus
1408 766 1533 811 non
1580 746 1827 823 habuit,
1875 765 2000 810 non
2062 749 2162 810 est
2218 746 2594 822 crucifixus;
2656 747 2712 811 si

410 859 625 920 autem
676 855 921 933 habuit,
974 874 1227 937 quaero,
1278 854 1445 919 unde
1492 853 1808 923 habuerit,
1869 872 2012 917 cum
2070 854 2283 917 omnia
2328 873 2592 936 corpora
2637 874 2708 917 ex

406 964 811 1027 tenebrarum
860 965 1049 1047 gente
1098 981 1239 1027 esse
1288 962 1535 1039 dicatis,
1595 962 1890 1044 quamuis
1947 961 2371 1025 substantiam
2431 960 2708 1025 diuinam

411 1070 689 1154 cogitare
748 1070 871 1135 nisi
929 1088 1293 1152 corpoream
1348 1087 1697 1151 numquam
1751 1066 2106 1133 ualueritiS.
2174 1067 2342 1131 unde
2407 1068 2710 1150 cogimini

410 1180 525 1240 aut
580 1177 714 1240 sine
775 1196 1037 1259 corpore
1094 1176 1301 1241 dicere
1360 1174 1726 1239 crucifixum
1775 1210 1862 1221 --
1909 1194 2033 1256 quo
2091 1173 2428 1237 absurdius
2487 1178 2551 1238 et
2607 1173 2708 1239 de—

408 1283 689 1347 mentius
738 1283 864 1347 dici
908 1284 1069 1347 nihil
1114 1286 1334 1366 potest
1373 1320 1435 1329 —
1496 1285 1608 1347 aut
1653 1282 1715 1345 in
1762 1282 2208 1365 phantasmate
2255 1281 2470 1363 potius
2518 1301 2706 1363 quam

408 1390 475 1453 in
522 1390 795 1454 ueritate
841 1390 1059 1454 uisum
1105 1389 1306 1455 fuisse
1346 1389 1632 1479 crucifigi
1669 1426 1756 1435 —
1795 1408 1920 1471 qua.
1955 1408 2176 1453 rursus
2215 1388 2517 1471 inpietate
2557 1386 2710 1469 quid

410 1497 593 1580 peius
644 1500 794 1561 est?
840 1535 927 1544 —
976 1500 1088 1561 aut
1134 1517 1258 1562 non
1307 1496 1519 1562 omnia
1566 1514 1828 1579 corpora
1875 1495 1951 1559 de
2000 1498 2186 1579 gente
2236 1513 2374 1559 esse
2421 1494 2710 1559 tenebra-

410 1623 573 1681 rum,
623 1603 737 1668 sed
784 1622 925 1667 esse
974 1604 1163 1668 etiam
1216 1622 1445 1686 corpus
1494 1602 1746 1667 diuinae
1795 1602 2211 1679 substantiae,
2272 1601 2442 1683 quod
2498 1604 2712 1665 tamen

410 1708 747 1774 inmortale
794 1728 919 1773 non
968 1709 1073 1787 sit,
1134 1709 1249 1773 sed
1303 1708 1513 1791 possit
1564 1708 1741 1792 ligno
1798 1707 1992 1790 adfigi
2048 1710 2113 1771 et
2159 1706 2360 1772 occidi
2407 1744 2494 1753 —-
2541 1708 2710 1790 quod

412 1813 825 1881 nihilominus
860 1816 1123 1900 plenum
1164 1817 1265 1879 est
1302 1814 1659 1879 dementiae
1697 1852 1784 1861 --
1823 1818 1936 1878 aut
1971 1834 2042 1878 ex
2080 1818 2268 1899 gente
2305 1816 2712 1878 tenebrarum

410 1922 678 1987 mortale
728 1941 957 2004 corpus
994 1919 1297 1986 habuisse
1338 1920 1664 1986 Christum
1714 1924 1903 2003 atque
1948 1922 2042 1985 ita
2088 1922 2198 2004 qui
2243 1921 2381 1985 eius
2431 1921 2708 2004 corporis

410 2032 675 2092 matrem
725 2028 991 2092 Mariam
1036 2028 1351 2111 uirginem
1401 2028 1654 2091 credere
1700 2027 1966 2105 timetis,
2025 2030 2282 2111 gentem
2329 2028 2709 2092 daemonum

415 2153 539 2200 non
566 2135 831 2199 timetis.
872 2138 1216 2216 postremo,
1258 2153 1405 2197 cum
1444 2134 1799 2199 secundum
1838 2134 2217 2200 sententiam
2245 2134 2488 2211 Fausti,
2523 2155 2711 2217 quam

413 2240 667 2323 quidem
737 2259 807 2304 ex
871 2241 985 2305 illa
1046 2241 1425 2325 longissima
1488 2241 1708 2305 fabula
1769 2246 1988 2306 uestra
2052 2242 2410 2324 decerptam
2477 2246 2712 2324 quanta

414 2346 629 2429 potuit
692 2347 1013 2427 breuitate
1076 2346 1465 2429 perstrinxit,
1525 2349 1611 2413 de
1660 2348 1938 2431 spiritu
1990 2354 2251 2414 sancto
2299 2352 2500 2413 terra
2547 2369 2706 2415 con-

413 2453 708 2536 cipiens
758 2454 1025 2537 gignat
1069 2454 1469 2536 patibilem
1518 2455 1792 2533 Iesum,
1833 2458 1958 2537 qui
2008 2461 2124 2521 est
2169 2457 2332 2520 uita
2381 2461 2454 2521 et
2501 2458 2708 2522 salus

296 2566 301 2569 ’
412 2560 796 2627 11011111111111
874 2562 1073 2625 3111111
1140 2580 1559 2643 suspensus
1629 2582 1710 2627 ex
1775 2563 2007 2646 ligno,
2077 2582 2190 2628 cur
2249 2562 2361 2626 ille
2427 2562 2712 2627 saluator

413 2666 715 2750 pendenti
750 2667 1081 2750 pendendo
1122 2668 1415 2751 congruit
1450 2671 1515 2732 et
1550 2668 1838 2733 nascenti
1874 2669 2190 2734 nascendo
2220 2688 2344 2734 non
2376 2669 2710 2751 congruit?

414 2774 470 2837 si
518 2777 733 2837 autem
778 2776 1113 2856 propterea
1156 2773 1373 2837 Iesum
1420 2772 1634 2838 dicitis
1683 2793 1824 2838 esse
1878 2774 1944 2839 in
2000 2775 2327 2839 arboribus
2387 2778 2450 2837 et
2495 2774 2711 2837 lesum

416 2880 779 2944 crucifixum
840 2881 959 2945 sub
1008 2880 1235 2945 Pontio
1283 2880 1492 2946 Pilato
1553 2884 1618 2945 et
1670 2881 1886 2945 Iesum
1941 2902 2053 2965 per
2109 2883 2310 2947 solem
2364 2882 2709 2964 lunamque

414 2986 785 3065 distentum,
837 2987 985 3068 quia
1030 2990 1242 3051 totum
1290 2988 1411 3052 hoc
1468 3006 1541 3051 ex
1596 3006 1723 3051 una
1779 2989 2126 3071 eademque
2183 2989 2545 3054 substantia
2591 2992 2709 3067 est,

414 3112 526 3157 cur
570 3114 695 3159 non
743 3096 811 3158 et
856 3097 1068 3159 cetera
1112 3094 1291 3158 milia
1336 3094 1670 3158 numinum
1715 3098 2076 3160 uestrorum
2123 3096 2242 3161 hac
2289 3095 2712 3179 appellatione

415 3200 849 3265 concluditis?
916 3220 1029 3265 cur
1076 3201 1243 3266 enim
1291 3220 1411 3265 non
1462 3201 1551 3265 sit
1593 3202 1778 3265 Iesus
1837 3204 1902 3265 et
1951 3201 2061 3266 ille
2117 3202 2590 3285 splenditenens
2648 3206 2714 3267 et

412 3306 523 3371 ille
572 3307 757 3371 Atlas
815 3311 880 3371 et
932 3308 1042 3372 ille
1099 3328 1205 3372 rex
1260 3308 1517 3374 honoris
1576 3311 1642 3371 et
1692 3308 1804 3373 1113
1861 3308 2123 3391 spiritus
2187 3312 2412 3393 potens
2475 3313 2541 3374 et
2600 3310 2712 3375 ille

412 3414 657 3496 primus
714 3414 904 3479 homo
963 3418 1029 3478 et
1083 3415 1385 3499 quicquid
1450 3416 1627 3479 aliud
1677 3416 2225 3481 innumerabiliter
2284 3436 2396 3500 per
2462 3417 2714 3481 diuersa

414 3520 671 3584 nomina
718 3524 783 3585 et
827 3520 1081 3586 diuersa
1128 3522 1337 3586 officia
1379 3522 1812 3605 praedicatas?
1927 3588 1934 3594 ,

508 3629 609 3691 12.
684 3628 831 3711 Ipse
898 3628 1165 3711 denique
1234 3629 1497 3712 spiritus
1562 3633 1822 3695 sanctus
1889 3650 2002 3695 cur
2062 3630 2126 3695 in
2193 3630 2382 3694 tertia
2443 3648 2711 3713 persona

490 3820 514 3871 1
556 3818 671 3889 sole
714 3819 763 3873 0
904 3823 961 3873 et
996 3820 1054 3873 in
1089 3820 1219 3875 luna
1255 3837 1357 3875 om.
1395 3820 1497 3875 SG
1641 3822 1676 3875 3
1723 3838 1886 3892 quero
1932 3820 1979 3875 0
2120 3822 2150 3875 7
2197 3820 2336 3877 nihil
2382 3820 2490 3875 dici
2535 3818 2706 3874 ΗΜΘ

416 3907 485 3963 10
530 3923 647 3961 esse
694 3923 739 3963 8.
789 3908 822 3964 1.
863 3907 911 3963 S
1121 3907 1305 3963 diuine
1349 3908 1397 3963 0
1576 3912 1636 3962 11
1689 3908 1832 3964 affici
1875 3908 1932 3963 L
1977 3909 2160 3979 affi2gi
2203 3909 2252 3964 0
2433 3909 2498 3962 12
2545 3908 2710 3961 nihil-

412 3994 590 4050 minus
628 3994 827 4051 S¹GM
970 3997 1036 4050 13
1071 3997 1357 4065 mortalem
1392 3996 1441 4051 S
1470 3998 1700 4053 mortale
1737 4000 1812 4069 (m
1849 4000 1944 4067 er.)
1983 3998 2058 4051 M
2197 3999 2264 4052 14
2316 4000 2372 4052 et
2407 4000 2626 4067 gentem
2665 3996 2713 4051 S

415 4084 700 4145 demonum
740 4085 783 4139 C
818 4084 1163 4141 daemonium
1205 4084 1324 4141 68¹
1462 4087 1528 4141 18
1564 4087 1746 4157 gignit
1782 4086 1831 4142 S
1971 4087 2041 4141 22
2077 4104 2174 4157 per
2209 4087 2378 4141 solem
2415 4087 2709 4157 lunamque

414 4173 499 4239 (in
538 4177 677 4241 ras.)
725 4173 769 4225 Ο
911 4175 981 4230 24
1031 4190 1169 4244 quur
1221 4174 1269 4227 0
1408 4179 1465 4229 et
1512 4175 1598 4238 (in
1641 4191 1811 4245 mary.
1860 4192 1930 4229 m.
1975 4180 2102 4242 rec.)
2151 4175 2199 4229 C'
2335 4175 2630 4229 nvminum.
2652 4178 2708 4244 (v

410 4277 531 4331 sup.
570 4280 601 4315 o
642 4278 683 4315 a
712 4278 782 4323 m.
820 4266 875 4327 1)
910 4260 963 4315 L
1052 4310 1057 4319 ,
1100 4262 1169 4317 25
1208 4278 1345 4332 quur
1387 4262 1435 4317 G
1572 4262 1643 4315 26
1680 4262 1859 4317 athlas
1896 4262 2016 4317 802
2051 4264 2268 4317 athlans
2311 4261 2440 4317 GL¹
2584 4267 2706 4319 et—

412 4350 631 4411 honoris
668 4366 781 4413 om.⁸
806 4350 864 4422 L
924 4410 928 4413 ,
969 4351 1037 4405 27
1076 4351 1245 4421 aliud]
1284 4350 1492 4421 aliquid
1534 4351 1583 4407 C
1686 4353 1757 4406 28
1795 4352 1971 4407 offitia
2009 4352 2053 4405 (J
2194 4352 2486 4421 predicatis
2523 4354 2576 4408 L
