3159 4984
965 476 1056 530 vl.
1113 476 1406 531 Contra
1459 476 1827 531 Faustum
1888 476 2015 529 lib.
2076 476 2137 529 V.
2534 481 2662 545 273

377 690 494 737 nec
557 670 853 737 inmerito
919 670 1102 755 plebs
1170 672 1248 737 ad
1313 674 1378 737 te
1445 672 1753 757 confugit.
1812 692 1847 737 a
1904 691 2005 737 me
2058 673 2316 757 refugit,
2382 672 2668 741 nesciens

377 778 624 861 utique,
693 779 842 860 quia
905 798 1176 863 regnum
1242 778 1346 845 dei
1399 798 1522 845 non
1583 778 1671 843 sit
1724 778 1789 843 in
1846 779 2063 854 uerb0,
2122 779 2235 845 sed
2288 779 2353 845 in
2408 780 2669 847 uirtute.

380 885 532 970 quid
569 905 720 970 ergo
760 889 880 956 est,
919 886 1090 969 quod
1125 906 1228 951 me
1263 886 1552 963 lacessis,
1593 887 1649 952 si
1688 886 2111 953 difficiliorem
2145 885 2295 951 fidei
2331 887 2670 971 adgressus

377 996 622 1076 partem
667 993 787 1059 tibi
835 997 910 1057 ut
953 994 1206 1059 infirmo
1252 992 1484 1076 reliqui
1522 993 1873 1061 faciliorem
1894 998 1924 1059 Ρ
1973 994 2087 1060 sed
2122 1013 2240 1077 ego
2278 994 2359 1059 ad
2394 994 2670 1061 tribuen-

291 1117 318 1157 5
377 1100 543 1175 dam,
608 1100 838 1183 inquit,
905 1102 1180 1167 salutem
1248 1100 1474 1167 animis
1530 1101 1693 1165 hanc
1748 1104 1994 1184 partem
2050 1100 2197 1167 fidei
2254 1100 2669 1167 efficaciorem

291 1648 346 1688 1⁰

376 1211 532 1289 puto
581 1225 654 1271 ac
699 1206 907 1291 magis
952 1207 1265 1283 idoneam,
1317 1226 1508 1290 quam
1553 1210 1627 1271 tu
1684 1207 2021 1290 reliquisti,
2076 1207 2146 1272 id
2202 1211 2301 1273 est
2348 1208 2667 1274 Christum

375 1312 560 1379 fateri
605 1317 847 1379 natum.

473 1421 532 1485 3.
599 1419 737 1505 Age
805 1439 984 1504 ergo,
1048 1418 1262 1503 ipsum
1327 1419 1599 1485 eundem
1662 1418 2121 1503 interrogemus
2188 1418 2511 1487 Christum
2588 1422 2671 1498 et,

379 1525 546 1591 unde
609 1524 1020 1609 potissimum
1085 1525 1268 1591 nobis
1335 1524 1562 1591 salutis
1621 1524 1859 1589 oriatur
1914 1523 2183 1601 occasio,
2242 1542 2314 1589 ex
2371 1524 2507 1591 eius
2564 1544 2670 1591 ore

386 1631 726 1699 discamus.
794 1632 937 1715 quis
983 1631 1316 1697 hominum
1369 1631 1635 1696 intrabit
1685 1631 1751 1697 in
1805 1650 2069 1715 regnum
2118 1634 2326 1705 tuum,
2375 1630 2675 1699 Christe?

385 1739 515 1821 qui
551 1738 851 1814 fecerit,
889 1738 1117 1821 inquit,
1157 1738 1637 1805 uoluntatem
1673 1738 1917 1821 patris
1954 1738 2118 1811 mei,
2159 1737 2395 1820 quiin
2434 1738 2670 1805 caelis

383 1850 520 1911 est.
588 1867 712 1912 non
762 1846 954 1911 dixit:
1023 1846 1134 1929 qui
1187 1865 1290 1911 me
1345 1846 1675 1929 professus
1731 1845 1927 1911 fuerit
1978 1848 2221 1911 natum.
2288 1847 2353 1909 et
2398 1844 2549 1909 alibi
2596 1844 2673 1911 ad

383 1951 775 2036 discipulos:
833 1953 959 2030 ite,
1031 1954 1298 2019 docete
1358 1972 1615 2018 omnes
1680 1955 1949 2036 gentes
2006 1953 2487 2035 baptizantes
2546 1971 2671 2018 eos

381 2059 456 2124 in
495 2060 791 2126 nomine
828 2060 1069 2143 patris
1109 2064 1182 2127 et
1220 2059 1376 2126 filii
1423 2063 1498 2123 et
1545 2059 1869 2142 spiritus
1909 2060 2162 2125 sancti
2202 2062 2275 2125 et
2311 2058 2671 2125 docentes

384 2184 510 2231 eos
561 2184 866 2231 seruare
913 2164 1178 2242 omnia,
1227 2184 1416 2247 quae
1463 2165 1814 2231 mandaui
1860 2166 2106 2243 uobis,
2152 2185 2277 2233 non
2326 2166 2517 2233 dixit:
2566 2165 2673 2229 do-

387 2277 602 2339 centes
650 2290 780 2347 eos,
828 2272 978 2355 quia
1023 2272 1146 2337 sim
1191 2276 1402 2343 natus,
1451 2272 1562 2337 sed
1612 2276 1687 2337 ut
1728 2272 2028 2338 mandata
2074 2276 2473 2339 conseruent.
2520 2272 2675 2337 item

385 2379 576 2443 alibi:
645 2379 867 2445 amici
931 2380 1082 2445 mei
1149 2380 1401 2457 eritis,
1469 2379 1534 2445 si
1597 2379 1977 2451 feceritis,
2046 2398 2233 2463 quae
2288 2380 2675 2465 praecipio

387 2487 629 2562 uobis,
670 2506 790 2553 non
832 2487 1025 2551 dixit:
1075 2487 1133 2553 si
1169 2499 1390 2553 natum
1428 2506 1530 2551 me
1569 2486 1985 2555 credideritis.
2035 2505 2329 2551 rursum:
2380 2486 2445 2551 si
2490 2486 2677 2553 fece·

385 2593 560 2657 ritis
607 2592 962 2657 mandata
1004 2612 1184 2665 mea,
1234 2594 1649 2659 manebitis
1693 2594 1765 2658 in
1812 2613 1975 2659 mea
2048 2594 2369 2659 caritate
2434 2597 2499 2659 et
2554 2594 2677 2659 alia

383 2700 608 2763 multa.
674 2718 914 2765 necnon
963 2702 1030 2764 et
1072 2700 1136 2765 in
1183 2702 1402 2765 monte
1461 2720 1605 2765 cum
1664 2701 1953 2765 doceret:
2020 2699 2229 2767 beati
2283 2718 2674 2783 pauperes,

384 2806 624 2879 dicens,
680 2807 886 2873 beati
943 2807 1190 2883 miteS,
1247 2808 1456 2873 beati
1511 2808 1845 2891 pacifici,
1913 2807 2121 2872 beati
2184 2826 2367 2891 puro
2434 2805 2675 2877 corde.

381 2913 589 2978 beati
647 2913 774 2996 qui
827 2913 1126 2997 lugent,
1183 2914 1393 2979 beati
1449 2915 1576 2997 qui
1632 2914 2011 2991 esuriunt,
2076 2913 2285 2979 beati
2340 2914 2466 2996 qui
2522 2933 2676 2998 per-

385 3020 856 3087 secutionem
900 3020 1305 3103 patiuntur
1339 3024 1649 3105 propter
1682 3021 2089 3098 iustitiam,
2128 3039 2443 3103 nusquam
2480 3019 2675 3085 dixit:

381 3126 572 3201 beati,
608 3126 716 3209 qui
745 3145 846 3191 me
886 3126 1162 3193 confessi
1197 3126 1436 3193 fuerint
1469 3130 1711 3193 natum.
1753 3130 1819 3191 et
1852 3126 1916 3191 in
1957 3126 2337 3193 discretione
2374 3144 2677 3210 agnorum

389 3234 466 3297 ab
523 3230 742 3299 haedis
796 3234 860 3299 in
915 3232 1151 3299 iudicio
1209 3232 1529 3323 dicturum
1586 3254 1655 3299 se
1712 3233 1869 3299 dicit
1921 3233 2024 3310 iis,
2082 3232 2191 3316 qui
2236 3232 2317 3299 ad
2361 3232 2679 3299 dexteram

385 3343 578 3407 sunt:
647 3339 962 3417 esuriui,
1021 3343 1098 3406 et
1151 3340 1475 3407 cibastis
1531 3360 1671 3417 me:
1740 3340 1989 3419 sitini,
2048 3343 2123 3405 et
2176 3340 2509 3424 potastis
2566 3358 2674 3403 me

385 3450 451 3513 et
486 3451 729 3523 cetera:
768 3450 1104 3530 propterea
1137 3447 1462 3531 recipite
1499 3466 1831 3532 regnum.
1870 3466 1995 3513 non
2036 3446 2231 3513 dixit:
2273 3446 2423 3529 quia
2456 3450 2677 3511 natum

383 3573 485 3618 me
533 3552 912 3631 credidistis,
967 3572 1236 3638 regnum
1291 3554 1617 3639 percipite.
1682 3572 1926 3619 necnon
1984 3556 2051 3618 et
2108 3553 2298 3618 diuiti
2355 3552 2680 3636 quaerenti

565 3728 627 3781 11
675 3727 873 3783 Matth.
913 3728 961 3793 7,
1002 3728 1066 3781 21
1219 3728 1284 3781 13
1330 3728 1529 3782 Matth.
1569 3728 1656 3793 28,
1698 3727 1763 3782 19
1801 3745 1882 3797 sq.
2031 3730 2096 3783 18
2147 3728 2264 3781 Ioh.
2320 3726 2404 3793 15,
2448 3725 2515 3779 10
2554 3743 2672 3796 sqq.

383 3816 454 3870 20
489 3816 688 3870 Matth.
727 3818 776 3881 5,
814 3816 850 3871 3
887 3832 1005 3886 sqq.
1115 3814 1184 3869 26
1217 3816 1416 3871 Matth.
1455 3818 1542 3881 25,
1581 3817 1653 3871 34
1691 3833 1773 3886 sq.

458 3958 487 4009 1
527 3956 792 4027 confugit]
832 3954 1057 4010 confluit
1091 3954 1408 4009 LGPMGb
1514 3956 1720 4026 refugit
1759 3957 1816 4027 (g
1852 3972 1895 4011 s.
1936 3956 1973 4010 l.
2013 3972 2051 4009 a
2086 3972 2157 4009 m.
2196 3956 2255 4022 2)
2295 3954 2350 4007 L
2458 3954 2491 4007 2
2531 3958 2617 4009 est
2643 3953 2675 4001 b

387 4044 420 4098 3
456 4044 814 4099 difficiliorem
853 4045 922 4115 (ci
957 4060 1002 4099 s.
1041 4044 1098 4114 l.)
1142 4044 1187 4098 0
1318 4046 1352 4097 5
1389 4044 1582 4114 inquid
1616 4044 1693 4099 M
1697 4046 1709 4078 ¹
1920 4044 2271 4099 efficatiorem
2308 4042 2417 4098 Lo
2548 4042 2581 4097 8
2623 4048 2679 4097 et

383 4131 550 4203 unde]
588 4131 815 4187 eundem
853 4130 941 4185 Lb
977 4148 1012 4201 p
1053 4130 1282 4187 eundem
1318 4130 1392 4185 M
1497 4133 1566 4186 10
1601 4133 1830 4187 intrauit
1866 4130 1918 4184 L
2028 4134 2091 4187 11
2134 4132 2263 4187 celis
2307 4131 2356 4187 G
2461 4132 2527 4187 13
2565 4148 2679 4185 om-

383 4238 480 4275 nes
516 4236 619 4275 om.
663 4220 880 4275 GSMG
1026 4222 1092 4275 15
1130 4236 1222 4274 eos
1259 4236 1363 4275 om.
1408 4220 1457 4275 0
1622 4238 1725 4291 que
1771 4220 1818 4275 C'
1962 4220 2027 4274 16
2066 4222 2401 4275 conseruaent
2439 4222 2503 4285 (ae
2542 4236 2678 4274 corr.

385 4324 467 4363 ex.
507 4314 558 4375 a)
606 4306 654 4362 Ο
777 4308 842 4361 17
881 4323 986 4377 que
1021 4307 1259 4378 precipio
1305 4308 1353 4362 G
1474 4308 1545 4362 20
1581 4324 1787 4379 paupes
1826 4296 1928 4379 {135
1966 4308 1999 4363 b
2108 4309 2177 4363 25
2214 4306 2370 4363 hedis
2407 4308 2680 4365 LGSMG

385 4397 472 4451 his
509 4395 820 4453 LOSGMb
967 4394 1208 4451 dextram
1245 4393 1320 4449 M
1424 4398 1490 4450 27
1529 4397 1793 4469 percipite
1840 4397 1887 4451 0

446 4522 581 4562 xxv.
617 4520 738 4571 Aug.
771 4524 883 4560 nect.
913 4525 953 4563 e.
2296 4504 2361 4558 18
