3159 4984
897 476 989 531 VI.
1037 475 1327 531 Contra
1382 477 1752 531 Faustum
1810 478 1939 532 lib.
1997 478 2112 532 XX.
2541 486 2670 550 557

362 676 578 751 tietur,
640 674 753 738 sed
806 673 871 738 in
929 672 1258 738 sacrificiis
1316 691 1708 756 paganorum
1766 673 1924 739 deus
1979 677 2197 739 uester
2253 674 2676 740 immoletur?

364 801 567 864 neque
616 782 785 846 enim
830 781 895 844 in
942 780 1136 863 lignis
1185 780 1397 846 solum
1444 783 1511 843 et
1554 781 1620 843 in
1668 781 1886 846 herbis
1934 784 2047 845 aut
2089 782 2157 846 in
2202 781 2508 847 membris
2555 782 2674 846 hu-

364 887 589 965 maniS,
647 887 759 951 sed
816 886 1007 950 etiam
1064 886 1128 949 in
1186 905 1487 968 pecorum
1544 886 1839 951 carnibus
1899 906 2045 951 eum
2093 888 2674 953 contaminantibus

364 1000 429 1057 et
483 992 923 1078 polluentibus
979 992 1259 1057 uinculis
1316 992 1708 1075 conligatum
1772 1012 1914 1059 esse
1974 995 2269 1060 censetis
2335 995 2478 1078 ipsa
2521 1014 2676 1059 uero

241 1162 255 1169 -
308 1120 333 1157 ⁵
363 1100 574 1164 anima
619 1100 835 1163 uestra
882 1092 985 1161 cui
1034 1097 1150 1162 deo
1188 1082 1447 1161 laudem
1485 1097 1676 1175 dicat,
1718 1098 1900 1163 cuius
1938 1100 2319 1182 particulam
2359 1120 2426 1165 se
2463 1100 2672 1183 ipsam

362 1207 426 1269 in
499 1206 905 1270 tenebrarum
973 1205 1163 1286 gente
1231 1208 1483 1287 captam
1548 1205 1748 1269 teneri
1814 1205 2216 1271 conclamans
2282 1207 2431 1289 quid
2500 1206 2678 1269 aliud

364 1330 553 1395 quam
601 1311 926 1394 uituperat
974 1310 1187 1387 deum,
1239 1330 1427 1392 quem
1489 1310 1614 1375 sibi
1672 1310 1796 1376 alio
1852 1315 2040 1395 pacto
2099 1314 2406 1377 aduersus
2453 1312 2676 1377 hostes

364 1437 517 1483 suos
584 1416 915 1483 consulere
982 1436 1108 1481 non
1173 1416 1463 1498 potuisse
1527 1419 1824 1495 testatur,
1893 1418 2016 1483 nisi
2082 1419 2358 1501 partium
2415 1437 2672 1483 suarum

362 1526 541 1589 tanta
577 1523 978 1606 corruptione
1020 1526 1085 1587 et
1119 1526 1251 1587 tam
1290 1524 1463 1606 turpi
1502 1524 1883 1606 captiuitate
1907 1529 1936 1589 P
1985 1525 2443 1590 unde‘uestrae
2483 1526 2674 1589 etiam

272 1656 325 1691 ιο
364 1650 584 1714 preces
634 1631 710 1695 ad
760 1630 950 1695 deum
998 1633 1286 1694 uestrum
1338 1649 1460 1695 non
1506 1634 1781 1713 possunt
1830 1650 1970 1697 esse
2016 1632 2376 1715 religiosae,
2425 1633 2538 1697 sed
2581 1632 2674 1695 in-

362 1738 672 1802 uidiosae.
712 1737 895 1819 ·quid
961 1736 1127 1801 enim
1204 1736 1357 1800 mali
1422 1737 1591 1819 apud
1657 1736 1843 1802 illum
1909 1738 2404 1817 commiseratis,
2470 1741 2549 1803 ut
2609 1739 2674 1802 in

364 1863 565 1927 poena
611 1844 737 1908 ista
783 1862 951 1908 nunc
999 1842 1078 1906 ad
1126 1862 1271 1907 eum
1320 1843 1614 1923 gematis,
1655 1863 1845 1925 quem
1887 1864 2009 1908 non
2047 1845 2300 1927 propria
2335 1846 2671 1910 uoluntate

363 1950 683 2033 peccando
753 1950 1153 2019 deseruistis,
1224 1950 1335 2015 sed
1393 1952 1469 2014 ab
1528 1951 1639 2016 illo
1699 1951 1830 2016 dati
1887 1953 2046 2018 estis
2100 1953 2396 2017 hostibus
2444 1953 2668 2035 ipsine,

368 2061 442 2121 ut
503 2076 621 2140 pax
685 2076 879 2141 regno
948 2058 1085 2121 eius
1154 2062 1652 2139 conpararetur?
1720 2079 1838 2123 nec
1905 2060 2134 2123 saltem
2191 2060 2361 2125 sicut
2416 2060 2672 2125 obsides

274 2188 325 2227 15
370 2164 501 2228 dari
570 2164 780 2228 solent
856 2182 999 2227 cum
1078 2163 1311 2228 honore
1388 2164 1824 2243 custodiendi,
1901 2185 2018 2231 nec
2083 2166 2252 2231 sicut
2310 2168 2530 2249 pastor
2593 2166 2672 2230 ad

365 2271 731 2355 capiendam
796 2270 1071 2335 bestiam
1139 2269 1347 2335 tendit
1408 2271 1714 2348 insidias;
1779 2292 1977 2356 pecus
2035 2274 2202 2338 enim
2259 2294 2448 2339 suum
2505 2274 2676 2339 solet

363 2399 593 2463 ponere
661 2378 725 2443 111
792 2376 906 2442 illa
970 2378 1251 2460 captoria
1314 2378 1658 2455 tendicula,
1725 2399 1848 2445 non
1910 2381 2266 2445 membrum
2335 2400 2548 2459 suum,
2607 2382 2674 2444 et

364 2488 739 2570 plerumque
786 2485 897 2561 ita,
946 2488 1021 2548 ut
1068 2487 1212 2549 ante
1258 2485 1469 2549 bestia
1515 2486 1802 2569 capiatur
1859 2506 2047 2570 quam
2106 2506 2304 2570 pecus
2361 2488 2669 2553 laedatur.

368 2613 482 2658 uos
530 2596 745 2657 autem
792 2591 1077 2654 membra
1116 2590 1215 2655 dei
1256 2590 1388 2659 dati
1428 2592 1585 2657 estis
1622 2592 1920 2658 hostibus
1959 2613 2083 2657 non
2122 2595 2412 2658 ualentes
2452 2614 2670 2659 eorum

276 2718 330 2759 20
370 2720 405 2765 a
470 2700 587 2764 deo
660 2702 879 2763 uestro
947 2716 1329 2780 conpescere
1396 2698 1715 2762 feritatem
1783 2700 1906 2764 nisi
1973 2719 2192 2764 eorum
2259 2700 2673 2765 contaminati

365 2807 689 2881 foeditate,
738 2824 863 2869 non
902 2804 1209 2869 habentes
1247 2808 1581 2887 peccatum
1619 2806 1966 2889 proprium,
2009 2807 2122 2871 sed
2163 2807 2387 2872 hostili
2424 2825 2670 2871 ueneno

366 2913 690 2979 tabefacti.
786 2910 955 2975 unde
1038 2930 1161 2975 non
1247 2912 1519 2994 potestis
1607 2912 1812 2976 dicere
1888 2913 1952 2977 in
2024 2913 2324 2996 precibus
2397 2912 2668 2978 uestris:

367 3023 679 3103 propter
734 3019 1061 3103 gloriam
1120 3018 1447 3083 nominis
1505 3019 1641 3096 tui,
1703 3019 2017 3100 domine,
2076 3020 2320 3085 libera
2376 3039 2537 3095 110ος
2600 3022 2674 3083 01

364 3126 753 3210 propitius
801 3128 967 3190 esto
1015 3124 1360 3208 peccatis
1408 3126 1697 3199 nostris
1753 3130 2064 3210 propter
2117 3146 2380 3193 nomen
2437 3129 2669 3203 tuum,

276 3254 329 3293 πο
368 3233 479 3297 sed
528 3232 777 3297 dicitis:
823 3231 1025 3297 libera
1078 3250 1195 3298 nos
1254 3234 1385 3295 arte
1442 3234 1573 3308 tua,
1625 3233 1774 3313 quia
1819 3236 1894 3297 ut
1948 3234 2138 3299 modo
2198 3234 2260 3298 111
2314 3251 2510 3317 regno
2556 3235 2672 3297 tuo

369 3358 631 3405 securus
693 3340 940 3421 lugeas,
1007 3358 1123 3403 nos
1188 3338 1293 3403 hic
1346 3338 1712 3421 premimur,
1782 3340 2179 3418 dilaniamur,
2244 3339 2671 3422 inquinamur.

368 3447 523 3511 haec
570 3465 695 3511 uox
744 3445 1139 3510 accusatoria
1186 3448 1305 3511 est.
1356 3464 1479 3510 non
1528 3446 1977 3528 deprecatoria.
2027 3466 2144 3511 nec
2190 3447 2354 3511 illud
2400 3445 2675 3530 potestis

370 3552 597 3630 dicere,
656 3551 826 3633 quod
881 3551 1186 3634 magister
1247 3551 1538 3614 ueritatis
1597 3550 1851 3615 docuit:
1921 3552 2226 3617 dimitte
2285 3552 2502 3618 nobis
2561 3552 2672 3615 de-

545 3718 614 3770 23
652 3717 741 3771 Ps.
784 3717 902 3781 127,
942 3717 975 3771 9
1085 3716 1153 3769 28
1191 3717 1389 3771 Matth.
1431 3718 1479 3781 6,
1523 3718 1594 3770 12

436 3860 471 3911 4
508 3857 881 3929 polluentibus
918 3856 1019 3913 SG
1127 3858 1159 3911 6
1199 3861 1417 3927 gentem
1454 3856 1780 3912 L¹SMGP¹
1890 3860 1918 3911 7
1958 3815 2110 3913 ¹ostes
2149 3859 2219 3911 M
2360 3860 2394 3911 9
2442 3862 2497 3911 et
2544 3859 2589 3929 (t
2623 3874 2669 3912 s.

369 3947 403 4001 l.
445 3964 481 4000 a
516 3964 585 4003 m.
624 3950 683 4015 2)
725 3948 793 4000 M
939 3948 1007 4001 10
1044 3955 1167 4016 sices
1196 3946 1243 4001 S
1274 3962 1492 4017 praeces
1522 3946 1709 4001 LGM
1847 3947 2102 4017 religiose
2137 3946 2186 4001 0
2325 3946 2596 4001 inuidioso
2631 3945 2677 3998 G

370 4037 431 4090 11
473 4052 609 4107 aput
653 4036 801 4092 GM1
952 4038 1019 4089 14
1054 4036 1237 4089 saltim
1282 4034 1479 4090 G2SM
1620 4036 1688 4089 18
1735 4037 1979 4106 capietur
2025 4037 2174 4108 (sup.
2214 4053 2242 4091 0
2283 4053 2320 4089 a
2357 4052 2425 4089 m.
2464 4039 2497 4089 1
2532 4034 2582 4104 a)
2627 4034 2678 4089 0

365 4125 581 4179 ledetur
632 4124 681 4178 0
855 4124 923 4178 20
982 4140 1165 4179 eorum
1214 4124 1244 4177 b
1428 4140 1760 4194 compescere
1811 4124 1867 4177 L
2047 4126 2110 4177 21
2160 4123 2388 4193 feditate
2435 4122 2489 4176 L
2533 4121 2672 4175 fedi-

366 4216 483 4268 tate
548 4212 692 4269 086
872 4214 940 4269 22
1004 4212 1289 4283 praecibus
1344 4212 1397 4264 L
1461 4212 1650 4281 pcibus
1712 4212 1862 4267 GSO
2041 4213 2109 4265 26
2173 4212 2500 4282 praemimur
2560 4210 2673 4265 LG

370 4304 597 4372 pmimur
638 4298 730 4357 OS
906 4302 972 4356 27
1012 4302 1321 4371 depcatoria
1366 4302 1413 4355 G
1587 4302 1656 4356 28
1695 4301 1920 4356 demitte
1959 4301 2032 4355 L·
2190 4299 2376 4355 debita
2415 4300 2468 4369 (b
2529 4316 2664 4353 corr.

370 4408 435 4444 ex
470 4394 527 4457 u)
568 4390 641 4443 M
1226 4388 1240 4403 ⁸
