3159 4984
966 444 1052 499 Vl.
1110 448 1400 502 Contra
1456 446 1821 499 Faustum
1879 446 2009 499 lib.
2073 448 2155 499 vl.
2556 451 2684 513 299

398 640 792 705 exhalatione
860 644 1227 719 nascuntur,
1286 659 1475 724 quam
1532 642 1643 706 isti
1697 642 1817 725 ipsi
1877 642 2113 717 miseri,
2173 642 2282 723 qui
2337 642 2412 706 de
2468 661 2678 725 paren·

396 748 569 812 tibus
618 748 1187 813 concumbentibus
1234 749 1367 813 nati
1414 752 1582 815 sunt.
1632 753 1746 813 aut
1791 750 1846 815 si
1890 749 2356 832 iamquicquid
2396 769 2466 813 ex
2507 768 2686 813 carne

396 855 591 917 etiam
648 854 783 919 sine
840 855 1181 920 concubitu
1240 854 1539 933 nascitur,
1596 859 1930 938 propterea
1990 859 2218 939 putant
2289 856 2684 931 inmundum,

396 963 545 1044 quia
605 964 747 1043 ipsa
814 981 955 1027 caro
1023 981 1095 1026 ex
1160 962 1502 1027 concubitu
1570 968 1691 1039 est,
1778 961 2084 1027 inmunda
2148 966 2332 1027 erunt
2398 963 2567 1028 olera
2623 966 2689 1026 et

322 1086 347 1119 ⁵
392 1070 631 1154 fruges,
688 1089 847 1153 quae
905 1069 982 1133 de
1040 1068 1424 1134 stercoribus
1488 1068 1764 1133 fertilius
1830 1068 2214 1151 uberiusque
2281 1070 2680 1134 surrexerint.

396 1178 507 1242 ubi
572 1176 848 1251 uideant,
916 1176 1068 1258 quid
1134 1175 1369 1239 faciant
1432 1176 1538 1239 uel
1606 1175 1755 1257 quid
1812 1176 2250 1258 respondeant,
2311 1176 2418 1257 qui
2471 1176 2686 1257 fruges

397 1284 617 1349 dicunt
660 1283 1027 1348 mundiores
1106 1301 1246 1347 esse
1303 1300 1493 1363 quam
1550 1299 1788 1346 carnes
1856 1301 2000 1346 nam
2057 1286 2331 1347 stercore
2390 1282 2542 1363 quid
2597 1282 2686 1345 in-

396 1392 694 1455 mundius
726 1410 796 1454 ex
828 1408 1009 1454 carne
1038 1388 1349 1471 proicitur
1387 1391 1451 1452 et
1488 1388 1642 1471 quid
1679 1388 1970 1471 frugibus
2009 1388 2278 1453 feracius
2310 1389 2686 1453 adhibetur?

396 1502 565 1563 certe
602 1500 728 1582 ipsi
768 1497 989 1561 dicunt
1034 1515 1147 1579 per
1192 1496 1564 1560 adtritiones
1615 1498 1679 1559 et
1718 1496 2106 1580 digestiones
2147 1495 2430 1559 ciborum
2469 1496 2686 1578 fugere

306 1600 539 1664 winde
607 1602 807 1666 uitam
878 1608 943 1667 et
1006 1603 1303 1687 exiguum
1360 1603 1660 1685 quiddam
1717 1604 1782 1667 in
1839 1607 2114 1667 stercore
2170 1621 2510 1666 remanere.
2579 1621 2689 1665 cur

304 2148 355 2185 15

401 1724 547 1789 ergo
596 1708 707 1771 ubi
756 1710 985 1792 exigua
1023 1709 1161 1773 uita
1196 1711 1499 1783 remanet.
1540 1708 1685 1773 inde
1726 1709 1850 1773 cibi
1887 1709 2109 1777 uestri.
2148 1709 2268 1773 hoc
2308 1711 2407 1773 est
2440 1708 2688 1773 fructus

396 1816 599 1878 terrae
648 1815 723 1879 de
773 1819 1048 1881 stercore
1099 1818 1162 1879 et
1207 1816 1503 1881 meliores
1554 1818 1620 1879 et
1663 1816 1933 1880 maiores
1985 1819 2049 1879 et
2093 1817 2308 1899 plures
2358 1817 2685 1879 existunt?

396 1938 538 1984 caro
588 1942 711 1987 non
758 1922 1196 2005 purgamentis
1245 1926 1469 1986 terrae.
1520 1921 1632 1986 sed
1681 1922 1917 1986 fetibus
1964 1923 2284 2005 pascitur;
2333 1926 2498 1986 terra
2536 1942 2684 1987 uero

395 2028 831 2110 purgamentis
881 2029 1106 2104 carnis,
1156 2048 1281 2093 non
1328 2027 1566 2093 fetibus
1621 2028 2011 2093 fecundatur.
2083 2030 2340 2113 eligant,
2404 2030 2553 2111 quid
2603 2030 2688 2093 sit

398 2134 719 2210 mundius,
769 2139 882 2200 aut
926 2136 1052 2200 iam
1102 2136 1368 2201 correcti
1415 2136 1709 2199 desinant
1747 2155 1886 2201 esse
1943 2136 2232 2199 inmundi
2274 2138 2338 2199 et
2375 2135 2685 2203 infideles,

396 2240 628 2321 quibus
668 2241 826 2305 nihil
866 2242 952 2305 sit
986 2242 1315 2313 mundum,
1348 2245 1414 2305 et
1450 2242 1784 2307 nobiscum
1825 2242 2291 2325 amplectantur
2327 2243 2684 2325 apostolum

398 2346 751 2413 dicentem:
820 2350 1065 2413 omnia
1120 2348 1393 2413 munda
1446 2349 1776 2422 mundis;
1846 2347 2128 2412 domini
2185 2352 2302 2413 est
2356 2353 2560 2413 terra
2615 2353 2688 2413 et

396 2452 800 2533 plenitudo
858 2455 1051 2530 eius;
1122 2456 1363 2520 omnis
1428 2463 1777 2519 creatura
1843 2454 1959 2518 dei
2027 2455 2217 2519 bona
2273 2459 2407 2519 est.
2477 2456 2687 2520 omnia

399 2564 651 2646 quippe,
720 2580 879 2643 quae
946 2562 1321 2626 naturaliter
1383 2565 1552 2633 sunt,
1618 2562 1683 2625 in
1751 2560 1965 2625 ordine
2024 2581 2139 2626 suo
2195 2563 2363 2626 bona
2417 2566 2570 2626 sunt
2625 2566 2690 2625 et

306 2684 359 2720 2⁰
400 2689 585 2735 nemo
631 2670 695 2733 in
747 2669 836 2734 eis
884 2673 1127 2751 peccat.
1176 2670 1301 2734 nisi
1348 2670 1458 2751 qui
1496 2669 1779 2733 ordinem
1817 2686 2006 2733 suum
2042 2668 2107 2732 in
2148 2669 2248 2731 dei
2289 2668 2690 2733 oboedientia

394 2795 516 2841 non
568 2776 935 2842 custodiens
985 2796 1203 2841 eorum
1252 2796 1503 2859 quoque
1544 2775 1828 2841 ordinem
1867 2775 2030 2839 male
2061 2774 2298 2838 utendo
2331 2775 2679 2855 perturbat.

485 2886 545 2946 9.
621 2884 843 2949 Patres
910 2888 1125 2948 autem
1208 2883 1433 2959 nostri,
1500 2883 1610 2966 qui
1697 2883 1813 2946 deo
1880 2882 2280 2965 placuerunt.
2348 2883 2691 2945 tenuerunt

396 2992 677 3055 ordinem
728 3010 916 3056 suum
962 2992 1027 3055 in
1075 2993 1215 3074 ipsa
1264 2992 1687 3055 oboedientia.
1749 2994 1822 3053 ut
1878 2989 2179 3071 quicquid
2237 2988 2392 3052 deus
2447 2992 2689 3072 tempo-

394 3099 570 3163 ribus
638 3098 935 3181 congruis
1001 3092 1303 3163 iubendo‘
1345 3098 1691 3163 distribuit.
1752 3099 1844 3161 sic
1902 3098 2332 3162 obseruarent.
2392 3097 2687 3178 quemad-

308 3205 659 3269 aemodum
725 3205 835 3269 ille
904 3205 1249 3269 distribuit.
1325 3205 1541 3287 itaque
1608 3224 1730 3269 non
1800 3205 2008 3269 solum
2085 3222 2302 3267 carnes
2369 3204 2448 3266 ad
2514 3203 2688 3267 cibos

397 3309 597 3386 data&
676 3328 820 3375 cum.
889 3328 1106 3373 omnes
1174 3313 1398 3373 natura
1460 3310 1732 3374 mundae
1800 3315 2034 3375 essent.
2103 3310 2410 3391 quasdam
2477 3314 2689 3372 tamen

394 3417 703 3481 nonnulla
768 3416 1231 3499 significatione
1296 3416 1634 3481 inmundas
1692 3418 1802 3481 illo
1860 3421 2142 3499 tempore
2199 3435 2322 3480 non
2400 3416 2682 3491 ederunt.

398 3542 522 3604 quo
572 3541 679 3587 eas
728 3542 849 3587 non
900 3523 998 3585 edi
1048 3527 1457 3605 praeceptum
1506 3526 1658 3589 erat.
1709 3528 1782 3587 ut
1825 3523 2064 3587 talibus
2114 3522 2690 3606 significationibus

580 3697 644 3750 17
683 3697 789 3751 Tit.
834 3698 879 3761 1,
924 3698 988 3749 15
1132 3697 1221 3750 Ps.
1261 3698 1345 3759 23,
1391 3699 1414 3751 1
1535 3698 1597 3749 18
1637 3702 1658 3752 1
1702 3696 1836 3751 Tim.
1874 3698 1927 3760 4,
1965 3700 1999 3749 4
2065 3660 2072 3665 ’

472 3822 501 3874 1
534 3819 835 3874 exalatione
864 3820 973 3873 LO
1110 3821 1291 3875 miseri
1332 3820 1397 3886 (ri
1434 3822 1495 3873 in
1530 3824 1667 3888 ras.)
1708 3820 1754 3873 C
1860 3822 1892 3873 2
1933 3822 2319 3875 cucobentibus
2355 3821 2402 3875 G
2470 3822 2502 3875 3
2533 3830 2690 3875 cucu-

386 3908 517 3963 bitu
561 3909 608 3963 0
773 3916 905 3977 post
938 3914 1137 3979 putant
1171 3926 1287 3963 ras.
1324 3911 1387 3962 in
1431 3908 1477 3963 G
1618 3910 1651 3963 9
1691 3906 2004 3964 attriciones
2049 3910 2096 3963 Ο
2237 3911 2302 3963 11
2341 3909 2434 3963 ubi
2476 3914 2538 3970 (s,
2581 3911 2614 3964 1.
2657 3928 2693 3963 a

396 4015 465 4051 m.
496 4000 555 4064 2)
588 3997 633 4051 S
740 3998 807 4050 12
834 3997 1063 4051 maiores
1102 4000 1160 4051 et
1194 3996 1444 4051 meliores
1474 3996 1574 4051 SG·
1687 3998 1752 4051 13
1795 4000 1874 4065 (et
1903 3999 1990 4065 14)
2021 3997 2259 4051 foetibus
2294 3998 2384 4051 08
2405 3998 2606 4067 fetibus
2641 3998 2692 4052 G

402 4087 466 4139 18
506 4084 591 4139 dei
632 4088 694 4142 (8.
735 4086 770 4139 l.
810 4103 847 4139 a
882 4102 952 4139 m.
990 4086 1047 4153 2)
1088 4085 1135 4139 S
1238 4086 1304 4138 21
1360 4084 1582 4155 utendo]
1633 4086 1868 4140 uiuendo
1907 4086 2008 4141 SG
2117 4087 2186 4139 24
2237 4087 2314 4139 sic
2343 4093 2473 4154 post
2509 4088 2690 4141 obser·

397 4178 589 4228 uarent
608 4174 638 4226 b
750 4172 1213 4243 quemammodum
1243 4173 1371 4225 LM
1477 4174 1546 4227 25
1575 4174 1753 4227 cibum
1785 4178 1836 4240 (o
1867 4191 2002 4229 corr.
2034 4176 2094 4229 in
2121 4181 2176 4241 u)
2209 4174 2319 4227 P³b
2412 4175 2480 4227 26
2499 4180 2692 4228 natura

398 4280 583 4317 omnes
628 4262 674 4316 C
831 4266 1022 4332 nature
1070 4262 1101 4314 b
1248 4261 1445 4315 munde
1494 4262 1539 4315 S
1645 4264 1712 4317 27
1751 4263 2014 4318 nonnulla
2077 4268 2130 4329 (n
2192 4276 2319 4317 ame
2375 4280 2408 4316 u
2463 4280 2533 4315 m.
2589 4280 2690 4316 rec.

397 4354 681 4419 superscr.)
730 4352 776 4403 C
880 4351 948 4403 28
987 4349 1107 4413 aedi
1146 4350 1198 4402 L
