<?xml version="1.0" encoding="UTF-8"?>
<!DOCTYPE html PUBLIC "-//W3C//DTD XHTML 1.0 Transitional//EN"
    "http://www.w3.org/TR/xhtml1/DTD/xhtml1-transitional.dtd">
<html xmlns="http://www.w3.org/1999/xhtml" xml:lang="en" lang="en">
 <head>
  <title>
</title>
<meta http-equiv="Content-Type" content="text/html;charset=utf-8" />
  <meta name='ocr-system' content='tesseract 3.04.00' />
  <meta name='ocr-capabilities' content='ocr_page ocr_carea ocr_par ocr_line ocrx_word'/>
</head>
<body>
  <div class='ocr_page' id='page_1' title='image "./corpusscriptoru27wissgoog_0329.png"; bbox 0 0 3159 4984; ppageno 0'>
   <div class='ocr_carea' id='block_1_1' title="bbox 1007 436 2744 505">
    <p class='ocr_par' dir='ltr' id='par_1_1' title="bbox 1007 436 2744 505">
     <span class='ocr_line' id='line_1_1' title="bbox 1007 436 2744 505; baseline 0.003 -14"><span class='ocrx_word' id='word_1_1' title='bbox 1007 438 1097 492; x_wconf 87' lang='lat' dir='ltr'>VI.</span> <span class='ocrx_word' id='word_1_2' title='bbox 1156 436 1445 493; x_wconf 78' lang='lat' dir='ltr'><strong>Contra</strong></span> <span class='ocrx_word' id='word_1_3' title='bbox 1500 438 1872 493; x_wconf 83' lang='lat' dir='ltr'>Faustum</span> <span class='ocrx_word' id='word_1_4' title='bbox 1933 438 2066 493; x_wconf 91' lang='lat' dir='ltr'>lib.</span> <span class='ocrx_word' id='word_1_5' title='bbox 2107 437 2201 493; x_wconf 85' lang='lat' dir='ltr'>XI.</span> <span class='ocrx_word' id='word_1_6' title='bbox 2619 442 2744 505; x_wconf 84' lang='lat'>321</span> 
     </span>
    </p>
   </div>
   <div class='ocr_carea' id='block_1_2' title="bbox 342 632 2810 3700">
    <p class='ocr_par' dir='ltr' id='par_1_2' title="bbox 443 632 2752 1031">
     <span class='ocr_line' id='line_1_2' title="bbox 444 632 2752 717; baseline 0.001 -20"><span class='ocrx_word' id='word_1_7' title='bbox 444 638 549 697; x_wconf 87' lang='lat' dir='ltr'>tur</span> <span class='ocrx_word' id='word_1_8' title='bbox 594 653 631 697; x_wconf 87' lang='lat' dir='ltr'>a</span> <span class='ocrx_word' id='word_1_9' title='bbox 672 652 845 711; x_wconf 90' lang='lat' dir='ltr'>uero,</span> <span class='ocrx_word' id='word_1_10' title='bbox 884 632 1035 716; x_wconf 86' lang='lat' dir='ltr'>quia</span> <span class='ocrx_word' id='word_1_11' title='bbox 1096 651 1241 710; x_wconf 88' lang='lat' dir='ltr'>non,</span> <span class='ocrx_word' id='word_1_12' title='bbox 1307 635 1382 697; x_wconf 91' lang='lat' dir='ltr'>ut</span> <span class='ocrx_word' id='word_1_13' title='bbox 1446 632 1618 696; x_wconf 89' lang='lat' dir='ltr'>dicta</span> <span class='ocrx_word' id='word_1_14' title='bbox 1664 635 1833 709; x_wconf 87' lang='lat' dir='ltr'>sunt,</span> <span class='ocrx_word' id='word_1_15' title='bbox 1881 632 2363 717; x_wconf 89' lang='lat' dir='ltr'>intelleguntur,</span> <span class='ocrx_word' id='word_1_16' title='bbox 2414 635 2627 697; x_wconf 90' lang='lat' dir='ltr'>tamen</span> <span class='ocrx_word' id='word_1_17' title='bbox 2669 633 2752 703; x_wconf 86' lang='grc'><strong>,11-</strong></span> 
     </span>
     <span class='ocr_line' id='line_1_3' title="bbox 443 738 2747 823; baseline 0 -21"><span class='ocrx_word' id='word_1_18' title='bbox 443 738 665 805; x_wconf 90' lang='lat' dir='ltr'>berum</span> <span class='ocrx_word' id='word_1_19' title='bbox 710 739 801 804; x_wconf 89' lang='lat' dir='ltr'>ibi</span> <span class='ocrx_word' id='word_1_20' title='bbox 845 739 1038 804; x_wconf 89' lang='lat' dir='ltr'>habet</span> <span class='ocrx_word' id='word_1_21' title='bbox 1080 739 1281 805; x_wconf 90' lang='lat' dir='ltr'>lector</span> <span class='ocrx_word' id='word_1_22' title='bbox 1326 739 1657 804; x_wconf 88' lang='lat' dir='ltr'>auditorue</span> <span class='ocrx_word' id='word_1_23' title='bbox 1713 738 2042 818; x_wconf 89' lang='lat' dir='ltr'>iudicium,</span> <span class='ocrx_word' id='word_1_24' title='bbox 2091 758 2218 821; x_wconf 87' lang='lat' dir='ltr'>quo</span> <span class='ocrx_word' id='word_1_25' title='bbox 2268 739 2375 804; x_wconf 91' lang='lat' dir='ltr'>uel</span> <span class='ocrx_word' id='word_1_26' title='bbox 2423 739 2747 823; x_wconf 77' lang='lat' dir='ltr'>adprobet,</span> 
     </span>
     <span class='ocr_line' id='line_1_4' title="bbox 448 845 2750 930; baseline -0 -20"><span class='ocrx_word' id='word_1_27' title='bbox 448 846 619 928; x_wconf 89' lang='lat' dir='ltr'>quod</span> <span class='ocrx_word' id='word_1_28' title='bbox 671 846 1000 930; x_wconf 80' lang='lat' dir='ltr'>placuerit,</span> <span class='ocrx_word' id='word_1_29' title='bbox 1047 846 1157 911; x_wconf 88' lang='lat' dir='ltr'>uel</span> <span class='ocrx_word' id='word_1_30' title='bbox 1220 846 1531 929; x_wconf 74' lang='lat' dir='ltr'><strong>inprobet,</strong></span> <span class='ocrx_word' id='word_1_31' title='bbox 1586 846 1760 930; x_wconf 90' lang='lat' dir='ltr'>quod</span> <span class='ocrx_word' id='word_1_32' title='bbox 1807 845 2156 915; x_wconf 84' lang='lat' dir='ltr'>offenderit.</span> <span class='ocrx_word' id='word_1_33' title='bbox 2214 850 2281 911; x_wconf 89' lang='lat' dir='ltr'>et</span> <span class='ocrx_word' id='word_1_34' title='bbox 2323 846 2468 911; x_wconf 90' lang='lat' dir='ltr'>ideo</span> <span class='ocrx_word' id='word_1_35' title='bbox 2520 849 2750 911; x_wconf 88' lang='lat' dir='ltr'>cuncta</span> 
     </span>
     <span class='ocr_line' id='line_1_5' title="bbox 448 952 2745 1031; baseline -0.001 -14"><span class='ocrx_word' id='word_1_36' title='bbox 448 952 779 1031; x_wconf 86' lang='lat' dir='ltr'>eiusmodi,</span> <span class='ocrx_word' id='word_1_37' title='bbox 824 954 948 1019; x_wconf 90' lang='lat' dir='ltr'>nisi</span> <span class='ocrx_word' id='word_1_38' title='bbox 995 954 1102 1018; x_wconf 92' lang='lat' dir='ltr'>uel</span> <span class='ocrx_word' id='word_1_39' title='bbox 1168 954 1338 1017; x_wconf 87' lang='lat' dir='ltr'>certa</span> <span class='ocrx_word' id='word_1_40' title='bbox 1383 953 1627 1018; x_wconf 88' lang='lat' dir='ltr'>ratione</span> <span class='ocrx_word' id='word_1_41' title='bbox 1685 954 1791 1018; x_wconf 90' lang='lat' dir='ltr'>uel</span> <span class='ocrx_word' id='word_1_42' title='bbox 1849 972 1921 1018; x_wconf 83' lang='lat' dir='ltr'>ex</span> <span class='ocrx_word' id='word_1_43' title='bbox 1965 953 2080 1017; x_wconf 85' lang='lat' dir='ltr'>illa</span> <span class='ocrx_word' id='word_1_44' title='bbox 2126 954 2428 1019; x_wconf 89' lang='lat' dir='ltr'>canonica</span> <span class='ocrx_word' id='word_1_45' title='bbox 2474 952 2745 1018; x_wconf 87' lang='lat' dir='ltr'>auctori-</span> 
     </span>
    </p>

    <p class='ocr_par' dir='ltr' id='par_1_3' title="bbox 383 1059 2810 1574">
     <span class='ocr_line' id='line_1_6' title="bbox 383 1059 2744 1137; baseline 0.003 -20"><span class='ocrx_word' id='word_1_46' title='bbox 383 1079 409 1117; x_wconf 88' lang='lat'>5</span> <span class='ocrx_word' id='word_1_47' title='bbox 444 1061 576 1125; x_wconf 88' lang='lat' dir='ltr'>tate</span> <span class='ocrx_word' id='word_1_48' title='bbox 624 1060 1056 1137; x_wconf 73' lang='lat' dir='ltr'>defendantur,</span> <span class='ocrx_word' id='word_1_49' title='bbox 1106 1064 1180 1124; x_wconf 92' lang='lat' dir='ltr'>ut</span> <span class='ocrx_word' id='word_1_50' title='bbox 1226 1060 1694 1125; x_wconf 84' lang='lat' dir='ltr'>demonstretur</span> <span class='ocrx_word' id='word_1_51' title='bbox 1749 1060 1886 1125; x_wconf 92' lang='lat' dir='ltr'>siue</span> <span class='ocrx_word' id='word_1_52' title='bbox 1947 1060 2199 1127; x_wconf 90' lang='lat' dir='ltr'>omnino</span> <span class='ocrx_word' id='word_1_53' title='bbox 2255 1060 2348 1124; x_wconf 91' lang='lat' dir='ltr'>ita</span> <span class='ocrx_word' id='word_1_54' title='bbox 2395 1079 2556 1137; x_wconf 88' lang='lat' dir='ltr'>esse,</span> <span class='ocrx_word' id='word_1_55' title='bbox 2607 1059 2744 1125; x_wconf 88' lang='lat' dir='ltr'>siue</span> 
     </span>
     <span class='ocr_line' id='line_1_7' title="bbox 444 1166 2748 1250; baseline -0 -19"><span class='ocrx_word' id='word_1_56' title='bbox 444 1166 582 1231; x_wconf 89' lang='lat' dir='ltr'>fieri</span> <span class='ocrx_word' id='word_1_57' title='bbox 624 1166 931 1250; x_wconf 89' lang='lat' dir='ltr'>potuisse,</span> <span class='ocrx_word' id='word_1_58' title='bbox 980 1166 1153 1247; x_wconf 91' lang='lat' dir='ltr'>quod</span> <span class='ocrx_word' id='word_1_59' title='bbox 1214 1167 1322 1231; x_wconf 90' lang='lat' dir='ltr'>uel</span> <span class='ocrx_word' id='word_1_60' title='bbox 1387 1166 1784 1250; x_wconf 87' lang='lat' dir='ltr'>disputatum</span> <span class='ocrx_word' id='word_1_61' title='bbox 1848 1167 1939 1231; x_wconf 93' lang='lat' dir='ltr'>ibi</span> <span class='ocrx_word' id='word_1_62' title='bbox 1996 1170 2095 1232; x_wconf 90' lang='lat' dir='ltr'>est</span> <span class='ocrx_word' id='word_1_63' title='bbox 2150 1168 2256 1231; x_wconf 91' lang='lat' dir='ltr'>uel</span> <span class='ocrx_word' id='word_1_64' title='bbox 2300 1169 2640 1244; x_wconf 88' lang='lat' dir='ltr'>narratum,</span> <span class='ocrx_word' id='word_1_65' title='bbox 2691 1166 2748 1231; x_wconf 89' lang='lat' dir='ltr'>si</span> 
     </span>
     <span class='ocr_line' id='line_1_8' title="bbox 448 1272 2810 1357; baseline -0.002 -19"><span class='ocrx_word' id='word_1_66' title='bbox 448 1272 551 1338; x_wconf 90' lang='lat' dir='ltr'>cui</span> <span class='ocrx_word' id='word_1_67' title='bbox 597 1272 993 1356; x_wconf 85' lang='lat' dir='ltr'>displicuerit</span> <span class='ocrx_word' id='word_1_68' title='bbox 1038 1276 1150 1337; x_wconf 87' lang='lat' dir='ltr'>aut</span> <span class='ocrx_word' id='word_1_69' title='bbox 1196 1274 1446 1338; x_wconf 89' lang='lat' dir='ltr'>credere</span> <span class='ocrx_word' id='word_1_70' title='bbox 1496 1273 1790 1351; x_wconf 89' lang='lat' dir='ltr'>noluerit,</span> <span class='ocrx_word' id='word_1_71' title='bbox 1824 1292 1947 1338; x_wconf 92' lang='lat' dir='ltr'>non</span> <span class='ocrx_word' id='word_1_72' title='bbox 1986 1272 2482 1357; x_wconf 85' lang='lat' dir='ltr'>reprehenditur.</span> <span class='ocrx_word' id='word_1_73' title='bbox 2529 1272 2593 1336; x_wconf 91' lang='lat' dir='ltr'>in</span> <span class='ocrx_word' id='word_1_74' title='bbox 2633 1272 2748 1336; x_wconf 88' lang='lat' dir='ltr'>illa</span> <span class='ocrx_word' id='word_1_75' title='bbox 2805 1326 2810 1333; x_wconf 92' lang='lat'>.</span> 
     </span>
     <span class='ocr_line' id='line_1_9' title="bbox 446 1378 2742 1458; baseline -0 -15"><span class='ocrx_word' id='word_1_76' title='bbox 446 1398 596 1444; x_wconf 90' lang='lat' dir='ltr'>uero</span> <span class='ocrx_word' id='word_1_77' title='bbox 663 1380 961 1444; x_wconf 87' lang='lat' dir='ltr'>canonica</span> <span class='ocrx_word' id='word_1_78' title='bbox 1022 1380 1363 1445; x_wconf 85' lang='lat' dir='ltr'>eminentia</span> <span class='ocrx_word' id='word_1_79' title='bbox 1418 1398 1740 1445; x_wconf 90' lang='lat' dir='ltr'>sacrarum</span> <span class='ocrx_word' id='word_1_80' title='bbox 1812 1380 2192 1458; x_wconf 88' lang='lat' dir='ltr'>litterarum,</span> <span class='ocrx_word' id='word_1_81' title='bbox 2260 1378 2513 1444; x_wconf 90' lang='lat' dir='ltr'>etiamsi</span> <span class='ocrx_word' id='word_1_82' title='bbox 2575 1398 2742 1443; x_wconf 91' lang='lat' dir='ltr'>unus</span> 
     </span>
     <span class='ocr_line' id='line_1_10' title="bbox 450 1484 2742 1574; baseline -0 -25"><span class='ocrx_word' id='word_1_83' title='bbox 450 1487 753 1570; x_wconf 87' lang='lat' dir='ltr'>propheta</span> <span class='ocrx_word' id='word_1_84' title='bbox 798 1504 911 1551; x_wconf 91' lang='lat' dir='ltr'>seu</span> <span class='ocrx_word' id='word_1_85' title='bbox 960 1487 1288 1569; x_wconf 88' lang='lat' dir='ltr'>apostolus</span> <span class='ocrx_word' id='word_1_86' title='bbox 1336 1490 1449 1551; x_wconf 89' lang='lat' dir='ltr'>aut</span> <span class='ocrx_word' id='word_1_87' title='bbox 1496 1487 1894 1574; x_wconf 87' lang='lat' dir='ltr'>euangelista</span> <span class='ocrx_word' id='word_1_88' title='bbox 1932 1486 2175 1569; x_wconf 89' lang='lat' dir='ltr'>aliquid</span> <span class='ocrx_word' id='word_1_89' title='bbox 2211 1487 2276 1552; x_wconf 91' lang='lat' dir='ltr'>in</span> <span class='ocrx_word' id='word_1_90' title='bbox 2326 1486 2461 1552; x_wconf 90' lang='lat' dir='ltr'>suis</span> <span class='ocrx_word' id='word_1_91' title='bbox 2510 1484 2742 1549; x_wconf 91' lang='lat' dir='ltr'>litteris</span> 
     </span>
    </p>

    <p class='ocr_par' dir='ltr' id='par_1_4' title="bbox 358 1591 2742 2083">
     <span class='ocr_line' id='line_1_11' title="bbox 358 1591 2741 1676; baseline 0 -21"><span class='ocrx_word' id='word_1_92' title='bbox 358 1618 414 1655; x_wconf 81' lang='grc' dir='ltr'>ιο</span> <span class='ocrx_word' id='word_1_93' title='bbox 448 1593 740 1675; x_wconf 84' lang='lat' dir='ltr'>posuisse</span> <span class='ocrx_word' id='word_1_94' title='bbox 785 1593 925 1676; x_wconf 87' lang='lat' dir='ltr'>ipsa</span> <span class='ocrx_word' id='word_1_95' title='bbox 972 1592 1227 1658; x_wconf 88' lang='lat' dir='ltr'>canonis</span> <span class='ocrx_word' id='word_1_96' title='bbox 1296 1593 1769 1659; x_wconf 87' lang='lat' dir='ltr'>confirmatione</span> <span class='ocrx_word' id='word_1_97' title='bbox 1837 1593 2211 1670; x_wconf 83' lang='lat' dir='ltr'>declaratur,</span> <span class='ocrx_word' id='word_1_98' title='bbox 2259 1612 2382 1658; x_wconf 90' lang='lat' dir='ltr'>non</span> <span class='ocrx_word' id='word_1_99' title='bbox 2428 1593 2583 1657; x_wconf 88' lang='lat' dir='ltr'>licet</span> <span class='ocrx_word' id='word_1_100' title='bbox 2631 1591 2741 1656; x_wconf 91' lang='lat' dir='ltr'>du-</span> 
     </span>
     <span class='ocr_line' id='line_1_12' title="bbox 449 1699 2742 1784; baseline 0.001 -23"><span class='ocrx_word' id='word_1_101' title='bbox 449 1699 668 1777; x_wconf 89' lang='lat' dir='ltr'>bitare,</span> <span class='ocrx_word' id='word_1_102' title='bbox 718 1699 889 1783; x_wconf 89' lang='lat' dir='ltr'>quod</span> <span class='ocrx_word' id='word_1_103' title='bbox 955 1718 1177 1763; x_wconf 92' lang='lat' dir='ltr'>uerum</span> <span class='ocrx_word' id='word_1_104' title='bbox 1226 1700 1339 1777; x_wconf 88' lang='lat' dir='ltr'>sit;</span> <span class='ocrx_word' id='word_1_105' title='bbox 1409 1700 1689 1783; x_wconf 87' lang='lat' dir='ltr'>alioquin</span> <span class='ocrx_word' id='word_1_106' title='bbox 1759 1700 1936 1765; x_wconf 91' lang='lat' dir='ltr'>nulla</span> <span class='ocrx_word' id='word_1_107' title='bbox 1983 1700 2104 1765; x_wconf 90' lang='lat' dir='ltr'>erit</span> <span class='ocrx_word' id='word_1_108' title='bbox 2147 1700 2395 1784; x_wconf 84' lang='lat' dir='ltr'>pagina,</span> <span class='ocrx_word' id='word_1_109' title='bbox 2455 1718 2583 1782; x_wconf 91' lang='lat' dir='ltr'>qua</span> <span class='ocrx_word' id='word_1_110' title='bbox 2627 1699 2742 1763; x_wconf 93' lang='lat' dir='ltr'>hu-</span> 
     </span>
     <span class='ocr_line' id='line_1_13' title="bbox 448 1804 2742 1889; baseline 0.001 -22"><span class='ocrx_word' id='word_1_111' title='bbox 448 1823 669 1869; x_wconf 87' lang='lat' dir='ltr'>manae</span> <span class='ocrx_word' id='word_1_112' title='bbox 731 1804 1062 1888; x_wconf 87' lang='lat' dir='ltr'>inperitiae</span> <span class='ocrx_word' id='word_1_113' title='bbox 1126 1809 1383 1889; x_wconf 86' lang='lat' dir='ltr'>regatur</span> <span class='ocrx_word' id='word_1_114' title='bbox 1444 1804 1801 1883; x_wconf 76' lang='lat' dir='ltr'>infirmita8‚</span> <span class='ocrx_word' id='word_1_115' title='bbox 1851 1805 1908 1871; x_wconf 92' lang='lat' dir='ltr'>si</span> <span class='ocrx_word' id='word_1_116' title='bbox 1969 1806 2275 1871; x_wconf 91' lang='lat' dir='ltr'>librorum</span> <span class='ocrx_word' id='word_1_117' title='bbox 2333 1804 2742 1870; x_wconf 87' lang='lat' dir='ltr'>saluberrima</span> 
     </span>
     <span class='ocr_line' id='line_1_14' title="bbox 450 1910 2742 1995; baseline 0 -20"><span class='ocrx_word' id='word_1_118' title='bbox 450 1910 791 1976; x_wconf 84' lang='lat' dir='ltr'>auctoritas</span> <span class='ocrx_word' id='word_1_119' title='bbox 867 1914 978 1975; x_wconf 87' lang='lat' dir='ltr'>aut</span> <span class='ocrx_word' id='word_1_120' title='bbox 1042 1914 1405 1995; x_wconf 88' lang='lat' dir='ltr'>contempta</span> <span class='ocrx_word' id='word_1_121' title='bbox 1467 1912 1722 1995; x_wconf 89' lang='lat' dir='ltr'>penitus</span> <span class='ocrx_word' id='word_1_122' title='bbox 1797 1912 2086 1977; x_wconf 86' lang='lat' dir='ltr'>aboletur</span> <span class='ocrx_word' id='word_1_123' title='bbox 2159 1914 2270 1976; x_wconf 89' lang='lat' dir='ltr'>aut</span> <span class='ocrx_word' id='word_1_124' title='bbox 2341 1912 2742 1977; x_wconf 87' lang='lat' dir='ltr'>interminata</span> 
     </span>
     <span class='ocr_line' id='line_1_15' title="bbox 452 2016 873 2083; baseline -0.002 0"><span class='ocrx_word' id='word_1_125' title='bbox 452 2016 873 2083; x_wconf 85' lang='lat' dir='ltr'>confunditur.</span> 
     </span>
    </p>

    <p class='ocr_par' dir='ltr' id='par_1_5' title="bbox 362 2122 2770 2637">
     <span class='ocr_line' id='line_1_16' title="bbox 362 2122 2740 2209; baseline 0.002 -24"><span class='ocrx_word' id='word_1_126' title='bbox 362 2147 412 2186; x_wconf 78' lang='lat'>15</span> <span class='ocrx_word' id='word_1_127' title='bbox 542 2126 603 2189; x_wconf 89' lang='grc'>6.</span> <span class='ocrx_word' id='word_1_128' title='bbox 673 2122 1068 2208; x_wconf 83' lang='lat' dir='ltr'>Quapropter</span> <span class='ocrx_word' id='word_1_129' title='bbox 1131 2125 1419 2207; x_wconf 88' lang='lat' dir='ltr'>quisquis</span> <span class='ocrx_word' id='word_1_130' title='bbox 1486 2144 1575 2205; x_wconf 90' lang='lat' dir='ltr'>es,</span> <span class='ocrx_word' id='word_1_131' title='bbox 1646 2144 1832 2208; x_wconf 90' lang='lat' dir='ltr'>quem</span> <span class='ocrx_word' id='word_1_132' title='bbox 1889 2127 2074 2190; x_wconf 89' lang='lat' dir='ltr'>uelut</span> <span class='ocrx_word' id='word_1_133' title='bbox 2145 2125 2562 2209; x_wconf 86' lang='lat' dir='ltr'>repugnantia</span> <span class='ocrx_word' id='word_1_134' title='bbox 2615 2126 2740 2191; x_wconf 90' lang='lat' dir='ltr'>ista</span> 
     </span>
     <span class='ocr_line' id='line_1_17' title="bbox 448 2232 2738 2317; baseline 0 -22"><span class='ocrx_word' id='word_1_135' title='bbox 448 2234 805 2308; x_wconf 89' lang='lat' dir='ltr'>mouerunt,</span> <span class='ocrx_word' id='word_1_136' title='bbox 856 2232 1027 2314; x_wconf 88' lang='lat' dir='ltr'>quod</span> <span class='ocrx_word' id='word_1_137' title='bbox 1075 2232 1226 2297; x_wconf 87' lang='lat' dir='ltr'>alibi</span> <span class='ocrx_word' id='word_1_138' title='bbox 1274 2233 1580 2317; x_wconf 90' lang='lat' dir='ltr'>scriptum</span> <span class='ocrx_word' id='word_1_139' title='bbox 1631 2236 1768 2298; x_wconf 90' lang='lat' dir='ltr'>est:</span> <span class='ocrx_word' id='word_1_140' title='bbox 1836 2234 2086 2298; x_wconf 88' lang='lat' dir='ltr'>filium</span> <span class='ocrx_word' id='word_1_141' title='bbox 2143 2233 2261 2298; x_wconf 92' lang='lat' dir='ltr'>dei</span> <span class='ocrx_word' id='word_1_142' title='bbox 2321 2252 2402 2297; x_wconf 77' lang='lat' dir='ltr'>ex</span> <span class='ocrx_word' id='word_1_143' title='bbox 2458 2232 2738 2297; x_wconf 90' lang='grc'><strong>361111116</strong></span> 
     </span>
     <span class='ocr_line' id='line_1_18' title="bbox 446 2337 2736 2415; baseline 0 -13"><span class='ocrx_word' id='word_1_144' title='bbox 446 2338 723 2415; x_wconf 91' lang='lat' dir='ltr'>Dauid,</span> <span class='ocrx_word' id='word_1_145' title='bbox 781 2337 934 2401; x_wconf 89' lang='lat' dir='ltr'>alibi</span> <span class='ocrx_word' id='word_1_146' title='bbox 989 2341 1241 2405; x_wconf 90' lang='lat' dir='ltr'>autem:</span> <span class='ocrx_word' id='word_1_147' title='bbox 1301 2341 1450 2405; x_wconf 91' lang='lat' dir='ltr'>etsi</span> <span class='ocrx_word' id='word_1_148' title='bbox 1506 2359 1956 2407; x_wconf 90' lang='lat' dir='ltr'>noueramus</span> <span class='ocrx_word' id='word_1_149' title='bbox 2025 2338 2408 2405; x_wconf 86' lang='lat' dir='ltr'>Christum</span> <span class='ocrx_word' id='word_1_150' title='bbox 2483 2357 2736 2403; x_wconf 86' lang='lat' dir='ltr'>secun-</span> 
     </span>
     <span class='ocr_line' id='line_1_19' title="bbox 448 2443 2737 2523; baseline 0.001 -16"><span class='ocrx_word' id='word_1_151' title='bbox 448 2443 615 2508; x_wconf 90' lang='lat' dir='ltr'>dum</span> <span class='ocrx_word' id='word_1_152' title='bbox 694 2463 1017 2523; x_wconf 89' lang='lat' dir='ltr'>carnem,</span> <span class='ocrx_word' id='word_1_153' title='bbox 1094 2446 1225 2511; x_wconf 87' lang='lat' dir='ltr'>sed</span> <span class='ocrx_word' id='word_1_154' title='bbox 1297 2446 1441 2511; x_wconf 89' lang='lat' dir='ltr'>iam</span> <span class='ocrx_word' id='word_1_155' title='bbox 1520 2466 1715 2512; x_wconf 91' lang='lat' dir='ltr'>nunc</span> <span class='ocrx_word' id='word_1_156' title='bbox 1781 2466 1921 2511; x_wconf 91' lang='lat' dir='ltr'>non</span> <span class='ocrx_word' id='word_1_157' title='bbox 1985 2446 2364 2522; x_wconf 83' lang='grc'><strong>110111111113,</strong></span> <span class='ocrx_word' id='word_1_158' title='bbox 2433 2444 2554 2509; x_wconf 91' lang='lat' dir='ltr'>etsi</span> <span class='ocrx_word' id='word_1_159' title='bbox 2615 2464 2737 2509; x_wconf 90' lang='lat' dir='ltr'>non</span> 
     </span>
     <span class='ocr_line' id='line_1_20' title="bbox 444 2550 2770 2637; baseline -0 -22"><span class='ocrx_word' id='word_1_160' title='bbox 444 2555 785 2635; x_wconf 89' lang='lat' dir='ltr'>utrumque</span> <span class='ocrx_word' id='word_1_161' title='bbox 854 2571 925 2616; x_wconf 84' lang='lat' dir='ltr'>ex</span> <span class='ocrx_word' id='word_1_162' title='bbox 990 2552 1181 2618; x_wconf 89' lang='lat' dir='ltr'>unius</span> <span class='ocrx_word' id='word_1_163' title='bbox 1247 2554 1524 2637; x_wconf 87' lang='lat' dir='ltr'>apostoli</span> <span class='ocrx_word' id='word_1_164' title='bbox 1585 2553 1817 2619; x_wconf 91' lang='lat' dir='ltr'>litteris</span> <span class='ocrx_word' id='word_1_165' title='bbox 1890 2552 2296 2636; x_wconf 87' lang='lat' dir='ltr'>proferretur,</span> <span class='ocrx_word' id='word_1_166' title='bbox 2365 2550 2477 2616; x_wconf 89' lang='lat' dir='ltr'>sed</span> <span class='ocrx_word' id='word_1_167' title='bbox 2541 2570 2770 2615; x_wconf 90' lang='lat' dir='ltr'>unum·</span> 
     </span>
    </p>

    <p class='ocr_par' dir='ltr' id='par_1_6' title="bbox 356 2658 2737 3170">
     <span class='ocr_line' id='line_1_21' title="bbox 356 2658 2735 2739; baseline 0 -17"><span class='ocrx_word' id='word_1_168' title='bbox 356 2692 408 2731; x_wconf 73' lang='lat'>20</span> <span class='ocrx_word' id='word_1_169' title='bbox 450 2678 667 2723; x_wconf 88' lang='lat' dir='ltr'>eorum</span> <span class='ocrx_word' id='word_1_170' title='bbox 722 2660 963 2725; x_wconf 87' lang='lat' dir='ltr'>Paulus</span> <span class='ocrx_word' id='word_1_171' title='bbox 1019 2659 1305 2739; x_wconf 81' lang='lat' dir='ltr'>dixisset,</span> <span class='ocrx_word' id='word_1_172' title='bbox 1363 2660 1636 2725; x_wconf 90' lang='lat' dir='ltr'>alterum</span> <span class='ocrx_word' id='word_1_173' title='bbox 1681 2661 1910 2725; x_wconf 90' lang='lat' dir='ltr'>Petrus</span> <span class='ocrx_word' id='word_1_174' title='bbox 1966 2661 2078 2724; x_wconf 90' lang='lat' dir='ltr'>aut</span> <span class='ocrx_word' id='word_1_175' title='bbox 2130 2658 2350 2724; x_wconf 87' lang='lat' dir='ltr'>Esaias</span> <span class='ocrx_word' id='word_1_176' title='bbox 2407 2660 2518 2722; x_wconf 89' lang='lat' dir='ltr'>aut</span> <span class='ocrx_word' id='word_1_177' title='bbox 2573 2658 2735 2723; x_wconf 87' lang='lat' dir='ltr'>alius</span> 
     </span>
     <span class='ocr_line' id='line_1_22' title="bbox 448 2764 2737 2850; baseline -0.001 -21"><span class='ocrx_word' id='word_1_178' title='bbox 448 2764 786 2847; x_wconf 88' lang='lat' dir='ltr'>quisquam</span> <span class='ocrx_word' id='word_1_179' title='bbox 833 2767 1265 2849; x_wconf 82' lang='lat' dir='ltr'>apostolorum</span> <span class='ocrx_word' id='word_1_180' title='bbox 1313 2766 1449 2831; x_wconf 89' lang='grc'><strong>31116</strong></span> <span class='ocrx_word' id='word_1_181' title='bbox 1495 2766 1963 2850; x_wconf 84' lang='lat' dir='ltr'>prophetarum,</span> <span class='ocrx_word' id='word_1_182' title='bbox 2022 2765 2171 2847; x_wconf 88' lang='lat' dir='ltr'>quia</span> <span class='ocrx_word' id='word_1_183' title='bbox 2223 2764 2314 2828; x_wconf 89' lang='lat' dir='ltr'>ita</span> <span class='ocrx_word' id='word_1_184' title='bbox 2359 2764 2481 2829; x_wconf 88' lang='lat' dir='ltr'>sibi</span> <span class='ocrx_word' id='word_1_185' title='bbox 2529 2764 2737 2829; x_wconf 86' lang='lat' dir='ltr'>omnia</span> 
     </span>
     <span class='ocr_line' id='line_1_23' title="bbox 444 2870 2737 2953; baseline 0 -18"><span class='ocrx_word' id='word_1_186' title='bbox 444 2871 509 2935; x_wconf 92' lang='lat' dir='ltr'>in</span> <span class='ocrx_word' id='word_1_187' title='bbox 562 2873 861 2938; x_wconf 85' lang='lat' dir='ltr'>canonica</span> <span class='ocrx_word' id='word_1_188' title='bbox 906 2872 1281 2947; x_wconf 84' lang='lat' dir='ltr'>auctoritate</span> <span class='ocrx_word' id='word_1_189' title='bbox 1330 2873 1732 2951; x_wconf 87' lang='lat' dir='ltr'>concordant,</span> <span class='ocrx_word' id='word_1_190' title='bbox 1779 2876 1854 2938; x_wconf 91' lang='lat' dir='ltr'>ut</span> <span class='ocrx_word' id='word_1_191' title='bbox 1897 2874 2224 2953; x_wconf 87' lang='lat' dir='ltr'>tamquam</span> <span class='ocrx_word' id='word_1_192' title='bbox 2260 2889 2385 2935; x_wconf 94' lang='lat' dir='ltr'>uno</span> <span class='ocrx_word' id='word_1_193' title='bbox 2425 2888 2528 2935; x_wconf 89' lang='lat' dir='ltr'>ore</span> <span class='ocrx_word' id='word_1_194' title='bbox 2569 2870 2737 2936; x_wconf 86' lang='lat' dir='ltr'>dicta</span> 
     </span>
     <span class='ocr_line' id='line_1_24' title="bbox 441 2975 2732 3063; baseline 0 -22"><span class='ocrx_word' id='word_1_195' title='bbox 441 2978 799 3044; x_wconf 87' lang='lat' dir='ltr'>iustissima</span> <span class='ocrx_word' id='word_1_196' title='bbox 844 2981 909 3044; x_wconf 92' lang='lat' dir='ltr'>et</span> <span class='ocrx_word' id='word_1_197' title='bbox 962 2978 1457 3062; x_wconf 88' lang='lat' dir='ltr'>prudentissima</span> <span class='ocrx_word' id='word_1_198' title='bbox 1510 2980 1748 3063; x_wconf 89' lang='lat' dir='ltr'>pietate</span> <span class='ocrx_word' id='word_1_199' title='bbox 1805 2980 2138 3045; x_wconf 84' lang='lat' dir='ltr'>credantur</span> <span class='ocrx_word' id='word_1_200' title='bbox 2204 2981 2268 3042; x_wconf 88' lang='lat' dir='ltr'>et</span> <span class='ocrx_word' id='word_1_201' title='bbox 2333 2975 2732 3041; x_wconf 87' lang='lat' dir='ltr'>serenissimo</span> 
     </span>
     <span class='ocr_line' id='line_1_25' title="bbox 441 3084 2732 3170; baseline -0 -23"><span class='ocrx_word' id='word_1_202' title='bbox 441 3084 777 3150; x_wconf 86' lang='lat' dir='ltr'>intellectu</span> <span class='ocrx_word' id='word_1_203' title='bbox 804 3084 1211 3149; x_wconf 86' lang='lat' dir='ltr'>inueniantur</span> <span class='ocrx_word' id='word_1_204' title='bbox 1248 3089 1313 3150; x_wconf 88' lang='lat' dir='ltr'>et</span> <span class='ocrx_word' id='word_1_205' title='bbox 1349 3086 1794 3151; x_wconf 87' lang='lat' dir='ltr'>sollertissima</span> <span class='ocrx_word' id='word_1_206' title='bbox 1831 3084 2159 3170; x_wconf 86' lang='lat' dir='ltr'>diligentia</span> <span class='ocrx_word' id='word_1_207' title='bbox 2198 3084 2732 3148; x_wconf 88' lang='lat' dir='ltr'>demonstrentur:</span> 
     </span>
    </p>

    <p class='ocr_par' dir='ltr' id='par_1_7' title="bbox 342 3188 2737 3700">
     <span class='ocr_line' id='line_1_26' title="bbox 342 3188 2736 3275; baseline -0.001 -21"><span class='ocrx_word' id='word_1_208' title='bbox 342 3226 396 3265; x_wconf 73' lang='lat'>,5</span> <span class='ocrx_word' id='word_1_209' title='bbox 442 3210 565 3257; x_wconf 91' lang='lat' dir='ltr'>non</span> <span class='ocrx_word' id='word_1_210' title='bbox 629 3192 852 3256; x_wconf 89' lang='lat' dir='ltr'>liceret</span> <span class='ocrx_word' id='word_1_211' title='bbox 916 3190 991 3255; x_wconf 90' lang='lat' dir='ltr'>de</span> <span class='ocrx_word' id='word_1_212' title='bbox 1058 3191 1359 3260; x_wconf 75' lang='lat' dir='ltr'>alterutro</span> <span class='ocrx_word' id='word_1_213' title='bbox 1426 3191 1735 3256; x_wconf 86' lang='lat' dir='ltr'>dubitare.</span> <span class='ocrx_word' id='word_1_214' title='bbox 1799 3190 2058 3275; x_wconf 88' lang='lat' dir='ltr'>proinde</span> <span class='ocrx_word' id='word_1_215' title='bbox 2123 3190 2273 3272; x_wconf 90' lang='lat' dir='ltr'>quia</span> <span class='ocrx_word' id='word_1_216' title='bbox 2338 3207 2408 3252; x_wconf 83' lang='lat' dir='ltr'>ex</span> <span class='ocrx_word' id='word_1_217' title='bbox 2465 3188 2736 3271; x_wconf 87' lang='lat' dir='ltr'>apostoli</span> 
     </span>
     <span class='ocr_line' id='line_1_27' title="bbox 440 3294 2737 3381; baseline -0.002 -19"><span class='ocrx_word' id='word_1_218' title='bbox 440 3298 629 3362; x_wconf 88' lang='lat' dir='ltr'>Pauli</span> <span class='ocrx_word' id='word_1_219' title='bbox 678 3296 1017 3375; x_wconf 84' lang='lat' dir='ltr'>canonicis,</span> <span class='ocrx_word' id='word_1_220' title='bbox 1064 3295 1132 3360; x_wconf 89' lang='lat' dir='ltr'>id</span> <span class='ocrx_word' id='word_1_221' title='bbox 1172 3301 1271 3361; x_wconf 90' lang='lat' dir='ltr'>est</span> <span class='ocrx_word' id='word_1_222' title='bbox 1307 3316 1455 3361; x_wconf 89' lang='lat' dir='ltr'>uere</span> <span class='ocrx_word' id='word_1_223' title='bbox 1490 3298 1678 3362; x_wconf 91' lang='lat' dir='ltr'>Pauli</span> <span class='ocrx_word' id='word_1_224' title='bbox 1717 3298 2008 3381; x_wconf 90' lang='lat' dir='ltr'>epistulis</span> <span class='ocrx_word' id='word_1_225' title='bbox 2047 3298 2386 3377; x_wconf 84' lang='lat' dir='ltr'>utrumque</span> <span class='ocrx_word' id='word_1_226' title='bbox 2421 3294 2737 3377; x_wconf 83' lang='lat' dir='ltr'>profertur</span> 
     </span>
     <span class='ocr_line' id='line_1_28' title="bbox 438 3402 2730 3486; baseline -0.001 -19"><span class='ocrx_word' id='word_1_227' title='bbox 438 3408 503 3467; x_wconf 89' lang='lat' dir='ltr'>et</span> <span class='ocrx_word' id='word_1_228' title='bbox 538 3423 663 3469; x_wconf 91' lang='lat' dir='ltr'>non</span> <span class='ocrx_word' id='word_1_229' title='bbox 700 3422 1047 3486; x_wconf 87' lang='lat' dir='ltr'>possumus</span> <span class='ocrx_word' id='word_1_230' title='bbox 1083 3402 1289 3467; x_wconf 89' lang='lat' dir='ltr'>dicere</span> <span class='ocrx_word' id='word_1_231' title='bbox 1328 3406 1442 3467; x_wconf 90' lang='lat' dir='ltr'>aut</span> <span class='ocrx_word' id='word_1_232' title='bbox 1474 3404 1849 3469; x_wconf 89' lang='lat' dir='ltr'>mendosum</span> <span class='ocrx_word' id='word_1_233' title='bbox 1889 3422 2028 3468; x_wconf 90' lang='grc'><strong>6336</strong></span> <span class='ocrx_word' id='word_1_234' title='bbox 2067 3402 2350 3467; x_wconf 88' lang='lat' dir='ltr'>codicem</span> <span class='ocrx_word' id='word_1_235' title='bbox 2386 3438 2474 3447; x_wconf 90' lang='lat'>-—</span> <span class='ocrx_word' id='word_1_236' title='bbox 2513 3420 2730 3465; x_wconf 91' lang='lat' dir='ltr'>omnes</span> 
     </span>
     <span class='ocr_line' id='line_1_29' title="bbox 437 3508 2728 3591; baseline 0 -19"><span class='ocrx_word' id='word_1_237' title='bbox 437 3509 604 3573; x_wconf 90' lang='lat' dir='ltr'>enim</span> <span class='ocrx_word' id='word_1_238' title='bbox 667 3508 849 3573; x_wconf 89' lang='lat' dir='ltr'>latini</span> <span class='ocrx_word' id='word_1_239' title='bbox 918 3508 1235 3572; x_wconf 87' lang='lat' dir='ltr'>emendati</span> <span class='ocrx_word' id='word_1_240' title='bbox 1291 3509 1385 3573; x_wconf 88' lang='lat' dir='ltr'>sic</span> <span class='ocrx_word' id='word_1_241' title='bbox 1439 3508 1675 3574; x_wconf 89' lang='lat' dir='ltr'>habent</span> <span class='ocrx_word' id='word_1_242' title='bbox 1719 3546 1806 3557; x_wconf 91' lang='lat'>—-</span> <span class='ocrx_word' id='word_1_243' title='bbox 1863 3513 1975 3573; x_wconf 90' lang='lat' dir='ltr'>aut</span> <span class='ocrx_word' id='word_1_244' title='bbox 2025 3508 2433 3591; x_wconf 88' lang='lat' dir='ltr'>interpretem</span> <span class='ocrx_word' id='word_1_245' title='bbox 2489 3526 2728 3572; x_wconf 86' lang='lat' dir='ltr'>errasse</span> 
     </span>
     <span class='ocr_line' id='line_1_30' title="bbox 438 3616 2730 3700; baseline -0.002 -19"><span class='ocrx_word' id='word_1_246' title='bbox 438 3652 501 3663; x_wconf 91' lang='grc'><strong>-</strong></span> <span class='ocrx_word' id='word_1_247' title='bbox 580 3634 798 3681; x_wconf 88' lang='grc'><strong>01111163</strong></span> <span class='ocrx_word' id='word_1_248' title='bbox 860 3616 1029 3680; x_wconf 88' lang='grc'><strong>6111111</strong></span> <span class='ocrx_word' id='word_1_249' title='bbox 1086 3616 1295 3700; x_wconf 88' lang='lat' dir='ltr'>graeci</span> <span class='ocrx_word' id='word_1_250' title='bbox 1352 3616 1667 3681; x_wconf 87' lang='lat' dir='ltr'>emendati</span> <span class='ocrx_word' id='word_1_251' title='bbox 1725 3616 1816 3681; x_wconf 90' lang='lat' dir='ltr'>sic</span> <span class='ocrx_word' id='word_1_252' title='bbox 1863 3618 2098 3681; x_wconf 87' lang='lat' dir='ltr'>habent</span> <span class='ocrx_word' id='word_1_253' title='bbox 2141 3652 2232 3661; x_wconf 89' lang='lat'><strong>—</strong></span> <span class='ocrx_word' id='word_1_254' title='bbox 2274 3616 2493 3689; x_wconf 75' lang='lat' dir='ltr'>restat,</span> <span class='ocrx_word' id='word_1_255' title='bbox 2542 3616 2616 3676; x_wconf 91' lang='lat' dir='ltr'>ut</span> <span class='ocrx_word' id='word_1_256' title='bbox 2660 3616 2730 3677; x_wconf 91' lang='lat' dir='ltr'>tu</span> 
     </span>
    </p>
   </div>
   <div class='ocr_carea' id='block_1_3' title="bbox 500 3873 2727 3959">
    <p class='ocr_par' dir='ltr' id='par_1_8' title="bbox 500 3873 2727 3959">
     <span class='ocr_line' id='line_1_31' title="bbox 500 3873 2727 3959; baseline -0.002 -28"><span class='ocrx_word' id='word_1_257' title='bbox 500 3878 532 3931; x_wconf 88' lang='grc'>5</span> <span class='ocrx_word' id='word_1_258' title='bbox 562 3877 1088 3932; x_wconf 86' lang='lat' dir='ltr'>demonstrareturL</span> <span class='ocrx_word' id='word_1_259' title='bbox 1181 3879 1211 3931; x_wconf 89' lang='grc'><strong>7</strong></span> <span class='ocrx_word' id='word_1_260' title='bbox 1241 3878 1667 3948; x_wconf 77' lang='lat' dir='ltr'>repraehenditm</span> <span class='ocrx_word' id='word_1_261' title='bbox 1685 3878 1739 3931; x_wconf 92' lang='lat' dir='ltr'><em>L</em></span> <span class='ocrx_word' id='word_1_262' title='bbox 1827 3878 1860 3932; x_wconf 91' lang='grc'>8</span> <span class='ocrx_word' id='word_1_263' title='bbox 1891 3878 2075 3959; x_wconf 73' lang='lat' dir='ltr'>canica</span> <span class='ocrx_word' id='word_1_264' title='bbox 2100 3878 2165 3933; x_wconf 80' lang='lat'>0¹</span> <span class='ocrx_word' id='word_1_265' title='bbox 2257 3878 2289 3931; x_wconf 89' lang='lat'><strong>9</strong></span> <span class='ocrx_word' id='word_1_266' title='bbox 2319 3874 2634 3945; x_wconf 84' lang='lat' dir='ltr'>euangelsta</span> <span class='ocrx_word' id='word_1_267' title='bbox 2661 3873 2727 3927; x_wconf 80' lang='lat'>0¹</span> 
     </span>
    </p>
   </div>
   <div class='ocr_carea' id='block_1_4' title="bbox 423 4005 2732 4437">
    <p class='ocr_par' dir='ltr' id='par_1_9' title="bbox 423 4005 2732 4437">
     <span class='ocr_line' id='line_1_32' title="bbox 424 4005 2729 4081; baseline -0.002 -18"><span class='ocrx_word' id='word_1_268' title='bbox 424 4009 597 4065; x_wconf 84' lang='lat' dir='ltr'>literis</span> <span class='ocrx_word' id='word_1_269' title='bbox 636 4009 683 4065; x_wconf 99' lang='lat' dir='ltr'><strong><em>S</em></strong></span> <span class='ocrx_word' id='word_1_270' title='bbox 864 4010 926 4065; x_wconf 85' lang='lat'>13</span> <span class='ocrx_word' id='word_1_271' title='bbox 965 4014 1061 4064; x_wconf 90' lang='lat' dir='ltr'>aut</span> <span class='ocrx_word' id='word_1_272' title='bbox 1100 4014 1145 4077; x_wconf 87' lang='lat' dir='ltr'>(t</span> <span class='ocrx_word' id='word_1_273' title='bbox 1181 4026 1225 4063; x_wconf 83' lang='lat'>8.</span> <span class='ocrx_word' id='word_1_274' title='bbox 1266 4012 1320 4073; x_wconf 85' lang='grc' dir='ltr'>Ζ.)</span> <span class='ocrx_word' id='word_1_275' title='bbox 1359 4010 1413 4063; x_wconf 92' lang='lat' dir='ltr'><strong><em>L</em></strong></span> <span class='ocrx_word' id='word_1_276' title='bbox 1594 4010 1844 4081; x_wconf 84' lang='lat' dir='ltr'>paenitus</span> <span class='ocrx_word' id='word_1_277' title='bbox 1882 4006 2105 4065; x_wconf 82' lang='lat' dir='ltr'><strong><em>LSMG</em></strong></span> <span class='ocrx_word' id='word_1_278' title='bbox 2294 4005 2640 4063; x_wconf 84' lang='lat' dir='ltr'>interminata</span> <span class='ocrx_word' id='word_1_279' title='bbox 2676 4005 2729 4059; x_wconf 91' lang='lat' dir='ltr'><em>L</em></span> 
     </span>
     <span class='ocr_line' id='line_1_33' title="bbox 426 4095 2732 4167; baseline -0.002 -16"><span class='ocrx_word' id='word_1_280' title='bbox 426 4098 492 4151; x_wconf 88' lang='grc'>18</span> <span class='ocrx_word' id='word_1_281' title='bbox 529 4098 624 4153; x_wconf 87' lang='lat' dir='ltr'>sed</span> <span class='ocrx_word' id='word_1_282' title='bbox 664 4102 716 4165; x_wconf 92' lang='lat' dir='ltr'>(e</span> <span class='ocrx_word' id='word_1_283' title='bbox 754 4115 797 4153; x_wconf 83' lang='lat'>8.</span> <span class='ocrx_word' id='word_1_284' title='bbox 836 4100 871 4156; x_wconf 72' lang='grc' dir='ltr'>Ζ.</span> <span class='ocrx_word' id='word_1_285' title='bbox 912 4117 949 4153; x_wconf 85' lang='grc' dir='ltr'>α</span> <span class='ocrx_word' id='word_1_286' title='bbox 987 4115 1055 4153; x_wconf 83' lang='lat' dir='ltr'>m.</span> <span class='ocrx_word' id='word_1_287' title='bbox 1095 4102 1155 4167; x_wconf 81' lang='lat'>2)</span> <span class='ocrx_word' id='word_1_288' title='bbox 1192 4098 1239 4153; x_wconf 81' lang='grc' dir='ltr'><em>Ο</em></span> <span class='ocrx_word' id='word_1_289' title='bbox 1412 4105 1479 4153; x_wconf 70' lang='lat' dir='ltr'>nc</span> <span class='ocrx_word' id='word_1_290' title='bbox 1520 4102 1585 4165; x_wconf 79' lang='lat'>(3.</span> <span class='ocrx_word' id='word_1_291' title='bbox 1627 4102 1662 4155; x_wconf 81' lang='lat' dir='ltr'>l.</span> <span class='ocrx_word' id='word_1_292' title='bbox 1701 4116 1766 4155; x_wconf 83' lang='lat' dir='ltr'>m.</span> <span class='ocrx_word' id='word_1_293' title='bbox 1809 4102 1867 4165; x_wconf 80' lang='lat'>2)</span> <span class='ocrx_word' id='word_1_294' title='bbox 1906 4100 1954 4154; x_wconf 80' lang='lat'><em>0</em></span> <span class='ocrx_word' id='word_1_295' title='bbox 2132 4101 2189 4153; x_wconf 88' lang='lat' dir='ltr'>et</span> <span class='ocrx_word' id='word_1_296' title='bbox 2226 4105 2314 4163; x_wconf 84' lang='lat' dir='ltr'>(m.</span> <span class='ocrx_word' id='word_1_297' title='bbox 2351 4112 2454 4150; x_wconf 82' lang='lat' dir='ltr'>rec.</span> <span class='ocrx_word' id='word_1_298' title='bbox 2497 4095 2649 4163; x_wconf 80' lang='lat' dir='ltr'>add.)</span> <span class='ocrx_word' id='word_1_299' title='bbox 2685 4096 2732 4149; x_wconf 80' lang='lat' dir='ltr'><em>C</em></span> 
     </span>
     <span class='ocr_line' id='line_1_34' title="bbox 424 4184 2726 4259; baseline -0.002 -18"><span class='ocrx_word' id='word_1_300' title='bbox 424 4187 470 4241; x_wconf 88' lang='lat' dir='ltr'>si</span> <span class='ocrx_word' id='word_1_301' title='bbox 516 4203 618 4242; x_wconf 85' lang='lat' dir='ltr'>om.</span> <span class='ocrx_word' id='word_1_302' title='bbox 666 4188 979 4243; x_wconf 75' lang='lat' dir='ltr'><strong><em>LPSGMb</em></strong></span> <span class='ocrx_word' id='word_1_303' title='bbox 1088 4190 1152 4241; x_wconf 86' lang='lat'>21</span> <span class='ocrx_word' id='word_1_304' title='bbox 1195 4188 1342 4259; x_wconf 87' lang='lat' dir='ltr'>quia]</span> <span class='ocrx_word' id='word_1_305' title='bbox 1383 4206 1519 4259; x_wconf 89' lang='lat' dir='ltr'>quae</span> <span class='ocrx_word' id='word_1_306' title='bbox 1560 4189 1608 4244; x_wconf 90' lang='lat' dir='ltr'><strong><em>S</em></strong></span> <span class='ocrx_word' id='word_1_307' title='bbox 1640 4206 1775 4259; x_wconf 56' lang='lat' dir='ltr'>clune</span> <span class='ocrx_word' id='word_1_308' title='bbox 1819 4189 1870 4243; x_wconf 78' lang='lat' dir='ltr'><strong><em>G</em></strong></span> <span class='ocrx_word' id='word_1_309' title='bbox 1979 4189 2048 4241; x_wconf 85' lang='lat'>22</span> <span class='ocrx_word' id='word_1_310' title='bbox 2097 4186 2353 4242; x_wconf 84' lang='lat' dir='ltr'>canonica</span> <span class='ocrx_word' id='word_1_311' title='bbox 2402 4196 2494 4249; x_wconf 75' lang='lat' dir='ltr'>(no</span> <span class='ocrx_word' id='word_1_312' title='bbox 2532 4200 2574 4239; x_wconf 80' lang='grc' dir='ltr'>ε.</span> <span class='ocrx_word' id='word_1_313' title='bbox 2615 4184 2650 4237; x_wconf 90' lang='lat' dir='ltr'>l.</span> <span class='ocrx_word' id='word_1_314' title='bbox 2691 4202 2726 4237; x_wconf 85' lang='lat' dir='ltr'>a</span> 
     </span>
     <span class='ocr_line' id='line_1_35' title="bbox 424 4273 2726 4346; baseline -0.002 -17"><span class='ocrx_word' id='word_1_315' title='bbox 424 4293 489 4331; x_wconf 82' lang='lat' dir='ltr'>m.</span> <span class='ocrx_word' id='word_1_316' title='bbox 529 4280 594 4346; x_wconf 79' lang='lat'>2)</span> <span class='ocrx_word' id='word_1_317' title='bbox 636 4277 682 4331; x_wconf 89' lang='lat' dir='ltr'><strong><em>S</em></strong></span> <span class='ocrx_word' id='word_1_318' title='bbox 784 4277 853 4331; x_wconf 87' lang='grc'>23</span> <span class='ocrx_word' id='word_1_319' title='bbox 890 4278 1151 4332; x_wconf 87' lang='lat' dir='ltr'>istissima</span> <span class='ocrx_word' id='word_1_320' title='bbox 1194 4278 1257 4332; x_wconf 79' lang='lat'>0¹</span> <span class='ocrx_word' id='word_1_321' title='bbox 1366 4279 1436 4330; x_wconf 86' lang='lat'>24</span> <span class='ocrx_word' id='word_1_322' title='bbox 1476 4278 1821 4333; x_wconf 83' lang='lat' dir='ltr'>sollertisima</span> <span class='ocrx_word' id='word_1_323' title='bbox 1866 4278 1913 4332; x_wconf 83' lang='lat' dir='ltr'><strong><em>C</em></strong></span> <span class='ocrx_word' id='word_1_324' title='bbox 2015 4278 2085 4330; x_wconf 82' lang='lat'>25</span> <span class='ocrx_word' id='word_1_325' title='bbox 2125 4276 2346 4330; x_wconf 85' lang='lat' dir='ltr'>altertro</span> <span class='ocrx_word' id='word_1_326' title='bbox 2387 4273 2434 4329; x_wconf 90' lang='lat' dir='ltr'><strong><em>S</em></strong></span> <span class='ocrx_word' id='word_1_327' title='bbox 2536 4273 2606 4326; x_wconf 87' lang='lat'>26</span> <span class='ocrx_word' id='word_1_328' title='bbox 2645 4276 2726 4327; x_wconf 83' lang='lat' dir='ltr'>est</span> 
     </span>
     <span class='ocr_line' id='line_1_36' title="bbox 423 4365 1736 4437; baseline 0.002 -19"><span class='ocrx_word' id='word_1_329' title='bbox 423 4379 525 4419; x_wconf 84' lang='lat' dir='ltr'>om.</span> <span class='ocrx_word' id='word_1_330' title='bbox 569 4365 617 4420; x_wconf 82' lang='grc' dir='ltr'><em>Ο</em></span> <span class='ocrx_word' id='word_1_331' title='bbox 758 4370 937 4437; x_wconf 90' lang='lat' dir='ltr'>utroq:</span> <span class='ocrx_word' id='word_1_332' title='bbox 980 4367 1128 4421; x_wconf 79' lang='lat' dir='ltr'>S¹G¹</span> <span class='ocrx_word' id='word_1_333' title='bbox 1236 4368 1304 4420; x_wconf 88' lang='grc'>29</span> <span class='ocrx_word' id='word_1_334' title='bbox 1344 4367 1490 4437; x_wconf 88' lang='lat' dir='ltr'>greci</span> <span class='ocrx_word' id='word_1_335' title='bbox 1529 4367 1736 4421; x_wconf 78' lang='lat' dir='ltr'><strong><em>LCSG·</em></strong></span> 
     </span>
    </p>
   </div>
   <div class='ocr_carea' id='block_1_5' title="bbox 476 4468 2590 4540">
    <p class='ocr_par' dir='ltr' id='par_1_10' title="bbox 476 4468 2590 4540">
     <span class='ocr_line' id='line_1_37' title="bbox 476 4468 2590 4540; baseline 0.001 -13"><span class='ocrx_word' id='word_1_336' title='bbox 476 4489 612 4531; x_wconf 83' lang='lat' dir='ltr'>XXV.</span> <span class='ocrx_word' id='word_1_337' title='bbox 644 4492 763 4540; x_wconf 75' lang='lat' dir='ltr'>Aug.</span> <span class='ocrx_word' id='word_1_338' title='bbox 794 4496 905 4531; x_wconf 75' lang='lat' dir='ltr'>sect.</span> <span class='ocrx_word' id='word_1_339' title='bbox 938 4493 980 4532; x_wconf 81' lang='grc'><strong>6.</strong></span> <span class='ocrx_word' id='word_1_340' title='bbox 2525 4468 2590 4521; x_wconf 74' lang='lat'>21</span> 
     </span>
    </p>
   </div>
  </div>
 </body>
</html>
