3159 4984
972 456 1059 513 VI.
1118 458 1411 514 Contra
1464 458 1837 515 Faustum
1889 460 2022 516 lib.
2079 459 2256 513 XIIII.
2621 464 2752 528 403

452 656 628 721 omni
675 675 903 737 genere
948 657 1374 741 punitionum,
1430 655 1848 719 maledictum
1904 674 2044 719 esse
2102 656 2482 721 sceleratum
2544 660 2608 721 et
2661 657 2752 722 in-

456 764 635 847 pium
702 784 975 841 omnem,
1045 764 1153 846 qui
1216 762 1628 847 pependisset
1693 762 1758 825 in
1822 762 2021 846 ligno,
2088 766 2164 826 ut
2227 766 2402 828 esset
2455 763 2753 830 discretio

460 871 675 953 aliqua
737 872 902 935 inter
965 872 1173 936 iustos
1240 872 1305 934 et
1366 869 1679 944 iniustos;
1747 888 2131 951 quamquam
2195 888 2274 935 ne
2341 869 2434 934 sic
2500 870 2752 953 quidem

457 996 609 1041 uera
646 978 929 1052 dixisset,
965 998 1111 1043 cum
1150 980 1461 1042 latronem
1492 974 1786 1040 Christus
1827 976 1902 1039 de
1939 975 2114 1059 ligno
2155 996 2372 1041 secum
2409 976 2756 1042 introduxit

384 1102 420 1141 5
456 1083 521 1146 in
569 1083 933 1167 paradisum
989 1084 1189 1167 patris
1247 1082 1371 1149 sui.
1438 1081 1551 1145 nbi
1608 1084 1711 1145 est
1766 1100 1914 1165 ergo
1971 1082 2430 1147 maledictus
2489 1084 2751 1157 omnis,

451 1190 585 1272 qui
640 1190 920 1273 pendet
972 1189 1047 1253 in
1104 1188 1356 1273 ligno?
1420 1206 1498 1250 an
1545 1187 1870 1252 Barabbas
1927 1188 2090 1253 latro
2149 1187 2259 1252 ille
2307 1188 2596 1273 insigni&
2646 1189 2753 1271 qui

452 1316 581 1361 non
630 1297 839 1361 solum
886 1297 951 1361 in
996 1296 1171 1381 ligno
1222 1313 1576 1377 suspensus
1625 1293 1886 1359 minime
1945 1296 2064 1370 est,
2123 1295 2237 1359 sed
2295 1294 2486 1359 etiam
2531 1296 2752 1361 Iudae-

456 1422 637 1467 orum
684 1406 912 1487 rogatu
962 1403 1235 1468 emissus
1285 1421 1318 1465 e
1368 1420 1636 1479 carcere,
1693 1400 1900 1485 magis
1957 1399 2081 1464 fuit
2133 1400 2507 1466 benedictus
2563 1420 2753 1483 quam

456 1511 587 1585 ille,
654 1510 765 1591 qui
830 1529 973 1574 cum
1034 1507 1285 1574 Christo
1353 1508 1431 1572 de
1498 1524 1686 1572 cruce
1753 1506 2040 1570 ascendit
2101 1506 2166 1571 in
2229 1508 2528 1573 caelum?
2603 1508 2756 1591 quid

366 1637 423 1677 ιο
460 1616 778 1697 denique?
818 1616 988 1697 quod
1026 1615 1221 1680 etiam
1259 1635 1409 1679 eum
1444 1614 1860 1680 maledictum
1899 1618 2110 1689 uocat,
2152 1614 2261 1696 qui
2300 1614 2502 1679 solem
2539 1616 2754 1681 adora-

457 1724 625 1787 uerit
670 1726 783 1787 aut
826 1723 1064 1789 lunam.
1115 1722 1171 1787 si
1219 1742 1365 1805 ergo
1416 1722 1535 1787 sub
1577 1722 1803 1805 gentili
1848 1723 2099 1805 positus
2137 1740 2287 1805 rege
2327 1724 2528 1788 solem
2567 1742 2755 1807 cogar

459 1831 715 1895 adorare
779 1832 862 1905 et,
932 1849 1079 1894 cum
1142 1829 1435 1893 restitero
1500 1828 1916 1893 maledictum
1981 1830 2102 1893 hoc
2166 1831 2479 1906 metusne,
2536 1830 2756 1895 iubear

452 1937 765 2021 crucifigi,
811 1938 874 2001 in
924 1936 1097 2001 aliud
1146 1937 1283 2001 eius
1338 1936 1654 2000 incurram
1710 1936 2143 2015 maledictum,
2212 1936 2381 2019 quod
2445 1938 2751 2002 aduersus

457 2065 603 2110 eum
654 2045 1065 2128 deprompsit,
1116 2044 1225 2126 qui
1270 2043 1507 2125 pendet
1551 2044 1618 2106 in
1663 2042 1862 2126 ligno.
1933 2063 2010 2107 an
2063 2043 2192 2127 ipsi
2248 2044 2504 2126 quidem
2569 2044 2752 2109 bonis

364 2168 423 2208 ¹⁵
458 2152 751 2218 omnibus
799 2150 1177 2216 maledicere
1215 2152 1594 2215 consuetum
1635 2152 1784 2213 est?
1833 2168 1948 2213 nos
1987 2168 2138 2214 uero
2177 2151 2340 2214 tanti
2379 2150 2752 2215 deuotiones

461 2260 595 2324 eius
644 2259 1001 2323 existimare
1048 2257 1373 2331 debemus,
1434 2257 1656 2337 quanti
1714 2259 1865 2320 sunt
1921 2256 2458 2321 stomachantium
2507 2258 2752 2321 uetula—

458 2385 617 2428 rum.
668 2366 761 2429 sic
810 2365 976 2429 enim
1025 2368 1091 2429 et
1137 2364 1238 2428 dei
1276 2384 1494 2429 omnes
1534 2383 1766 2446 pueros
1809 2382 1882 2428 ac
1919 2364 2200 2447 uirgines
2238 2364 2373 2446 pari
2412 2364 2751 2431 deuotione

456 2473 862 2554 prosequitur
909 2472 1123 2535 dicens
1173 2471 1586 2535 maledictum
1637 2490 1778 2535 esse
1828 2489 2101 2545 omnem,
2161 2470 2268 2551 qui
2316 2490 2438 2535 non
2487 2471 2750 2535 suscita-

459 2578 625 2641 uerit
680 2597 895 2641 semen
952 2577 1015 2640 in
1070 2578 1332 2643 Israhel.
1402 2576 1573 2658 quod
1640 2595 1838 2659 aeque
1907 2576 2268 2641 conuicium
2323 2576 2754 2659 principaliter

360 2700 423 2741 το
460 2685 713 2767 quidem
753 2685 967 2748 Iesum
1012 2684 1238 2767 tangit,
1289 2683 1397 2765 qui
1447 2687 1626 2748 ortus
1676 2686 1740 2747 et
1785 2682 1942 2765 ipse,
1983 2686 2056 2746 ut
2093 2681 2326 2757 dicitis,
2367 2701 2439 2745 ex
2477 2682 2748 2750 Iudaeis,

462 2791 699 2855 nullam
748 2794 961 2855 tamen
1010 2790 1172 2854 inter
1218 2810 1325 2855 eos
1376 2789 1722 2854 seruandae
1769 2789 2161 2871 posteritatis
2221 2808 2412 2853 causa
2466 2788 2750 2853 sobolem

462 2897 818 2964 suscitauit.
853 2898 1075 2961 deinde
1116 2901 1180 2961 et
1220 2897 1569 2979 discipulos
1610 2897 1771 2972 61115,
1812 2914 2079 2978 quorum
2117 2896 2454 2960 nonnullos
2493 2895 2748 2977 quidem

464 3007 539 3069 ab
586 3004 886 3069 uxoribus
936 3005 1227 3072 seiunxit,
1268 3023 1429 3086 quos
1480 3004 1813 3086 copulatos
1859 3004 2208 3079 inuenerat,
2250 3002 2558 3084 quosdam
2595 3022 2747 3068 uero

344 3120 349 3123 '
463 3115 526 3175 et
588 3112 888 3196 coniungi
954 3111 1199 3185 uetuit,
1277 3130 1437 3192 quos
1504 3110 1918 3193 deprehendit
1978 3110 2274 3174 intactos,
2354 3128 2480 3191 qua
2543 3108 2618 3173 (16
2682 3130 2745 3174 re

365 3235 421 3273 25
460 3220 757 3302 Moyseos
801 3218 1159 3300 inpunitam
1207 3218 1368 3282 hanc
1417 3218 1700 3302 linguam
1757 3217 2242 3281 maledictorum
2297 3216 2523 3279 iaculis
2573 3217 2746 3282 Chri·

634 3412 669 3463 4
727 3409 793 3463 cf.
850 3409 978 3464 Luc.
1035 3410 1119 3469 23,
1176 3408 1247 3461 43
1356 3408 1388 3461 8
1448 3407 1512 3461 cf.
1572 3408 1769 3461 Matth.
1828 3407 1913 3471 27,
1961 3408 2031 3461 26
2143 3410 2208 3461 11
2257 3406 2322 3461 cf.
2371 3408 2535 3461 Dent.
2583 3408 2664 3471 18,
2714 3408 2746 3461 3

457 3501 523 3554 19
562 3498 629 3553 cf.
666 3499 830 3553 Dent.
870 3498 954 3563 25,
995 3498 1029 3552 5
1068 3514 1184 3567 sqq.

2059 3584 2112 3631 ss
2204 3584 2255 3632 ’ἵ

524 3635 559 3686 4
624 3633 1006 3687 introduxisset
1063 3632 1109 3685 S
1318 3632 1351 3685 5
1415 3631 1740 3701 paradysum
1796 3631 1842 3685 S
2063 3612 2147 3685 sui
2201 3614 2370 3702 patris
2415 3632 2460 3683 C'
2619 3648 2744 3701 ergo

456 3727 539 3776 est
575 3723 673 3777 SG
818 3723 852 3776 6
900 3722 1160 3793 pepend&
1204 3722 1269 3775 0¹
1449 3721 1743 3775 barrabbas
1799 3721 1846 3774 C
1989 3722 2018 3772 7
2071 3720 2350 3774 iudeorum
2404 3720 2450 3773 C
2587 3720 2622 3773 8
2659 3736 2743 3771 ro-

454 3816 609 3882 gatos
650 3812 795 3865 S¹G¹
842 3816 1036 3881 rogatu
1086 3812 1130 3878 (s
1182 3814 1275 3873 er.)
1317 3810 1439 3863 LM
1583 3812 1646 3863 11
1698 3810 1812 3881 aut]
1866 3828 1924 3863 ac
1965 3810 2133 3864 SMG·
2313 3810 2482 3863 solem
2522 3816 2568 3872 (e
2608 3826 2742 3865 corr.

452 3918 517 3954 er
564 3902 603 3954 i‘·
646 3901 743 3955 SG
888 3901 1107 3953 adora-re
1160 3918 1321 3967 cogar
1369 3900 1400 3952 b
1513 3902 1581 3953 14
1632 3900 1927 3969 depromsit
1975 3900 2050 3953 L¹
2163 3900 2228 3953 lb
2277 3899 2650 3952 denotationes
2703 3898 2748 3951 C

452 3990 755 4043 deuotionis
811 3988 1073 4042 L¹MS¹G
1226 3988 1287 4041 16
1328 3988 1583 4041 extimare
1640 3988 1686 4040 C
1833 3988 2246 4041 stomacantinm
2299 3988 2348 4041 L
2489 3987 2554 4039 17
2604 3989 2742 4056 pasri

454 4082 497 4139 rt
559 4081 653 4144 er.)
694 4078 876 4181 8111(ὶῖ
940 4084 986 4145 (t
1045 4094 1161 4145 erp.
1227 4093 1367 4132 am.
1410 4078 1463 4143 2)
1505 4077 1559 4130 L
1706 4078 2055 4131 denotatione
2123 4076 2360 4131 GCS¹M
2470 4076 2536 4129 19
2600 4077 2742 4146 quod

830 4152 839 4181 i

540 4151 695 4188 hocque
720 4159 823 4182 eonu
844 4155 859 4180 t
878 4161 900 4181 υ

451 4194 553 4259 'nae
601 4210 737 4263 quae
786 4194 1043 4259 conuictu
1092 4192 1191 4246 SG
1350 4208 1520 4262 aeque
1566 4192 1612 4245 (J
1791 4195 1858 4245 21
1911 4192 2171 4261 scruande
2231 4194 2268 4261 (⁸
2322 4192 2453 4245 add.
2489 4208 2557 4244 m.
2597 4192 2650 4256 2)
2690 4193 2742 4245 L

450 4282 691 4335 subolem
749 4282 814 4335 ίἰ
924 4283 993 4335 24
1041 4280 1409 4351 depraehendit
1457 4282 1507 4333 L
1620 4283 1688 4335 25
1739 4298 1948 4334 moseos
1999 4282 2046 4335 S
2089 4296 2333 4349 moyseos
2383 4289 2436 4347 (y
2483 4296 2524 4330 s.
2577 4280 2634 4345 l.)
2679 4280 2740 4331 M

448 4388 661 4439 moyses
701 4390 790 4424 eos
830 4372 860 4423 b

2531 4474 2632 4527 26*
