3159 4984
442 440 569 504 790
1139 437 1190 489 S.
1248 436 1522 490 Aureli
1578 436 2013 505 Augustini

438 633 715 698 Faustus
782 631 1023 715 aliquid
1086 634 1236 714 post
1298 631 1460 697 hanc
1524 632 1726 696 uitam
1792 632 2092 713 cuiquam
2157 650 2348 715 posse
2402 631 2728 714 praestari,

441 739 610 821 quod
658 738 779 804 sibi
823 738 1271 822 praestandum
1318 737 1383 802 in
1431 738 1548 802 hac
1595 739 1734 802 uita
1787 758 1910 802 non
1969 737 2426 820 conparauerit.
2492 739 2730 803 bonum

439 849 539 910 est
584 845 791 922 uobis,
847 847 941 922 ut,
1001 845 1149 909 dum
1208 844 1314 910 hic
1369 843 1617 922 uiuitis,
1673 845 1873 908 istum
1927 843 2303 927 relinquatis
2351 863 2622 910 errorem
2671 849 2735 909 et

438 952 775 1017 ueritatem
826 952 1175 1017 catholicae
1220 951 1370 1016 fidei
1420 951 1824 1034 cognoscatis
1872 955 2062 1034 atque
2109 951 2403 1016 teneatis.
2455 952 2732 1034 alioquin

436 1059 628 1142 longe
676 1059 896 1136 aberit,
945 1058 1114 1139 quod
1162 1057 1285 1122 sibi
1330 1058 1674 1141 pollicetur
1715 1056 2017 1136 iniustus,
2060 1077 2204 1122 cum
2253 1059 2386 1124 fieri
2435 1059 2735 1142 coeperit,
2798 1083 2824 1119 s

416 1164 611 1247 quod
656 1164 895 1229 iniusto
942 1164 1221 1229 minatus
1271 1167 1373 1227 est
1418 1164 1597 1228 deus.

536 1274 595 1336 5.
645 1271 741 1334 De
788 1269 925 1334 uita
971 1273 1187 1334 autem
1232 1269 1736 1353 patriarcharum
1781 1269 1930 1348 iam,
1982 1272 2291 1352 quantum
2351 1270 2510 1335 satis
2575 1271 2734 1334 arbi-

442 1379 646 1441 tratus
696 1396 859 1455 sum,
907 1377 1152 1442 homini
1198 1376 1512 1440 maledico
1551 1395 1676 1441 non
1713 1395 1918 1460 pauca
1953 1376 2290 1460 respondi:
2341 1377 2572 1459 quibus
2611 1397 2734 1442 11011

441 1483 665 1564 utique
710 1482 775 1546 in
821 1485 1026 1547 morte
1074 1481 1375 1547 correctis
1422 1481 1531 1546 uel
1566 1484 1718 1565 post
1751 1481 2115 1566 passionem
2153 1501 2334 1547 suam
2369 1483 2736 1548 iustificatis

437 1589 879 1656 testimonium
928 1588 1221 1654 dominus
1268 1587 1662 1671 perhibebat,
1714 1607 1860 1652 cum
1906 1587 2181 1653 Iudaeos
2227 1589 2616 1668 admoneret,
2665 1595 2740 1654 ut
2777 1610 2826 1647 ιο

442 1697 499 1761 si
543 1696 831 1760 Abrahae
880 1695 994 1760 filii
1043 1697 1278 1772 essent,
1327 1696 1496 1759 facta
1539 1693 1828 1759 Abrahae
1875 1694 2174 1773 facerent,
2243 1699 2308 1760 et
2354 1696 2524 1779 quod
2567 1696 2736 1761 idem

440 1801 755 1867 Abraham
808 1801 1090 1866 eiusdem
1142 1801 1309 1864 diem
1356 1801 1572 1864 uidere
1622 1801 2061 1883 concupiuerit
2095 1801 2485 1886 gauisusque
2521 1803 2739 1894 fuerit,

445 1931 590 1978 cum
666 1909 958 1986 uidisset,
1028 1911 1093 1972 et
1148 1908 1316 1990 quod
1372 1907 1435 1972 in
1496 1907 1633 1972 eius
1690 1907 1930 1985 sinum,
1987 1908 2054 1972 id
2111 1912 2209 1972 est
2273 1910 2486 1974 nescio
2553 1911 2738 1975 cuius

442 2017 695 2101 quietae
760 2013 1085 2080 felicitatis
1150 2033 1453 2098 magnum
1511 2013 1927 2096 abditumque
1985 2019 2302 2079 secretum
2359 2016 2742 2081 abstulerint

442 2122 655 2207 angeli
691 2139 1035 2205 pauperem
1078 2120 1266 2184 illum
1314 2139 1761 2186 aerumnosum
1810 2140 1848 2184 a
1895 2120 2094 2186 diuite
2141 2121 2546 2205 superbiente
2594 2142 2740 2188 con·
2777 2142 2826 2181 1⁵

444 2232 781 2313 temptum.
850 2227 1001 2310 quid
1060 2227 1265 2292 dicam
1324 2225 1400 2291 de
1460 2227 1748 2311 apostolo
1805 2227 2007 2291 Paulo
2032 2231 2062 2291 P
2129 2247 2206 2292 an
2261 2228 2425 2293 forte
2483 2231 2549 2292 et
2600 2229 2739 2314 ipse

446 2338 595 2420 post
646 2337 916 2400 mortem
972 2333 1387 2398 iustificatum
1444 2333 1668 2398 laudat
1720 2333 2061 2413 Abraham,
2121 2335 2310 2417 quod,
2366 2334 2738 2419 priusquam

451 2439 1030 2517 circumcideretur,
1082 2439 1350 2503 credidit
1396 2438 1532 2516 dec,
1585 2441 1650 2502 et
1696 2439 2070 2522 deputatum
2119 2444 2218 2507 est
2270 2441 2367 2505 illi
2424 2442 2502 2504 ad
2555 2443 2740 2506 iusti·

448 2547 657 2612 tiam?
706 2544 877 2629 quod
923 2544 1086 2609 tanti
1132 2545 1372 2628 pendit,
1420 2549 1495 2608 ut
1540 2565 1656 2610 nos
1694 2565 1818 2611 non
1859 2546 1938 2611 ob
1978 2546 2151 2610 aliud
2191 2547 2361 2612 dicat
2395 2548 2562 2614 filios
2601 2549 2740 2613 eius

450 2674 589 2720 esse
638 2653 918 2730 effectos,
968 2652 1077 2735 qui
1124 2653 1261 2718 eius
1311 2673 1494 2742 carne
1538 2653 1871 2737 propagati
1917 2673 2039 2718 non
2090 2673 2333 2732 sumus,
2392 2655 2516 2720 nisi
2573 2656 2742 2738 quod
2778 2673 2832 2711 ευ

446 2763 583 2827 eius
604 2774 607 2778 ’
631 2760 781 2825 fidei
826 2758 1105 2843 uestigia
1151 2777 1508 2841 sequamur.

535 2871 595 2932 6.
656 2866 780 2932 Sed
827 2865 980 2949 quid
1028 2864 1214 2930 uobis
1262 2865 1509 2942 faciam,
1562 2884 1721 2947 quos
1770 2869 1990 2931 contra
2042 2867 2414 2932 testimonia
2468 2868 2738 2951 scriptu-

446 2993 655 3039 rarum
719 2973 811 3038 ita
869 2971 1299 3037 obsurdefecit
1351 2971 1677 3053 iniquitas,
1737 2981 1811 3037 ut
1865 2972 2168 3056 quicquid
2223 2973 2562 3038 aduersum
2617 2994 2739 3040 uos

624 3112 685 3166 13
726 3111 793 3168 cf.
830 3111 943 3165 Ioh.
984 3111 1033 3172 8,
1073 3111 1143 3164 39
1185 3155 1197 3165 .
1237 3107 1306 3164 56
1419 3111 1484 3164 16
1524 3111 1590 3164 cf.
1629 3111 1759 3165 Luc.
1803 3113 1884 3177 16,
1921 3113 1991 3167 23
2103 3113 2171 3166 18
2211 3113 2275 3169 cf.
2315 3113 2469 3169 Rom.
2504 3116 2557 3177 4,
2596 3114 2628 3167 3

514 3213 541 3263 1
585 3209 783 3278 aliqui*
822 3207 880 3274 ((1
916 3226 985 3262 m.
1024 3211 1063 3261 2
1102 3207 1227 3272 del.)
1266 3207 1318 3261 L
1506 3209 1736 3277 prestari
1773 3208 1824 3261 L
2005 3225 2162 3278 posse
2198 3210 2548 3281 prestandum
2588 3211 2736 3281 quod

440 3299 495 3352 in
550 3299 653 3352 hac
707 3299 823 3352 uita
880 3297 1047 3368 (quod
1100 3313 1142 3350 s.
1202 3297 1235 3350 l.
1294 3313 1331 3349 a
1384 3313 1452 3350 m.
1494 3299 1569 3363 2;
1627 3296 1770 3366 quod
1807 3314 1909 3351 om.
1953 3298 2026 3362 G)
2075 3299 2176 3353 SG
2390 3301 2423 3352 2
2462 3315 2738 3370 compara-

441 3387 581 3442 uerit
620 3388 661 3456 (1
697 3401 763 3439 ex
800 3403 833 3439 a
871 3389 1031 3447 corr.)
1072 3385 1123 3438 G
1232 3386 1267 3438 3
1305 3385 1431 3439 dum
1471 3392 1528 3448 (ε.
1571 3385 1606 3438 Ζ.
1647 3402 1684 3438 α
1719 3402 1789 3439 m.
1827 3388 1889 3450 2)
1917 3386 1976 3451 S,
2005 3403 2106 3443 om.
2143 3387 2194 3442 G
2305 3391 2337 3442 5
2375 3389 2551 3443 auerit
2587 3389 2740 3444 M¹G

442 3477 706 3532 aneritate
746 3477 806 3545 (8.
848 3474 881 3527 l.
922 3475 1011 3527 uel
1050 3473 1255 3536 aberit;
1296 3475 1561 3529 aneritate
1597 3475 1736 3541 fact.
1765 3491 1832 3529 ex
1870 3477 2064 3540 suerit)
2093 3477 2149 3529 P
2171 3494 2202 3530 a
2231 3477 2464 3532 ueritate
2499 3477 2676 3533 aberit
2705 3480 2740 3532 b

440 3565 699 3619 iniustum
738 3562 838 3618 SG
875 3563 1093 3616 iniustis
1130 3562 1203 3614 M
1235 3563 1287 3616 111
1327 3564 1503 3616 iustus
1548 3563 1596 3617 0
1747 3563 1779 3616 6
1817 3564 1874 3618 in
1911 3565 2054 3618 iusto
2100 3566 2146 3619 G
2295 3567 2326 3620 9
2365 3568 2502 3638 post,¹
2527 3571 2652 3638 post
2695 3569 2748 3623 G

442 3655 509 3710 10
546 3653 735 3708 iudeos
779 3653 826 3704 (1
966 3652 1281 3706 admoneret
1316 3657 1420 3714 (ret
1455 3668 1498 3706 s.
1539 3653 1597 3718 l.)
1644 3651 1695 3705 G
1809 3653 1872 3706 13
1919 3653 1977 3706 id
2014 3655 2100 3707 est
2131 3670 2176 3708 s.
2217 3655 2250 3708 Ζ.
2291 3653 2340 3709 S
2446 3658 2511 3710 14
2550 3657 2742 3729 quiete

438 3747 473 3813 (ι
498 3741 627 3796 add.
664 3759 733 3797 m.
773 3743 823 3803 2)
862 3741 913 3794 L
952 3741 1134 3811 quiete
1173 3739 1386 3795 CSMG
1604 3739 1955 3811 abditumque
1997 3742 2051 3808 (b
2090 3757 2134 3797 8.
2174 3743 2233 3809 1.)
2271 3743 2320 3798 S
2497 3745 2564 3799 15
2599 3763 2738 3816 pau-

438 3847 623 3901 perum
669 3830 741 3883 L¹
792 3835 1025 3900 paupere
1076 3833 1132 3893 (u
1178 3829 1239 3882 in
1287 3846 1314 3882 e
1363 3829 1519 3897 corr.)
1576 3829 1692 3883 SM
1870 3830 2214 3900 superbiente
2260 3833 2349 3904 (m.
2397 3839 2428 3888 2
2475 3835 2736 3888 ueniente

439 3936 556 3988 exp.
626 3925 675 3972 et
738 3917 943 3988 bientej
990 3921 1277 3986 ευμεν-εον.)
1326 3917 1373 3971 S
1442 3916 1910 3988 superuenientem
1965 3917 2016 3972 G
2249 3923 2576 3975 contemtum
2623 3921 2741 3976 PG

442 4007 505 4060 17
544 4006 895 4060 iustificatum
934 4014 965 4059 1‘1
1004 4005 1194 4060 laudat
1230 4013 1288 4070 (fi
1326 4021 1368 4058 ε.
1410 4007 1445 4062 l.
1486 4023 1523 4060 a
1558 4024 1628 4058 m.
1666 4006 1720 4073 2)
1764 4005 1810 4060 S
2035 4008 2348 4078 priusquam
2389 4011 2638 4079 (insa-8.)
2683 4011 2740 4064 G

442 4095 507 4150 18
538 4093 1004 4150 circumcideretur
1043 4094 1114 4160 (ci
1150 4109 1193 4148 ε.
1235 4095 1268 4148 l.
1310 4111 1347 4147 a
1372 4111 1441 4147 m.
1478 4097 1532 4160 3)
1564 4095 1621 4147 P
1657 4094 1924 4149 cideretur
1956 4094 2006 4150 G
2099 4097 2168 4150 20
2199 4097 2416 4152 affectos
2446 4098 2494 4152 S
2515 4097 2741 4153 effectos

437 4185 488 4256 (0
525 4200 567 4240 8.
608 4199 725 4253 cap.
764 4191 817 4241 u)
855 4183 911 4236 Ρ
1017 4185 1083 4236 21
1124 4182 1251 4236 fidei
1292 4183 1335 4250 (i
1368 4183 1451 4250 fin
1485 4184 1549 4236 in
1581 4185 1719 4249 ras.)
1765 4183 1832 4246 G,
1871 4184 1913 4247 (i
1948 4185 2012 4238 in
2045 4201 2158 4239 raa.
2190 4185 2234 4254 s)
2267 4187 2332 4240 M
2439 4188 2508 4240 23
2547 4186 2739 4241 obsur-

438 4273 672 4336 daefecit
722 4276 859 4340 (ειη).
908 4289 976 4327 m.
1026 4271 1078 4340 2)
1123 4270 1178 4324 L
1216 4270 1445 4324 obsurde
1483 4271 1617 4326 fecit
1651 4271 1761 4326 P¹b
1808 4271 1996 4326 surdos
2043 4273 2175 4327 fecit
2227 4274 2274 4328 0
2315 4273 2742 4332 obsurderefecit

438 4362 514 4431 (re
552 4377 595 4414 s,
635 4361 671 4414 l.
712 4361 843 4414 add.
885 4377 949 4413 m.
991 4361 1043 4429 2)
1084 4359 1129 4414 S
1272 4359 1529 4430 quicquid
1567 4368 1618 4424 (c
1655 4376 1775 4428 sup.
1815 4361 1848 4414 d
1889 4379 1926 4415 a
1962 4379 2029 4416 m.
2069 4368 2119 4427 1)
2165 4361 2214 4418 0
2389 4364 2649 4419 aduersus
2696 4366 2748 4420 C
