3159 4984
913 459 1003 511 VI.
1056 458 1349 513 Contra
1404 460 1774 512 Faustum
1832 458 1960 511 lib.
2017 458 2162 511 xvl.
2538 460 2669 523 459

368 656 613 735 petram
658 652 889 717 Petrus
935 672 1049 735 per
1091 652 1493 736 prudentiam
1552 653 1758 717 carnis
1813 655 2062 737 percuti
2124 655 2462 722 exhorruit.
2524 674 2672 719 cum

372 759 625 824 domino
682 760 1045 843 passionem
1104 778 1285 823 suam
1342 760 1816 843 praenuntianti
1877 762 2004 828 ait:
2072 762 2293 840 absit,
2353 762 2670 827 domine.

370 887 509 932 non
558 867 703 931 fiet
748 867 989 939 istud:
1038 868 1425 951 propitius
1472 868 1618 933 tibi
1665 870 1876 937 esto?
1921 888 2126 952 neque
2174 870 2340 934 enim
2388 869 2675 952 pepercit,

370 975 517 1039 huic
554 978 817 1058 peccato
859 974 1179 1052 domium,
1220 994 1368 1040 cum
1408 975 1467 1041 ci
1501 977 1838 1041 retulerit:
1878 973 2040 1042 redi
2076 980 2300 1056 retr0‚
2343 980 2672 1041 satanas

306 1104 331 1140 ⁵
372 1082 815 1147 scandalum
872 1082 1057 1146 mihi
1116 1101 1219 1157 es;
1290 1102 1431 1147 non
1491 1083 1685 1147 enim
1745 1084 1985 1167 sapis,
2054 1102 2240 1165 quae
2300 1082 2419 1146 dei
2474 1086 2671 1157 sunt.

371 1189 498 1253 sed
549 1182 969 1271 quaesunt
1012 1189 1415 1255 hominum.
1467 1192 1581 1253 aut
1627 1189 1738 1253 ubi
1781 1192 2036 1255 mortua
2085 1192 2187 1255 est
2229 1191 2358 1254 ista
2403 1189 2672 1254 carnalis

370 1296 720 1361 diffidentia
785 1296 909 1361 nisi
970 1296 1035 1360 in
1099 1295 1338 1361 Christi
1393 1297 1854 1380 glorificatione
1909 1299 2236 1379 tamquam
2303 1297 2366 1361 in
2435 1297 2672 1362 montis

370 1404 759 1468 altitudine?
816 1422 963 1467 nam
1012 1404 1233 1486 utique
1280 1404 1564 1482 uiuebat‚
1616 1423 1762 1468 cum
1811 1424 1958 1469 eum
2005 1404 2230 1469 timide
2279 1408 2556 1487 negaret,
2609 1407 2670 1467 et

369 1512 594 1593 utique
640 1516 897 1576 mortua
945 1514 1097 1580 erat.
1149 1530 1295 1575 cum
1336 1530 1481 1575 eum
1519 1511 1718 1575 libere
1755 1511 2166 1594 praedicaret.
2215 1512 2370 1576 haec
2407 1510 2674 1574 uiuebat

276 1638 328 1675 m
368 1619 431 1681 in
466 1618 682 1695 Saule.
722 1638 869 1683 cum
907 1617 1279 1683 scandalum
1319 1618 1527 1683 crucis
1567 1618 1892 1683 detestans
1931 1620 2228 1683 uastabat
2265 1617 2672 1682 christianam

368 1724 599 1801 fidem3
650 1729 716 1789 et
760 1725 871 1789 ubi
920 1726 1043 1789 nisi
1088 1725 1154 1789 in
1190 1726 1305 1790 illo
1343 1728 1559 1790 monte
1598 1728 1852 1790 mortua
1891 1729 2042 1791 erat.
2084 1745 2228 1790 cum
2267 1725 2394 1788 iam
2431 1724 2674 1787 Paulus

367 1830 643 1899 diceret:
712 1833 891 1897 uiuo
962 1836 1211 1896 autem
1279 1831 1422 1896 iam
1485 1851 1628 1896 non
1700 1851 1865 1916 ego.
1932 1832 2136 1896 uiuit
2197 1850 2376 1895 uero
2433 1831 2504 1895 in
2561 1849 2674 1894 me

369 1937 771 2005 Christus?

460 2047 561 2110 18.
632 2044 796 2124 Quid
862 2046 1058 2111 habes
1122 2046 1340 2130 igitur,
1407 2046 1727 2111 haeretica
1783 2047 2058 2124 minitas,
2118 2046 2286 2110 unde
2359 2049 2424 2108 te
2481 2048 2672 2127 putes

278 2168 325 2205 ¹⁵
365 2170 555 2234 posse
604 2153 980 2219 conuincere
1028 2173 1151 2219 non
1202 2154 1278 2217 de
1318 2153 1571 2219 Christo
1613 2172 1753 2219 esse
1793 2153 2225 2236 praedictum:
2277 2152 2672 2217 suscitabo

366 2258 531 2324 illis
596 2259 1045 2342 prophetam
1116 2260 1201 2325 de
1270 2260 1644 2325 fratribus
1709 2261 2047 2344 ipsorum
2114 2260 2442 2324 similem
2507 2258 2674 2322 tibi.

368 2364 617 2445 quando
684 2384 761 2430 ne
828 2366 979 2430 hinc
1046 2367 1301 2448 quidem
1366 2370 1581 2450 poteS.
1652 2368 1822 2449 quod
1889 2367 2266 2431 dissimilem
2333 2364 2671 2430 ostendis?

366 2472 510 2537 aliis
559 2472 727 2535 enim
777 2472 990 2537 causis
1050 2476 1117 2537 et
1172 2491 1287 2536 nos
1345 2473 1624 2537 similem
1683 2474 2104 2538 ostendimus.
2176 2493 2252 2537 an
2321 2472 2468 2555 quia
2530 2489 2670 2554 pro-

365 2578 557 2660 pheta
604 2578 817 2643 dictus
866 2581 984 2657 est,
1025 2579 1135 2661 qui
1173 2581 1237 2642 et
1274 2578 1465 2643 homo
1508 2598 1650 2643 esse
1690 2579 1991 2663 dignatus
2033 2584 2151 2657 est,
2193 2582 2258 2643 et
2292 2583 2423 2642 tam
2461 2577 2665 2641 multa

283 2697 339 2733 ²⁰
364 2686 581 2749 futura
646 2684 957 2768 praedixit
981 2688 1012 2748 *ἓ
1077 2686 1201 2749 nisi
1255 2684 1417 2750 forte
1476 2686 1652 2749 aliud
1711 2688 1810 2750 est
1867 2687 2178 2769 propheta
2233 2704 2420 2768 quam
2479 2684 2668 2749 homo

368 2794 537 2856 ultra
582 2792 893 2856 humanas
944 2794 1341 2858 coniecturas
1388 2793 1605 2857 futura
1647 2793 2125 2876 praenuntians.
2207 2791 2374 2856 unde
2423 2795 2488 2855 et
2532 2789 2668 2873 ipse

372 2900 448 2965 de
509 2918 578 2963 se
633 2897 775 2981 ipso
839 2900 966 2963 ait:
1036 2919 1175 2963 non
1237 2903 1354 2964 est
1407 2901 1778 2983 propheta
1841 2900 2002 2965 sine
2061 2900 2340 2965 honore
2397 2898 2544 2961 nisi
2599 2897 2672 2959 in

369 3006 617 3090 patria
663 3025 815 3071 sua.
886 3006 997 3071 sed
1046 3007 1123 3071 de
1171 3010 1235 3071 te
1284 3007 1523 3085 uidero.
1591 3007 1700 3089 qui
1755 3011 1820 3072 te
1879 3007 2243 3073 conuictum
2293 3005 2482 3086 paulo
2531 3008 2674 3066 ante

371 3114 704 3179 confessus
764 3130 853 3190 es,
912 3132 1060 3178 cum
1116 3113 1355 3179 dixisti.
1414 3114 1583 3196 quod
1641 3117 1706 3177 te
1762 3114 1843 3177 ad
1899 3113 2282 3177 credendum
2339 3111 2672 3195 euangelio

280 3228 333 3267 2⁵
368 3218 679 3303 professio
712 3222 827 3283 tua
851 3219 1007 3283 fecit
1034 3219 1395 3286 obnoxium.
1435 3220 1712 3285 Iudaeus
1750 3220 1886 3303 ipse
1923 3218 2226 3303 procedat
2259 3218 2324 3281 in
2362 3217 2668 3295 medium,

372 3325 481 3408 qui
538 3326 853 3390 ceruicem
902 3314 939 3389 a
982 3326 1135 3408 iugo
1186 3325 1425 3390 Christi
1468 3326 1636 3390 male
1678 3326 1944 3391 liberam
2000 3326 2176 3390 tollit
2233 3328 2294 3389 et
2348 3324 2492 3389 ideo
2551 3324 2674 3388 sibi

373 3432 578 3497 adhuc
634 3432 731 3496 fas
786 3434 974 3513 putat
1030 3432 1279 3497 dicere:
1348 3433 1656 3497 mentitus
1716 3438 1816 3497 est
1863 3432 2156 3497 Christus
2203 3434 2454 3500 uester:
2519 3431 2677 3494 nihil

375 3538 449 3601 de
498 3538 609 3603 illo
660 3537 1247 3621 scripsit'MoyseS.

516 3710 768 3764 2Matth.
796 3710 874 3773 16,
894 3710 964 3763 22
985 3726 1063 3779 sq.
1144 3711 1203 3764 11
1230 3710 1295 3765 cf.
1324 3712 1445 3766 Act.
1475 3712 1525 3775 8,
1555 3712 1590 3765 3
1668 3714 1734 3767 12
1763 3710 1883 3766 Gal.
1911 3715 1962 3776 ⁶2,
1993 3712 2062 3765 20
2174 3712 2242 3765 23
2272 3712 2468 3765 Matth.
2507 3711 2586 3776 13,
2605 3711 2674 3763 57

447 3836 479 3887 3
519 3839 636 3888 esto
672 3834 779 3887 tibi
816 3834 986 3889 SMG
1170 3836 1203 3888 4
1240 3834 1433 3888 retulit
1477 3834 1521 3887 G
1681 3834 1848 3905 retro]
1885 3838 2030 3889 retro
2067 3851 2154 3889 me
2192 3840 2251 3899 S,
2291 3839 2352 3904 (8.
2395 3836 2429 3887 l.
2468 3836 2577 3901 me)
2623 3832 2676 3887 G

374 3925 635 3979 rediretro
676 3923 767 3975 M¹
901 3926 935 3977 ὅ
974 3940 1078 3993 que
1116 3922 1166 3978 S
1297 3924 1329 3975 6
1368 3931 1395 3976 s
1435 3926 1482 3986 (s
1520 3939 1562 3980 8.
1605 3925 1640 3977 l.
1677 3940 1748 3977 m.
1793 3924 1842 3993 1)
1881 3923 1934 3977 L
2063 3924 2093 3977 7
2132 3922 2581 3993 glorificationem
2620 3920 2672 3972 L

374 4014 409 4068 8
446 4012 791 4068 altitudinem
829 4012 881 4065 L
991 4028 1114 4068 eum
1155 4017 1235 4081 (et
1270 4015 1323 4070 9)
1365 4030 1467 4069 om.
1502 4012 1742 4067 GLPSb
1852 4014 1884 4065 9
1924 4012 2227 4081 predicaret
2267 4012 2312 4063 (Ι
2421 4012 2487 4066 12
2523 4009 2596 4080 im
2635 4008 2683 4063 Ο

382 4105 445 4159 14
482 4120 612 4173 ergo
651 4104 683 4157 b
899 4100 1139 4156 heretica
1176 4100 1317 4155 (JSL
1522 4105 1577 4155 te
1615 4119 1717 4157 om.
1756 4101 1982 4157 LSMG
2165 4102 2231 4154 16
2267 4101 2588 4171 prophetam
2635 4096 2680 4149 0

379 4191 446 4245 17
486 4207 591 4259 quo
632 4189 676 4243 C
788 4189 852 4243 18
882 4189 955 4259 et]
997 4193 1053 4243 et
1086 4194 1212 4258 post
1248 4190 1425 4245 causis
1464 4206 1534 4245 er.
1576 4195 1626 4244 et
1659 4207 1779 4259 sup.
1820 4191 1962 4244 enim
1991 4207 2060 4245 m.
2091 4194 2123 4243 2
2164 4190 2368 4247 adeor.)
2405 4189 2472 4253 G,
2503 4205 2604 4243 om.
2636 4186 2684 4241 S

375 4279 643 4350 propheta
663 4277 754 4349 (⁶20
774 4282 830 4332 et
848 4278 915 4330 22
921 4288 939 4344 )
971 4280 1015 4332 Ο
1122 4278 1181 4329 ‘21
1209 4279 1353 4332 ultro
1375 4279 1407 4332 b
1518 4279 1586 4332 23
1606 4281 1806 4347 tepost
1826 4280 1918 4349 qui
1941 4296 2041 4335 om..
2063 4278 2251 4333 LSGb
2400 4278 2680 4333 conuictus

377 4369 536 4437 (airy.
572 4384 695 4436 sup.
732 4384 771 4421 u
808 4384 879 4421 er.
919 4372 967 4421 et
1004 4384 1029 4419 s
1070 4368 1245 4423 adscr.
1286 4385 1354 4423 m.
1394 4368 1450 4420 25
1498 4368 1563 4419 J!
1667 4368 1736 4420 24
1777 4368 1979 4437 euugtlo
2021 4368 2064 4419 (J
2173 4368 2241 4421 26
2283 4384 2316 4421 a
2353 4383 2454 4421 om.
2495 4367 2526 4419 b
