3159 4984
808 450 896 505 Vl.
954 453 1244 509 Contra
1298 452 1668 507 Faustum
1723 452 1853 506 lib.
1909 451 2075 506 XXX.
2425 453 2548 517 747

253 646 623 731 integritate
691 646 968 712 caelibes
1034 651 1099 711 et
1164 646 1446 731 uirgines
1513 649 1793 724 seruant,
1862 647 1975 712 sed
2039 647 2165 730 ipsi
2233 648 2558 736 coniugati

257 754 464 819 sancti
508 757 723 838 patres
773 773 845 818 ac
894 757 1126 818 matres
1175 755 1267 819 sic
1317 755 1409 819 eis
1458 755 1851 838 generationi
1904 757 2353 821 tantummodo
2411 777 2555 823 con-

257 863 545 928 sulentes
592 862 957 936 utebantur,
1004 864 1079 925 ut
1124 861 1235 925 ille
1283 862 1596 926 naturalis
1643 865 1860 928 motus
1907 863 2083 927 nullo
2121 864 2311 930 modo
2349 867 2555 948 turpis

258 971 453 1044 esset,
493 968 603 1050 qui
649 987 773 1032 non
820 967 1093 1039 libidini,
1134 968 1247 1032 sed
1284 968 1512 1033 rationi
1552 969 1838 1033 seruiret.
1889 972 2124 1050 quanto
2161 970 2366 1054 magis
2405 991 2552 1056 ergo

184 1102 216 1140 5
256 1076 322 1139 in
383 1077 604 1141 sancta
656 1074 905 1158 uirgine
960 1074 1183 1148 Maria,
1243 1093 1403 1155 quae
1463 1073 1704 1140 Christi
1758 1094 2008 1140 carnem
2061 1076 2184 1140 fide
2242 1077 2552 1160 concepit,

256 1181 416 1246 nihil
465 1182 825 1245 habuerunt
868 1179 1287 1264 turpitudinis
1337 1180 1642 1259 membra,
1682 1199 1842 1263 quae
1881 1201 1996 1247 nec
2034 1182 2310 1247 humano
2349 1181 2553 1248 licito-

255 1308 379 1371 que
429 1287 789 1370 conceptui,
839 1287 954 1352 sed
1002 1286 1218 1352 diuino
1275 1289 1528 1352 tantum
1583 1287 1794 1371 partui
1851 1289 2259 1354 seruierunt?
2325 1289 2552 1354 merito

254 1396 441 1478 plane
491 1394 581 1459 sic
629 1394 987 1470 honestata,
1035 1396 1111 1458 ut
1156 1393 1341 1459 nobis
1393 1393 1742 1472 Christum,
1791 1414 1980 1476 quem
2038 1394 2338 1461 cordibus
2391 1395 2552 1460 inte-

256 1502 389 1585 gris
430 1501 741 1566 credendo
781 1501 1262 1584 conciperemus
1304 1503 1368 1565 et
1405 1501 1764 1566 confitendo
1803 1501 2271 1583 quodammodo
2310 1521 2552 1584 parere-

157 1627 218 1664 ιο
254 1593 441 1678 ωας(
464 1609 657 1672 etiam
697 1607 1109 1690 corporaliter
1144 1612 1399 1672 seruata
1434 1607 1801 1692 integritate
1838 1607 2326 1673 transfunderet.
2374 1609 2550 1674 nullo

256 1715 445 1780 modo
496 1714 663 1779 enim
712 1713 1007 1779 Christus
1054 1717 1325 1779 matrem
1372 1715 1689 1779 nascendo
1741 1715 1982 1779 faceret
2035 1715 2429 1792 deteriorem,
2477 1719 2554 1779 ut

255 1822 361 1886 cui
406 1841 643 1886 munus
690 1821 1103 1886 fecunditatis
1160 1822 1501 1898 adtulerat,
1561 1821 1756 1886 decus
1811 1821 2200 1906 uirginitatis
2257 1823 2548 1890 auferret.

253 1929 409 1992 haec
462 1927 793 2006 ueraciter,
842 1948 965 1992 non
1012 1928 1329 1993 fallaciter
1372 1927 1541 1992 facta
1588 1933 1775 2004 sunt;
1833 1928 1946 1993 sed
1991 1947 2160 1994 noua
2206 1932 2376 2006 sunt,
2437 1929 2549 1994 sed

252 2034 515 2100 insolita
580 2038 750 2110 sunt,
817 2034 928 2100 sed
998 2038 1215 2106 contra
1278 2037 1540 2099 naturae
1597 2051 1853 2100 cursum
1913 2035 2320 2100 notissimum
2377 2040 2547 2112 sunt,

156 2157 215 2194 1⁵
254 2141 403 2223 quia
449 2160 699 2226 magna,
749 2141 898 2223 quia
943 2141 1121 2218 mira,
1172 2142 1319 2225 quia
1371 2141 1590 2206 diuina
1637 2144 1702 2205 et
1748 2160 1822 2207 eo
1869 2141 2078 2225 magis
2126 2160 2297 2218 uera,
2357 2144 2546 2221 certa,

248 2247 516 2312 firmata..

339 2355 423 2419 Et
490 2355 719 2438 angeli,
788 2355 1017 2437 inquit,
1082 2355 1209 2420 uisi
1270 2359 1333 2420 et
1388 2355 1590 2420 locuti
1647 2359 1816 2430 sunt,
1884 2353 2179 2438 quamuis
2237 2354 2369 2418 nati
2423 2376 2545 2421 non

250 2462 506 2528 fuerint.
548 2461 732 2544 quasi
768 2481 883 2527 nos
923 2461 1211 2527 dicamus
1244 2461 1591 2537 Christum,
1623 2461 1746 2526 nisi
1782 2464 2149 2526 nasceretur
2184 2481 2254 2526 ex
2291 2460 2543 2538 femina,

252 2587 369 2632 nec
406 2569 611 2632 uideri
650 2588 765 2633 nec
802 2568 980 2651 loqui
1016 2568 1325 2652 potuisse.
1366 2568 1597 2650 potuit,
1629 2567 1742 2632 sed
1779 2569 2014 2644 noluit;
2055 2569 2119 2632 et
2154 2566 2275 2632 hoc
2313 2568 2544 2633 melius

142 2697 210 2736 20
255 2677 375 2752 est,
425 2673 593 2758 quod
644 2675 871 2739 uoluit.
936 2677 1058 2739 hoc
1115 2679 1327 2739 autem
1388 2695 1534 2738 eum
1591 2675 1878 2739 uoluisse
1933 2674 2076 2738 ideo
2135 2677 2375 2738 certum
2425 2678 2542 2750 est,

250 2781 400 2864 quia
446 2782 566 2848 hoc
613 2782 784 2856 fecit,
836 2782 943 2864 qui
990 2781 1150 2846 nihil
1198 2781 1578 2846 necessitate
1629 2781 1797 2846 sicut
1843 2781 2000 2846 deus
2037 2785 2253 2845 uester
2287 2781 2542 2860 faceret,

251 2889 365 2954 sed
413 2890 624 2954 omnia
668 2891 1023 2954 uoluntate.
1093 2890 1213 2954 hoc
1262 2909 1413 2954 uero
1464 2909 1610 2953 eum
1657 2889 1887 2954 fecisse
1933 2888 2075 2953 ideo
2125 2908 2247 2954 non
2297 2887 2542 2953 dubita-

246 3015 416 3073 muS,
448 2996 597 3079 quia
634 3016 758 3061 non
799 3000 1096 3078 cuiquam
1127 2996 1465 3072 haeretico,
1501 2996 1613 3060 sed
1653 2996 1790 3060 eius
1830 2995 2161 3080 euangelio
2201 2995 2540 3062 credimus.

1040 3295 1256 3348 LIBER
1294 3291 1744 3348 TRICESIML'S.

145 3443 203 3481 π
344 3407 401 3468 1.
467 3405 794 3473 FAUSTL'S
843 3401 1034 3465 dixit:
1092 3401 1188 3466 De
1246 3400 1431 3464 uobis
1483 3399 1612 3463 iam
1669 3399 1908 3464 dudum
1963 3399 2206 3464 Paulus
2263 3357 2542 3482 scripsit,

248 3511 425 3594 quia
481 3499 1234 3589 discedent'quidam
1294 3525 1329 3570 a
1384 3505 1537 3570 fide
1595 3505 2080 3571 intendentes
2130 3504 2536 3587 spiritibus

424 3701 491 3753 26
518 3699 547 3753 Ι
584 3699 721 3752 Tim.
759 3699 810 3761 4,
848 3699 875 3750 1
921 3713 1038 3766 sqq.

321 3808 344 3859 1
387 3805 598 3860 celebes
635 3802 709 3856 L¹
747 3803 950 3856 celibes
988 3801 1035 3857 S
1066 3801 1265 3874 celibes
1307 3801 1359 3856 G
1540 3802 1835 3872 congugati
1885 3804 2030 3870 (sup.
2080 3819 2118 3871 g
2153 3801 2172 3855 i
2212 3819 2248 3855 a
2283 3818 2352 3855 m.
2392 3805 2448 3865 1)
2494 3800 2541 3855 0

164 3917 169 3920 ·
244 3897 277 3949 2
334 3897 409 3948 sic
466 3895 565 3963 eis]
622 3893 776 3947 siccis
833 3893 917 3961 (in
970 3908 1072 3961 my.
1127 3891 1501 3958 successionis)
1566 3890 1618 3944 G
1799 3891 1831 3944 3
1889 3891 1983 3960 ille
2046 3890 2092 3944 C
2257 3888 2449 3942 modus
2505 3889 2536 3943 b

242 3987 278 4039 4
312 3984 559 4039 libidini*
594 3982 649 4036 L
802 3983 839 4035 8
874 3981 1160 4034 honestate
1204 3978 1494 4034 GL¹S¹M¹
1649 3982 1712 4033 11
1754 3979 1834 4050 ut]
1875 3979 1922 4032 sc
1958 3977 2118 4032 LC¹b
2273 3979 2342 4031 12
2380 3979 2533 4032 affer·

244 4076 327 4127 ret
362 4071 661 4127 LSGMP¹
709 4071 942 4123 avferret
990 4073 1043 4136 (v
1088 4085 1208 4136 sup.
1256 4059 1379 4136 exp.
1424 4067 1450 4120 f
1494 4083 1531 4121 a
1574 4083 1646 4121 m.
1691 4071 1744 4126 1)
1789 4067 1911 4120 (¹1²³
2094 4067 2158 4120 15
2196 4067 2282 4135 eo]
2320 4083 2423 4136 ego
2461 4067 2537 4120 L¹

242 4179 371 4230 ergo
411 4161 445 4213 b
606 4159 673 4214 21
716 4159 843 4228 quia
882 4158 923 4222 (i
958 4173 1001 4210 8.
1040 4157 1097 4225 l.)
1137 4156 1183 4211 S
1343 4155 1454 4261 quii]
1495 4155 1622 4226 quia
1657 4155 1882 4210 PSMG·
2053 4156 2121 4208 23
2157 4153 2396 4208 heretico
2433 4153 2542 4209 Lo

314 4277 382 4330 25
430 4279 566 4345 Cap.
604 4274 779 4329 LVIII
808 4272 1085 4328 LPSMG
1265 4272 1335 4324 26
1373 4271 1696 4336 desce*dent
1734 4273 1890 4340 (corr.
1931 4286 1994 4324 ατ
2032 4269 2381 4337 descendent)
2422 4269 2538 4324 SM

241 4365 572 4420 descendent
607 4363 824 4420 S¹M¹G
861 4361 1153 4416 descedent
1188 4361 1243 4413 P
