3159 4984
509 461 637 524 656
1223 455 1276 507 S.
1333 454 1613 507 Aureli
1668 454 2101 522 Augustini

507 651 748 714 factum
803 650 1016 728 Iudae,
1076 651 1246 731 quod
1304 668 1446 714 cum
1507 669 1625 714 sua
1678 668 1843 712 nuru
1898 649 2263 726 concubuit,
2329 649 2487 712 nihil
2554 649 2807 714 omnino

511 758 734 834 adfert,
791 757 958 821 unde
1017 757 1362 822 auctoritas
1420 759 1641 821 sancta
1696 756 2025 840 culpetur!
2094 774 2255 839 quae
2310 757 2377 819 in
2434 754 2564 819 illis
2629 755 2813 819 libris

507 865 770 929 fundata
825 864 1172 947 persistens
1229 883 1352 928 non
1409 866 1661 927 tantum
1714 862 2247 946 paucissimorum
2293 861 2809 926 Manichaeorum

509 972 936 1038 calumniosas
984 971 1290 1055 argutias,
1341 990 1564 1034 uerum
1610 971 1802 1035 etiam
1850 970 2187 1054 gentilium
2225 973 2324 1034 tot
2360 972 2815 1049 tantorumque

506 1079 888 1162 populorum
944 1077 1288 1143 horrendas
1344 1077 1712 1142 inimicitias
1771 1076 1985 1142 diuino
2041 1076 2177 1141 iure
2227 1075 2597 1145 contemnit,
2648 1094 2817 1156 quos
2888 1099 2917 1136 ε.

506 1204 704 1269 paene
751 1186 878 1248 iam
926 1188 1097 1250 totos
1147 1203 1184 1249 a
1219 1184 1455 1249 nefaria
1493 1184 1942 1268 superstitione
1981 1184 2464 1249 simulacrorum
2505 1182 2583 1246 ad
2621 1182 2819 1245 unius

510 1293 609 1356 dei
669 1293 803 1356 ueri
861 1293 1108 1356 cultum
1166 1292 1506 1356 christiano
1562 1290 1829 1374 imperio
1888 1291 2260 1376 subiugauit
2326 1289 2603 1356 edomito
2662 1289 2821 1354 orbe

510 1405 818 1466 terrarum
865 1420 987 1466 non
1036 1399 1344 1465 uiolentia
1388 1399 1605 1464 bellici
1645 1398 2026 1477 certaminiS‚
2068 1398 2179 1464 sed
2214 1398 2491 1462 inuictae
2529 1397 2824 1480 potentia

508 1506 837 1572 ueritatis,
919 1506 1028 1569 ubi
1097 1505 1262 1569 enim
1326 1505 1682 1568 litterarum
1748 1505 2002 1568 illarum
2058 1504 2356 1568 laudatus
2415 1507 2515 1568 est
2567 1503 2821 1568 ludas?

509 1614 666 1696 quid
715 1613 791 1677 de
838 1613 950 1678 illo
998 1612 1148 1677 boni
1197 1612 1508 1694 scriptura
1551 1612 1665 1675 illa
1712 1614 1949 1676 testa-ta
1996 1614 2113 1689 est,
2171 1611 2295 1676 nisi
2343 1610 2514 1692 quod
2560 1611 2627 1674 in
2674 1630 2823 1693 pro·
2870 1630 2923 1666 ιο

513 1720 730 1804 phetia
796 1719 1054 1796 Christi7
1123 1719 1234 1801 qui
1301 1737 1372 1782 ex
1441 1719 1576 1782 eius
1643 1717 1813 1782 tribu
1874 1717 2436 1802 praenuntiabatur
2499 1719 2559 1781 in
2629 1737 2821 1780 carne

510 1830 838 1902 uenturus,
906 1825 1345 1890 benedictione
1410 1825 1609 1907 patris
1677 1825 1777 1890 sui
1841 1844 1988 1908 prae
2046 1825 2271 1889 ceteris
2330 1823 2820 1890 commendatus

509 1934 823 1998 eminuit?

605 2043 710 2104 (31.
772 2039 1070 2105 Ceterum
1119 2039 1197 2102 ad
1240 2038 1327 2116 id,
1379 2039 1546 2120 quod
1596 2057 1741 2102 eum
1786 2038 2066 2105 Faustus
2112 2039 2491 2105 fornica-tum
2541 2059 2819 2104 comme-

507 2147 804 2226 morauit,
871 2145 1164 2210 addimus
1231 2165 1346 2210 nos
1415 2145 1609 2224 aliud,
1670 2147 1839 2228 quod
1893 2146 2151 2210 fratrem
2210 2165 2401 2211 suum
2456 2146 2687 2228 Ioseph
2750 2148 2817 2211 in
2866 2165 2917 2202 ιε»

509 2255 875 2337 Aegyptum
923 2252 1231 2318 uendidit.
1281 2253 1592 2334 numquid
1640 2252 2017 2334 cuiusquam
2065 2252 2350 2316 membra
2396 2251 2663 2316 distorta
2712 2251 2822 2316 de-

509 2364 780 2444 prauant
831 2361 1063 2437 lucem,
1125 2379 1284 2444 quae
1342 2363 1570 2424 cuncta
1628 2360 2068 2425 demonstrat?
2136 2359 2227 2424 sic
2284 2378 2400 2423 nec
2456 2359 2819 2442 cuiuspiam

512 2467 852 2532 malefacta
904 2467 1136 2532 malam
1194 2467 1573 2551 scripturam
1629 2466 1890 2542 faciunt,
1948 2485 2073 2548 qua
2108 2465 2411 2549 prodente
2448 2467 2819 2550 legentibus

506 2575 931 2639 innotescunt.
1000 2575 1295 2638 consulta
1359 2573 1591 2658 quippe
1656 2577 1911 2638 aeterna
1964 2574 2064 2638 lex
2118 2573 2249 2647 illa,
2310 2593 2471 2657 quae
2529 2575 2817 2640 ordinem

511 2682 865 2745 naturalem
914 2681 1278 2746 conseruari
1313 2681 1513 2759 iubet,
1553 2681 1909 2764 perturbari
1945 2683 2143 2760 uetat,
2183 2699 2308 2746 non
2346 2681 2469 2746 nisi
2504 2701 2819 2765 propaga·
2860 2699 2919 2738 20

510 2788 701 2852 tionis
750 2807 944 2853 causa
991 2789 1222 2852 statuit
1265 2788 1542 2854 hominis
1592 2788 2003 2852 concubitum
2048 2787 2204 2866 fieri‚
2245 2791 2310 2852 et
2354 2788 2474 2853 hoc
2522 2808 2645 2854 non
2692 2788 2821 2853 nisi

509 2895 832 2960 socialiter
879 2894 1168 2960 ordinato
1210 2895 1503 2973 conubio,
1544 2895 1715 2977 quod
1751 2914 1877 2960 non
1912 2897 2237 2978 peruertat
2268 2895 2601 2960 uinculum
2638 2895 2821 2978 pacis

511 3004 576 3065 et
621 3001 762 3067 ideo
809 3001 1184 3084 prostitutio
1230 3002 1607 3065 feminarum
1664 3020 1788 3066 non
1846 3000 1924 3066 ad
1982 3002 2495 3067 substituendam
2548 3003 2817 3085 prolem.

507 3108 618 3173 sed
669 3108 745 3170 ad
794 3107 1149 3172 satiandam
1196 3107 1526 3171 libidinem
1573 3107 2040 3190 propositarum
2082 3107 2300 3173 diuina
2335 3110 2523 3191 atque
2562 3112 2819 3173 aeterna

508 3214 654 3298 lege
695 3213 1048 3278 damnatur.
1099 3234 1353 3278 omnem
1401 3215 1633 3298 quippe
1683 3212 2060 3280 dehonestat
2096 3218 2446 3299 emptorem
2482 3215 2818 3298 turpitudo
2852 3239 2911 3278 25

509 3321 792 3396 uenalis;
861 3339 935 3386 ac
987 3340 1101 3405 per
1155 3321 1278 3387 hoc
1323 3321 1514 3387 Iudas
1573 3321 1698 3386 etsi
1754 3322 2017 3406 grauius
2071 3325 2421 3405 peccasset,
2480 3321 2537 3388 si
2580 3341 2817 3386 nurum
2932 3311 2937 3314 ’

509 3427 717 3492 sciens
767 3447 911 3492 cum
962 3447 1034 3493 ea
1083 3429 1500 3493 concumbere
1548 3428 1869 3494 uoluisset
1912 3465 2000 3474 —
2048 3429 2104 3493 si
2152 3429 2319 3494 enim
2368 3429 2466 3493 1111·
2520 3432 2584 3493 et
2638 3448 2815 3494 uxor.

689 3654 718 3706 1
751 3653 816 3710 cf.
841 3653 974 3710 Gen.
1007 3655 1092 3718 38,
1129 3655 1192 3708 13
1215 3696 1228 3709 .
1254 3655 1321 3708 18
1396 3655 1465 3709 13
1494 3655 1558 3712 cf.
1592 3655 1726 3710 Gen.
1756 3655 1843 3720 49,
1874 3655 1908 3709 8
1937 3672 2054 3727 sqq.
2134 3657 2199 3710 16
2231 3655 2297 3711 cf.
2328 3654 2462 3711 Gen.
2484 3655 2571 3720 37,
2592 3654 2665 3709 26
2692 3671 2815 3726 sqq.

585 3814 616 3865 3
655 3813 1054 3869 manicheorum
1092 3813 1200 3868 Lo
1321 3813 1354 3867 5
1399 3813 1713 3868 inimiticias
1758 3815 1805 3869 Ο
1944 3815 2282 3885 contempnit
2316 3814 2429 3880 LS,
2472 3817 2527 3884 (p
2566 3829 2609 3869 8.
2650 3813 2707 3884 1.)
2748 3815 2827 3869 M

507 3902 541 3954 6
579 3919 751 3972 poene
794 3903 842 3957 0
871 3919 1010 3973 pene
1047 3903 1100 3956 L
1205 3919 1334 3958 nane
1361 3903 1498 3958 faria
1527 3909 1618 3971 (ex
1644 3909 1795 3974 sane)
1824 3904 1893 3958 M
1992 3903 2383 3958 simulachroru
2410 3904 2458 3974 (r
2478 3919 2569 3972 pr.
2598 3919 2644 3959 s,
2673 3902 2733 3970 1.)
2774 3903 2823 3957 G

507 3991 538 4042 7
580 3992 634 4042 et
671 3989 875 4044 domito
915 3989 946 4044 b
1046 3989 1079 4044 8
1117 3992 1394 4060 potentiae
1430 3991 1518 4046 Lb
1610 3992 1645 4046 9
1672 3992 1927 4047 ueritatis
1967 3993 2037 4054 (τί
2073 4009 2101 4045 s
2156 3993 2213 4059 Ζ.)
2255 3991 2303 4046 S
2406 3993 2475 4045 16
2512 3991 2739 4047 menbra
2774 3992 2825 4046 0

510 4080 574 4130 17
611 4080 784 4132 lucem
823 4095 923 4134 om.
965 4077 996 4133 b
1212 4096 1310 4134 nec
1356 4085 1405 4147 (c
1452 4097 1496 4135 8.
1546 4081 1581 4135 l.
1628 4099 1696 4135 m.
1743 4086 1774 4134 1
1816 4083 2104 4152 super-scr.)
2154 4081 2199 4135 C
2380 4081 2445 4134 19
2492 4080 2591 4134 illa
2636 4097 2743 4135 om.
2786 4081 2817 4134 b

505 4169 577 4219 ‘20
631 4166 936 4237 perturbari
991 4168 1045 4234 (b
1104 4185 1169 4222 ez:
1222 4185 1258 4222 u
1313 4168 1470 4240 corr.)
1510 4170 1578 4222 M
1756 4171 1819 4223 21
1884 4169 1962 4238 et]
2018 4185 2079 4222 ex
2118 4169 2149 4222 b
2330 4169 2401 4223 22
2457 4168 2731 4224 sotialiter
2764 4169 2821 4224 L

509 4282 782 4336 obstinato
823 4283 854 4336 b
991 4283 1060 4336 24
1101 4249 1402 4348 satiendam
1439 4283 1508 4339 8²
1544 4283 1849 4338 satiendam
1892 4283 1944 4340 G
2077 4285 2149 4341 25
2184 4287 2482 4355 emptorem
2522 4288 2580 4355 (p
2616 4301 2663 4341 8.
2702 4285 2743 4341 1.
2784 4303 2823 4339 α

513 4389 578 4418 m.
621 4373 678 4436 2)
719 4369 846 4423 LM
