3159 4984
502 414 631 477 794
1208 413 1259 465 S.
1318 413 1590 466 Aureli
1648 412 2086 478 Augustini

500 609 565 670 et
621 627 763 671 cum
822 608 1355 690 adpropinquaret
1410 608 1648 685 domui,
1705 607 1885 672 misit
1941 607 2123 685 aliOS,
2180 628 2295 692 per
2353 625 2514 690 quos
2564 607 2806 672 diceret

503 732 627 779 non
680 732 747 778 se
798 733 938 778 esse
988 713 1273 797 dignum,
1332 713 1395 778 in
1454 714 1640 779 cuius
1700 713 1956 778 domum
2007 715 2272 778 intraret
2316 713 2521 788 IesuS,
2571 732 2686 778 nec
2735 732 2803 780 se

500 821 715 902 ipsum
765 820 1051 904 dignum,
1098 823 1173 884 ut
1218 820 1466 884 ueniret
1504 819 1582 883 ad
1620 819 1856 884 Iesum.
1905 819 2221 901 quomodo
2259 839 2410 904 ergo
2447 819 2800 884 secundum

506 927 901 991 Matthaeum
981 927 1356 1002 „accessit
1419 927 1505 990 ad
1566 947 1728 992 eum
1794 945 2066 1011 rogans
2133 929 2207 990 et
2261 926 2550 991 dicens:
2617 945 2801 1009 puer

502 1053 714 1098 meus
762 1033 970 1097 iacet
1014 1033 1087 1096 in
1136 1033 1349 1098 domo
1398 1035 1876 1118 paralyticus
1935 1037 2008 1097 et
2060 1034 2253 1097 male
2309 1035 2790 1116 torquetur?“
2859 1050 2889 1089 ο

498 1139 621 1204 hoc
690 1159 837 1224 ergo
904 1139 1302 1223 intellegitur
1355 1140 1756 1204 Matthaeum
1810 1140 2094 1204 breuiter
2156 1141 2538 1204 sententiam
2593 1138 2796 1223 ipsam

498 1263 715 1310 ueram
780 1247 1223 1328 integramque
1291 1247 1670 1328 conplexum
1733 1246 2072 1318 dicentem,
2132 1245 2300 1329 quod
2357 1245 2642 1310 centurio
2700 1264 2800 1310 ac-

503 1352 769 1416 cesserit
834 1353 913 1416 ad
976 1353 1215 1429 Iesum,
1284 1355 1351 1416 et
1414 1371 1538 1417 non
1607 1351 1944 1428 dicentem,
2013 1355 2229 1416 utrum
2294 1371 2406 1435 per
2461 1372 2530 1417 se
2584 1353 2796 1436 ipsum

506 1459 869 1536 accesserit,
918 1477 996 1523 an
1044 1478 1154 1542 per
1202 1459 1382 1536 alios,
1433 1462 1500 1523 et
1545 1459 1712 1541 quod
1754 1459 1814 1523 ei
1851 1459 1926 1523 de
1963 1479 2160 1543 puero
2200 1479 2316 1525 suo
2352 1459 2517 1524 illud
2554 1459 2798 1535 dixerit,

506 1583 627 1629 non
680 1566 1157 1648 exprimentem,
1206 1569 1423 1630 utrum
1471 1585 1583 1650 per
1631 1585 1698 1630 se
1745 1567 1956 1650 ipsum
2015 1567 2258 1642 dixerit,
2316 1587 2393 1632 an
2450 1587 2561 1651 per
2614 1566 2796 1632 alioS.
2829 1581 2886 1620 ιο

503 1671 657 1753 quid
725 1672 946 1736 enim?
1023 1693 1228 1737 nonne
1304 1673 1542 1738 talibus
1609 1673 2045 1739 locutionibus
2113 1674 2390 1738 humana
2450 1676 2638 1756 plena
2703 1678 2804 1738 est

501 1779 919 1856 consuetudo,
970 1799 1115 1844 cum
1166 1779 1438 1845 dicimus
1488 1780 1766 1863 aliquem
1823 1781 1900 1845 ad
1958 1781 2200 1863 aliquid
2253 1781 2532 1845 multum
2587 1798 2799 1844 acces-

498 1885 680 1961 sisse,
718 1886 907 1950 etiam
948 1906 1136 1968 quem
1166 1887 1447 1952 nondum
1477 1887 1752 1952 dicimus
1790 1887 2211 1970 peruenisse?
2249 1907 2454 1952 nonne
2494 1889 2558 1950 et
2591 1887 2800 1970 ipsam

505 1992 1020 2072 peruentionem,
1089 1993 1191 2058 cui
1259 1993 1442 2076 quasi
1506 1993 1764 2057 uidetur
1827 2013 1951 2058 non
2020 2013 2162 2058 esse
2229 1993 2398 2076 quod
2463 1993 2610 2058 addi
2671 1993 2799 2056 iam

500 2097 726 2178 possit,
788 2099 982 2163 etiam
1038 2119 1150 2182 per
1206 2100 1363 2165 alios
1422 2100 1557 2164 fieri
1612 2099 2038 2164 usitatissime
2093 2100 2417 2183 loquimur
2471 2119 2660 2183 saepe
2709 2100 2798 2164 di·
2829 2113 2884 2152 1⁵

499 2203 736 2268 cendo:
815 2205 960 2288 egit,
1010 2205 1121 2270 ille
1189 2226 1447 2271 causam
1514 2225 1718 2285 suam,
1784 2207 2075 2289 peruenit
2138 2207 2216 2270 ad
2281 2206 2580 2282 iudicem,
2647 2209 2794 2269 aut:

496 2311 789 2391 peruenit
854 2311 931 2374 ad
999 2311 1181 2376 illum
1249 2313 1357 2376 uel
1422 2313 1585 2377 illud
1645 2315 1969 2396 potentem
1996 2365 2010 2388 ,
2080 2333 2229 2377 cum
2292 2312 2666 2397 plerumque
2728 2312 2797 2376 id

496 2414 691 2480 faciat
735 2437 848 2501 per
896 2419 1135 2484 amicos
1183 2439 1309 2484 non
1357 2419 1499 2485 uiso
1551 2439 1623 2485 90
1671 2440 1952 2502 prorsus,
2013 2420 2091 2486 ad
2148 2440 2339 2503 quem
2387 2421 2659 2502 quisque
2705 2419 2798 2483 di-

496 2521 663 2588 citur
716 2525 1136 2606 peruenisse?
1202 2525 1369 2589 unde
1428 2526 1622 2589 etiam
1687 2527 1852 2590 tales
1907 2526 2218 2605 homines,
2275 2526 2660 2609 quicumque
2714 2526 2795 2589 ad

495 2629 851 2711 potentium
920 2630 1194 2712 quodam
1258 2632 1449 2696 modo
1515 2632 1998 2698 inaccessibiles
2063 2633 2309 2698 animos
2367 2633 2506 2697 siue
2563 2652 2673 2716 per
2727 2645 2887 2698 se2⁰

495 2737 670 2818 ipsos
737 2737 875 2802 siue
941 2757 1054 2820 per
1117 2739 1277 2804 alios
1345 2739 1713 2804 ambitionis
1782 2742 1914 2804 arte
1969 2740 2360 2824 pertingunt,
2417 2739 2544 2803 iam
2603 2740 2794 2803 etiam

494 2843 692 2926 uulgo
750 2847 1233 2926 „peruentores“
1290 2850 1623 2910 uocantur.
1675 2846 1828 2928 quid
1868 2847 2070 2930 ergo?
2117 2865 2262 2910 cum
2299 2846 2598 2930 legimus,
2639 2846 2798 2911 obli-

494 2949 825 3028 uiscimur,
894 2952 1433 3033 quemadmodum
1497 2952 1678 3035 loqui
1744 2954 2118 3018 soleamus?
2185 2973 2262 3018 an
2319 2953 2630 3037 scriptura
2694 2950 2798 3016 dei

499 3056 682 3120 aliter
736 3057 1071 3121 nobiscum
1127 3045 1336 3122 fuerat
1392 3077 1581 3140 quam
1639 3061 1856 3123 nostro
1915 3078 2088 3123 more
2144 3060 2489 3124 locutura?
2557 3061 2621 3121 et
2674 3058 2797 3122 hoc

497 3161 753 3243 quidem
803 3162 879 3226 de
929 3163 1252 3227 communi
1297 3164 1603 3246 loquendi
1651 3164 2110 3229 consuetudine
2165 3164 2608 3248 peruicacibus
2665 3167 2884 3227 tur-2⁵

493 3268 900 3349 bulentisque
949 3271 1403 3352 responderim.

670 3425 707 3475 4
742 3423 937 3477 Matth.
976 3425 1027 3486 8,
1066 3427 1099 3478 5
1137 3442 1253 3495 sqq.
1397 3427 1526 3481 Luc.
1568 3428 1618 3492 7,
1658 3429 1691 3480 2
1728 3443 1845 3497 sqq.
1901 3429 1905 3434 ’

564 3520 597 3572 2
628 3535 743 3574 9889
774 3537 830 3573 89
851 3519 1021 3575 SMG
1164 3522 1385 3593 dignum
1418 3541 1520 3578 om.
1542 3523 1644 3578 SG
1753 3527 1788 3577 4
1818 3527 1900 3591 (et
1926 3527 1980 3594 6)
2011 3525 2312 3579 mattheum
2335 3525 2388 3578 L
2415 3525 2724 3578 mathaeum
2749 3524 2798 3578 0

492 3610 525 3661 5
556 3608 883 3678 paralitycus
918 3610 966 3664 Ο
988 3611 1299 3680 paraliticus
1328 3612 1499 3666 LSM
1566 3615 1600 3667 6
1627 3614 1728 3668 hos
1757 3614 1821 3669 8¹
1965 3614 2240 3668 matheum
2271 3614 2372 3669 SG
2447 3612 2479 3663 9
2507 3614 2795 3668 accesserit

493 3727 563 3735 —
589 3696 765 3766 ipsum
794 3697 856 3750 in
881 3715 982 3767 my.
1002 3699 1148 3766 infer
1167 3717 1205 3752 a
1225 3717 1291 3754 m.
1312 3701 1344 3752 2
1364 3700 1419 3754 L
1582 3703 1650 3756 10
1679 3702 2093 3772 erpa-rimantem
2129 3702 2176 3756 Ο
2343 3702 2538 3756 dixerit
2565 3718 2670 3756 om.
2691 3700 2795 3756 SG

491 3784 685 3838 dixerit
722 3785 861 3847 (dixe
896 3787 960 3840 in
993 3803 1105 3842 rac.
1128 3803 1193 3842 ea:
1222 3805 1433 3844 accesso
1462 3794 1621 3856 corr.)
1653 3791 1708 3844 P
1816 3791 1884 3844 12
1912 3791 1982 3844 ad
2009 3809 2112 3846 om.
2148 3791 2330 3846 GPSb
2362 3795 2426 3857 (ε.
2448 3793 2481 3845 l.
2505 3809 2542 3845 a
2561 3807 2631 3845 m.
2651 3791 2706 3854 2)
2737 3790 2794 3843 L

492 3874 561 3928 ad
581 3873 787 3944 aliquid
808 3875 1043 3945 aliquem
1068 3875 1116 3929 G
1221 3877 1287 3930 13
1309 3877 1545 3932 nondum
1566 3886 1695 3945 (non
1714 3880 1776 3932 in
1793 3881 1926 3949 ras.)
1947 3882 1998 3934 L
2133 3881 2308 3948 ipsam
2340 3881 2448 3946 (am
2475 3881 2538 3932 in
2561 3881 2698 3948 ras.)
2717 3879 2790 3941 L,

494 3965 547 4027 (a
582 3979 627 4016 ε.
664 3979 693 4017 9
734 3979 771 4015 a
806 3979 859 4016 m
909 3963 1039 4030 3)P
1062 3963 1179 4033 ipse
1208 3963 1379 4019 ΗΜΘ
1454 3967 1519 4018 14
1557 3965 1686 4019 addi
1722 3967 1853 4036 iam]
1893 3967 2132 4022 additam
2163 3967 2264 4023 SG
2338 3969 2403 4021 15
2440 3968 2684 4037 loquitur
2713 3967 2792 4022 G¹

490 4067 617 4123 sepe
645 4051 693 4104 0
764 4051 828 4104 16
866 4052 983 4121 egit
1002 4051 1057 4104 L
1153 4054 1402 4120 peruenit
1426 4053 1476 4107 G
1550 4055 1620 4108 20
1651 4055 1796 4126 quod
1824 4055 2072 4110 ammodo
2100 4056 2147 4110 0
2213 4057 2278 4110 21
2312 4056 2443 4126 ipsis
2471 4055 2596 4111 06³
2621 4057 2726 4125 ipsi
2759 4056 2792 4110 b

490 4139 815 4194 ambitiones
842 4139 889 4194 Ο
1021 4142 1346 4210 contingunt
1364 4141 1465 4197 SG
1574 4143 1644 4197 23
1675 4161 1834 4214 quem
1865 4145 2151 4198 admodum
2179 4145 2227 4198 Ο
2252 4143 2718 4214 quemammodum
2736 4143 2795 4196 L

488 4229 559 4283 24
594 4229 786 4282 merito
826 4231 978 4294 (mer.
1016 4245 1134 4297 erp.
1174 4235 1223 4283 et
1258 4246 1303 4282 a.
1343 4231 1378 4284 l.
1417 4235 1585 4300 more)
1627 4231 1674 4286 S
1705 4249 1848 4286 mero
1892 4233 1943 4287 G
2068 4233 2166 4304 hec
2205 4233 2236 4287 b
2311 4235 2379 4286 25
2417 4231 2794 4302 peruicacibus

493 4319 574 4380 (in
610 4334 710 4387 my.
750 4319 785 4371 i.
827 4325 872 4373 ἒ.
913 4319 1215 4386 &tent-iosis)
1258 4319 1329 4371 J!
