3159 4984
954 417 1046 469 VI.
1104 415 1395 470 Contra
1450 417 1816 471 Faustum
1875 416 2004 470 lib.
2063 417 2212 472 xm.
2613 420 2741 482 395

448 613 561 677 ubi
608 612 1013 695 sacrilegium
1064 616 1253 680 esset.
1313 614 1483 695 quod
1538 613 1684 677 istis
1741 614 1964 697 religio
2022 613 2162 676 fuit.
2229 613 2447 696 itaque
2514 615 2568 677 si
2635 612 2744 695 qui

446 719 581 785 illic
643 720 708 783 in
752 719 1022 789 ,cultum
1090 720 1574 784 simulacrorum
1641 722 1704 784 et
1767 720 2148 786 daemonum
2194 720 2575 787 laberentur,
2635 722 2747 784 aut

452 846 655 910 poena
698 827 1145 910 plectebantur
1208 826 1366 909 ipsis
1426 847 1578 893 suae
1636 828 2022 911 reipublicae
2078 828 2331 911 legibus
2391 831 2505 892 aut
2557 827 2744 891 liber-

454 934 611 999 rimo
658 934 903 998 tonitru
953 933 1451 999 cohercebantur
1484 934 1874 1018 propheticis
1913 936 2204 1001 uocibus.
2255 954 2422 1000 unus
2460 934 2626 1000 enim
2667 936 2743 997 ab

358 1064 387 1101 ⁵
454 1040 545 1105 eis
611 1040 941 1106 colebatur
1006 1041 1183 1111 deus,
1251 1042 1359 1123 qui
1424 1040 1580 1105 fecit
1644 1043 1888 1105 caelum
1949 1045 2014 1107 et
2065 1046 2318 1119 terram,
2375 1041 2742 1125 prophetico

455 1167 603 1212 33116
640 1148 788 1226 11111,
828 1149 951 1213 hoc
990 1151 1091 1213 est
1128 1148 1556 1232 significatiuo
1597 1149 1979 1225 futurorum,
2018 1150 2127 1231 qui
2162 1150 2326 1215 ritus
2365 1150 2742 1213 aboleretur.

456 1274 601 1319 cum
654 1255 769 1319 1113
821 1256 1171 1323 uenissent.
1231 1275 1391 1337 quae
1446 1276 1560 1339 per
1617 1276 1762 1320 eum
1820 1256 2343 1341 significabantur
2397 1275 2539 1321 6336
2592 1275 2742 1319 11611-

454 1364 615 1439 11113,
668 1361 1179 1443 quandoquidem
1225 1362 1437 1446 ipsum
1482 1382 1750 1447 regnum
1796 1382 2068 1447 magnus
2124 1362 2382 1445 quidam
2438 1363 2744 1446 propheta

454 1468 595 1543 suit,
652 1468 767 1532 ubi
820 1488 925 1531 rex
983 1471 1047 1531 61
1104 1468 1397 1533 sacerdos
1452 1469 1730 1552 mystica
1785 1469 2248 1552 significatione
2305 1468 2739 1553 ungebantur:

363 1598 416 1636 ιο
458 1574 627 1657 quod
674 1596 799 1640 non
847 1580 991 1639 ante
1040 1574 1195 1657 ipsis
1245 1594 1495 1658 quoque
1543 1576 1797 1639 Iudaeis
1852 1576 2292 1659 ignorantibus
2350 1596 2422 1641 ac
2467 1594 2579 1658 per
2623 1576 2744 1640 hoc

454 1682 674 1745 inuitis
742 1682 1025 1746 ablatum
1092 1685 1211 1749 est.
1279 1681 1402 1745 nisi
1467 1701 1614 1746 cum
1678 1682 1966 1746 uenisset
2027 1683 2138 1746 ille
2205 1683 2410 1766 gratia
2475 1682 2743 1764 spiritali

456 1792 687 1853 unctus
746 1788 903 1853 deus
958 1807 1105 1871 prae
1159 1788 1578 1871 participibus
1636 1790 1794 1867 suis,
1857 1789 1968 1853 ille
2033 1793 2291 1854 sanctus
2357 1792 2742 1857 sanctorum.

433 1897 623 1961 ‘idem
688 1916 881 1961 uerus
938 1916 1042 1960 rex
1101 1896 1489 1961 consulendo
1538 1897 1722 1961 nobis
1769 1899 1834 1961 et
1878 1895 2046 1961 idem
2094 1915 2285 1961 uerus
2334 1897 2627 1961 sacerdos
2675 1916 2743 1961 se

457 2002 667 2085 ipsum
736 2002 1050 2069 offerendo
1116 2021 1227 2086 pro
1292 2002 1495 2067 nobis.
1574 2003 1983 2085 quamobrem
2050 2006 2356 2084 quantum
2415 2002 2612 2067 distat
2665 2003 2742 2067 de

366 2130 417 2168 15
458 2109 693 2175 Christi
758 2110 1037 2174 aduentu
1103 2110 1268 2174 inter
1330 2109 1863 2193 praedicationem
1937 2111 2304 2194 angelorum
2375 2113 2439 2173 61
2502 2109 2742 2173 confes·

456 2217 694 2283 sionem
747 2215 1244 2281 daemoniorum.
1294 2220 1543 2280 tantum
1589 2216 1756 2281 inter
1801 2216 2244 2281 auctoritatem
2293 2216 2741 2299 prophetarum

454 2326 519 2387 et
564 2324 1002 2389 curiositatem
1051 2324 1525 2407 sacrilegorum.

550 2434 648 2495 16.
696 2431 819 2496 Η13
868 2434 934 2495 61
977 2431 1237 2497 talibus.
1288 2450 1446 2513 quae
1486 2450 1654 2495 nunc
1689 2431 1970 2495 breuiter
2005 2431 2351 2514 tangimus,
2392 2435 2544 2494 tunc
2581 2429 2742 2493 forte

456 2559 567 2621 pro
635 2538 1019 2603 necessitate
1085 2538 1444 2621 depellendi
1497 2538 1821 2603 ueternosi
1877 2538 2101 2603 erroris
2157 2538 2484 2620 aliquanto
2549 2537 2742 2603 latius

358 2666 413 2703 ευ
462 2646 805 2728 disputatis
854 2649 920 2709 et
963 2645 1185 2710 robore
1230 2645 1539 2709 uberioris
1576 2644 1968 2728 probationis
2008 2644 2275 2709 adsertis
2313 2645 2422 2708 ille
2461 2644 2743 2727 gentilis.

454 2772 637 2834 quem
706 2751 889 2818 nobis
955 2752 1471 2816 catechizandum
1537 2752 1818 2817 Faustus
1897 2752 2262 2833 proposuit.
2341 2751 2395 2814 si
2469 2751 2742 2817 salutem

457 2878 639 2923 suam
685 2860 965 2943 peccatis
1014 2860 1147 2923 suis
1194 2863 1630 2941 praeponeret.
1667 2860 1951 2941 profecto
1991 2863 2360 2922 moueretur
2396 2855 2475 2919 ad
2511 2855 2738 2919 fidem:

452 2986 573 3049 qua
618 2967 882 3032 inbutus
933 2969 997 3030 et
1040 2967 1103 3029 in
1155 2967 1461 3031 666163136
1520 2966 1868 3031 catholicae
1928 2964 2168 3049 gremio
2224 2962 2538 3027 fouendus
2597 2981 2740 3026 con-

447 3074 695 3138 locatus
772 3076 1230 3155 consequenter
1295 3073 1487 3136 etiam
1552 3075 1948 3146 moneretur,
2029 3089 2186 3153 quos
2251 3088 2459 3134 mores
2524 3072 2738 3131 tenere

356 3206 407 3245 25
450 3180 723 3247 deberet.
774 3200 975 3263 neque
1023 3180 1499 3261 perturbaretur
1544 3198 1762 3243 eorum
1809 3176 2243 3250 multitudine,
2283 3176 2345 3239 in
2386 3175 2618 3257 quibus
2665 3194 2739 3238 ea

448 3307 567 3351 non
633 3287 974 3363 inueniret,
1043 3304 1203 3369 quae
1270 3287 1607 3351 obseruare
1671 3284 2020 3348 iuberetur.
2090 3282 2384 3364 quamuis
2451 3300 2596 3345 cum
2663 3299 2735 3344 60

620 3480 655 3532 9
712 3478 777 3531 cf.
836 3478 999 3531 Deut.
1060 3476 1141 3537 18,
1203 3476 1303 3541 15;
1349 3476 1437 3529 Ps.
1494 3476 1544 3538 2,
1594 3476 1662 3539 6;
1721 3472 1840 3535 109,
1888 3475 1956 3536 4;
2007 3474 2033 3527 I
2079 3472 2213 3541 Reg.
2276 3472 2358 3535 10,
2411 3473 2475 3536 1;
2523 3472 2617 3525 Ex.
2666 3472 2734 3523 29

447 3568 511 3619 12
551 3566 617 3619 ef.
655 3566 789 3619 Dan.
830 3567 879 3622 9.
919 3566 1021 3621 24:
1059 3566 1148 3618 Ps.
1187 3566 1273 3618 44.
1313 3564 1345 3617 8

516 3710 547 3760 2
596 3708 879 3761 demonum
936 3708 981 3761 (J
1025 3707 1367 3760 daemonmm
1418 3706 1455 3775 (i
1504 3724 1572 3759 er.
1623 3712 1716 3759 cet.
1765 3707 1826 3759 in
1871 3723 1982 3759 ras,
2031 3706 2084 3759 L
2193 3706 2226 3759 3
2283 3705 2634 3773 reoipublicae
2683 3705 2774 3757 L.

442 3798 672 3868 legimus
712 3799 744 3853 b
852 3800 887 3850 4
924 3798 1153 3865 tonitru]
1190 3795 1424 3850 tollebat
1462 3795 1658 3864 (llebat
1691 3812 1754 3849 m
1789 3798 1925 3865 rae.)
1965 3795 2016 3848 L
2162 3796 2542 3850 coercebantur
2590 3800 2735 3862 (coer

440 3888 497 3939 in
539 3893 671 3953 ras.)
711 3886 888 3941 LSzc'
1010 3888 1041 3940 5
1081 3886 1253 3939 celum
1299 3885 1346 3938 G
1451 3886 1483 3937 6
1522 3884 1772 3938 aboletur
1808 3884 1884 3937 L¹
1921 3884 2168 3939 aboleret
2203 3884 2236 3939 b
2348 3887 2375 3937 ‘a‘
2417 3902 2536 3939 evm
2577 3888 2630 3955 (v
2668 3901 2734 3939 er.-

443 3979 495 4041 a)
524 3976 569 4028 C
681 3976 713 4029 8
752 3976 980 4043 Magnus
1021 3974 1235 4043 quidem
1259 3974 1289 4026 b
1402 3972 1619 4043 quidam
1657 3977 1672 4029 (
1681 3990 1709 4025 e
1745 3973 1808 4025 in
1845 3990 1876 4027 a
1914 3988 2050 4029 corr.
2081 3990 2148 4029 m.
2178 3974 2227 4041 1)
2255 3972 2301 4026 Ο
2449 3976 2484 4028 9
2521 3989 2729 4041 ungue-

439 4063 636 4122 bantur
678 4064 880 4119 08ὶῦΙῖ
988 4066 1054 4116 12
1088 4068 1213 4131 post
1250 4062 1380 4116 deus
1420 4063 1499 4116 lit.
1528 4079 1624 4115 sex
1653 4064 1754 4115 litt.
1791 4064 1837 4115 C
1943 4065 2008 4117 15
2039 4062 2278 4117 aduentu
2307 4064 2379 4132 (m
2410 4078 2480 4115 er.
2509 4063 2647 4115 uid.)
2678 4062 2731 4114 L

445 4156 507 4208 16
528 4154 895 4208 demoniorum
922 4153 968 4207 0
1105 4158 1261 4205 tanta
1282 4152 1328 4205 S
1466 4152 1611 4205 inter
1627 4170 1728 4206 om.
1751 4152 1796 4206 S
1899 4153 1967 4205 20
1997 4152 2188 4206 rubore
2215 4152 2264 4206 G
2285 4152 2476 4205 robore
2505 4154 2562 4222 (u
2591 4170 2726 4208 corr.

438 4246 567 4310 ino)
590 4243 637 4298 S
720 4244 962 4297 asseritis
988 4242 1105 4296 GS¹
1178 4243 1241 4294 21
1286 4238 1688 4293 catecizandurn
1708 4238 1838 4293 L¹G
1906 4242 1975 4293 22
2013 4244 2337 4310 proponeret
2354 4240 2430 4293 L¹
2533 4241 2600 4293 23
2641 4255 2727 4308 66-

438 4333 633 4386 61113136
662 4334 708 4387 C
804 4332 1050 4387 fouendis
1076 4334 1144 4385 L¹
1268 4330 1561 4383 collocatus
1601 4327 1845 4381 fouend'·
1865 4330 1930 4381 M
2039 4331 2106 4383 26
2137 4329 2408 4384 inueniret
2435 4330 2515 4399 (ni
2532 4346 2574 4385 8.
2599 4330 2654 4391 l.)
2677 4329 2730 4381 L
