3159 4984
301 1633 353 1672 10

303 2162 352 2201 15

815 460 878 512 V.
928 458 1224 514 Contra
1279 458 1708 528 epistulam
1764 456 2280 521 fundamenti.
2545 457 2674 518 235

392 653 468 717 ad
532 654 746 737 ignem
811 654 978 717 certe
1045 653 1396 716 secundum
1463 652 1599 715 eius
1657 650 2127 717 distinctionem
2174 671 2299 715 non
2334 650 2671 734 pertinent.

393 760 558 841 quod
606 762 818 824 autem
869 759 1110 823 adtinet
1157 758 1235 822 ad
1280 758 1595 823 feruorem
1642 758 2041 832 concubituS,
2102 758 2287 822 credo
2345 776 2491 821 eum
2550 758 2677 821 ani-

387 865 810 931 maduertisse
873 865 1232 929 hinnientes
1299 883 1496 947 equos
1557 866 1625 928 et
1678 882 1866 946 saepe
1919 864 2148 929 morsis
2212 864 2405 929 frenis
2460 869 2677 948 raptos

389 974 451 1036 in
500 972 806 1037 feminas:
875 972 1044 1055 quod
1090 970 1602 1035 animaduersum
1650 970 1803 1034 dum
1848 971 1993 1035 uult
2040 970 2165 1036 cito
2214 971 2507 1048 scribere,
2554 990 2678 1037 non

391 1080 680 1146 adtendit
739 1098 1062 1164 passerem
1125 1077 1526 1162 parietinum,
1583 1078 1648 1141 in
1708 1078 1890 1142 cuius
1958 1079 2400 1162 conparatione
2465 1079 2678 1163 quiuis

391 1187 802 1252 admissarius
846 1186 1302 1271 frigidissimus
1337 1184 1679 1249 inuenitur.
1728 1184 1990 1268 bipedes
2028 1204 2178 1249 uero
2214 1185 2279 1248 in
2318 1185 2492 1250 fumo
2533 1204 2678 1250 cum

389 1296 466 1359 ab
547 1295 638 1360 eis
715 1294 1037 1377 quaeritur
1111 1310 1302 1374 quare
1370 1292 1785 1367 ordinauerit,
1860 1291 2243 1376 respondent
2308 1292 2549 1356 elatum
2613 1295 2680 1356 et

393 1404 738 1487 superbum
795 1420 934 1467 esse
995 1400 1298 1485 bipedum
1357 1419 1597 1484 genus;
1665 1399 1812 1464 hinc
1870 1400 2037 1464 enim
2094 1399 2383 1465 homines
2429 1399 2677 1464 trahere

393 1511 697 1595 originem
747 1509 1003 1585 dicunt3
1065 1512 1128 1573 et
1183 1508 1482 1590 quoniam
1527 1508 1745 1571 fumus
1793 1508 2103 1591 globosus
2151 1510 2217 1571 et
2261 1507 2443 1590 quasi
2486 1506 2675 1570 tumi-

393 1620 512 1683 dus
559 1618 622 1682 in
671 1636 854 1681 auras
901 1616 1184 1699 erigitur,
1243 1616 1533 1699 superbis
1583 1634 1722 1681 esse
1772 1616 2047 1681 similem
2093 1634 2217 1680 non
2256 1614 2525 1679 absurde
2574 1614 2678 1677 ad-

389 1726 746 1790 tenderunt.
824 1744 986 1806 quae
1062 1724 1526 1789 animaduersio
1606 1724 1897 1789 sufficere
1973 1723 2195 1788 debuit
2258 1722 2337 1785 ad
2400 1722 2679 1803 aliquam

392 1832 876 1897 similitudinem
925 1829 1192 1894 dandam
1245 1830 1320 1894 de
1371 1831 1663 1914 superbis
1710 1829 2094 1907 hominibus,
2135 1830 2271 1895 siue
2313 1829 2679 1913 allegoriam

391 1941 496 2004 1191
542 1939 934 2004 formandam
981 1939 1088 2001 uel
1133 1938 1656 2021 intellegendam
1693 1957 1817 2003 non
1854 1942 2089 2015 tamen,
2129 1942 2205 2002 ut
2238 1938 2380 2002 ideo
2418 1937 2679 2020 bipedes

391 2046 743 2111 animantes
793 2045 856 2110 in
904 2045 1080 2110 fumo
1133 2048 1198 2109 et
1246 2045 1321 2109 de
1368 2046 1546 2110 sumo
1605 2044 1737 2109 nati
1794 2064 1933 2109 esse
1994 2046 2347 2110 credantur.
2414 2062 2559 2108 nam
2616 2040 2697 2108 et’

389 2154 453 2217 in
499 2154 763 2237 puluere
820 2153 997 2217 nasci
1054 2153 1426 2229 debuerunt,
1489 2152 1639 2233 quia
1694 2171 1881 2234 saepe
1945 2172 2069 2216 non
2132 2152 2373 2217 minore
2437 2151 2682 2215 ambitu

391 2264 456 2325 et
501 2260 774 2324 elatione
824 2259 1034 2344 surgit
1085 2259 1150 2322 111
1199 2259 1484 2335 caelum3
1550 2262 1619 2322 et
1672 2258 1737 2322 in
1793 2258 2064 2329 nebulis,
2116 2260 2265 2341 quia
2308 2260 2679 2343 plerumque

392 2367 467 2431 de
515 2370 682 2431 terra
727 2367 821 2430 ita
866 2366 1256 2443 exhalantur,
1304 2367 1380 2429 ut
1422 2366 1613 2450 longe
1668 2365 2064 2430 intuentibus
2118 2351 2434 2431 incertum
2490 2368 2681 2431 etiam

389 2474 642 2549 faciant,
689 2474 986 2537 fumusne
1037 2492 1114 2536 an
1160 2472 1428 2537 nebulae
1486 2472 1632 2537 sint.
1698 2476 2021 2556 postremo
2084 2492 2193 2537 cur
2252 2474 2317 2537 in
2378 2474 2556 2557 aquis
2618 2477 2685 2538 et

387 2582 599 2646 uentis
649 2581 725 2646 de
771 2580 1099 2644 habitandi
1144 2572 1452 2662 patientia
1497 2581 1576 2643 ad
1623 2579 2012 2645 habitatores
2062 2580 2327 2646 ductum
2366 2584 2464 2647 est
2500 2600 2681 2665 argu-

389 2689 732 2753 mentum?
799 2686 946 2769 quia
1000 2685 1295 2751 uidemus
1355 2688 1420 2750 et
1472 2686 1757 2750 natantia
1809 2687 1873 2749 in
1932 2686 2114 2768 aquis
2172 2690 2237 2751 et
2290 2688 2573 2752 uolantia
2616 2688 2682 2751 in

389 2794 600 2859 uentis
664 2794 902 2857 uiuere.
969 2792 1140 2877 ignis
1203 2811 1356 2859 11910
1425 2795 1490 2857 91
1551 2792 1768 2857 fumus
1825 2812 1947 2857 11011
2006 2794 2314 2858 deterruit
2357 2794 2680 2860 hominem

389 2902 824 2977 mentientem,
872 2903 948 2964 ut
989 2898 1260 2983 puderet
1307 2919 1450 2964 eum
1498 2901 1663 2964 tales
1710 2900 1800 2965 ibi
1844 2900 2233 2966 habitatores
2274 2902 2679 2980 constituere,¹

391 3010 623 3092 quibus
662 3008 820 3072 nihil
859 3007 1354 3073 constitueretur
1391 3006 1777 3073 absurdius?
1826 3026 1969 3071 nam
2008 3007 2479 3091 quadrupedem
2516 3008 2682 3092 ignis

389 3116 670 3181 incendit
734 3118 923 3197 atque
989 3115 1338 3197 corrumpit
1393 3119 1458 3179 91
1511 3114 1773 3198 bipedes
1828 3116 2044 3180 fumus
2092 3116 2325 3181 offocat
2371 3120 2436 3181 et
2478 3120 2679 3180 necat.

391 3224 500 3287 uel
544 3223 692 3287 hinc
740 3224 908 3287 certe
957 3221 1205 3307 cogitur
1249 3221 1436 3286 fateri
1483 3240 1553 3287 se
1598 3222 1896 3287 meliores
1936 3222 2143 3287 dicere
2179 3224 2243 3287 in
2283 3226 2471 3307 gente
2509 3227 2680 3288 tene-

389 3330 644 3394 brarum
709 3329 868 3394 istas
934 3329 1136 3393 fuisse
1199 3333 1488 3406 naturas,
1557 3329 1669 3393 ubi
1732 3330 1877 3394 uult
1942 3330 2154 3394 omnia
2214 3330 2429 3415 peiora
2492 3332 2680 3396 credi.

393 3436 708 3521 siquidem
751 3436 1196 3521 ibigignebat
1238 3436 1408 3519 ignis
1459 3437 1931 3519 quadrupedem
1978 3440 2045 3501 et
2079 3438 2399 3503 nutriebat
2436 3441 2501 3503 et
2538 3456 2681 3503 con-

391 3543 635 3608 tinebat
687 3543 936 3608 innoxie
993 3544 1099 3606 1191
1160 3542 1354 3606 etiam
1415 3542 1949 3608 commodissime.
2018 3542 2315 3609 similiter
2358 3546 2425 3608 et
2466 3544 2682 3609 fumus

464 3734 496 3787 6
525 3735 890 3789 ammissarius
913 3733 965 3837 12
991 3733 1310 3789 admisarius
1329 3734 1394 3789 H
1419 3734 1725 3789 emissarius
1746 3734 1778 3787 b
1866 3733 2312 3805 bipedes—fumo
2344 3736 2432 3802 (in
2456 3738 2598 3801 ras.)
2620 3734 2682 3789 H

394 3848 424 3901 7
489 3852 677 3920 quare]
743 3858 938 3920 quaere
1005 3853 1168 3916 (com.
1234 3866 1303 3903 m.
1361 3852 1417 3917 1)
1473 3849 1530 3903 P
1718 3849 2087 3904 ordinauerint
2150 3850 2182 3903 b
2364 3850 2569 3904 elatum
2628 3853 2684 3904 91

392 3954 494 3995 om.
533 3938 635 3992 VL
753 3939 828 4009 91]
868 3942 954 3992 est
987 3938 1071 3991 ΗΙ
1155 3938 1188 3992 8
1225 3938 1492 4007 originem
1517 3940 1731 3994 trahere
1754 3939 1785 3993 b
1870 3940 1903 3992 9
1924 3939 2180 4010 globosus
2218 3956 2389 4009 usque
2416 3940 2494 3993 ad
2518 3956 2573 3993 u.
2604 3942 2686 3993 26

389 4032 612 4083 naturas
641 4044 823 4097 paene
859 4044 999 4083 omn.
1037 4028 1102 4081 in
1133 4042 1246 4081 rae.
1285 4026 1354 4080 H
1495 4029 1562 4081 14
1607 4028 1663 4082 in
1701 4028 1869 4099 fumo]
1908 4029 1965 4082 in
2002 4028 2127 4083 flmo
2166 4029 2223 4083 P
2336 4032 2394 4083 91
2430 4028 2497 4082 de
2535 4029 2681 4083 fumo

392 4134 493 4173 om.
548 4117 599 4171 T
779 4117 844 4171 15
901 4116 1177 4187 puluerem
1232 4115 1302 4169 H
1478 4117 1546 4170 16
1596 4116 1741 4187 quia]
1793 4134 1897 4189 que
1952 4118 2003 4172 T
2181 4118 2247 4173 17
2304 4118 2582 4173 exalantur
2635 4116 2690 4169 V

396 4206 461 4260 18
497 4205 748 4276 nebulae]
785 4206 914 4261 illae
941 4205 1010 4259 H
1015 4204 1190 4259 Vsob
1226 4203 1457 4259 nebulae
1495 4204 1589 4259 ille
1634 4206 1737 4261 TR
1882 4224 2019 4277 quur
2044 4208 2101 4262 P
2209 4209 2275 4262 19
2322 4205 2596 4278 pacientia
2638 4206 2689 4259 T

392 4294 596 4349 dictum
632 4294 714 4349 H·
830 4296 898 4349 22
935 4296 1274 4349 habitatores
1317 4293 1398 4347 ibi
1433 4294 1707 4350 HTRSG
1809 4297 1877 4350 23
1926 4296 2328 4367 quadrupedum
2360 4296 2416 4349 P
2520 4297 2589 4349 24
2628 4299 2685 4349 91

393 4386 570 4453 necat]
610 4390 774 4455 atque
809 4390 970 4439 necat
1008 4386 1038 4439 b
1148 4384 1216 4437 25
1253 4382 1340 4437 hic
1379 4382 1442 4435 H
1451 4386 1552 4440 ΤΒ
1661 4386 1730 4439 28
1768 4386 2014 4439 innoxiae
2052 4386 2119 4438 H
