3159 4984
325 1677 394 1716 10

337 2197 402 2236 15

343 2713 410 2752 20

385 2763 426 2818 5

339 3299 406 3341 25

905 498 1089 553 1.De
1148 500 1543 554 utilitate
1603 499 1976 554 credendi
2032 499 2257 554 liber.
2674 501 2755 562 15

451 696 613 779 quid
643 696 851 760 enim?
881 695 938 760 si
966 695 1126 759 mihi
1160 696 1237 761 de
1271 695 1504 778 aliquo,
1535 715 1725 777 quem
1759 696 2107 780 diligerem.
2144 696 2557 767 nuntiaretur,
2588 695 2758 779 quod

447 801 600 876 sibi,
633 821 779 867 curn
809 805 982 866 esset
1026 803 1351 880 barbatus,
1383 805 1723 887 pueritiam
1762 807 1951 886 atque
1997 804 2327 868 infantiam
2373 803 2467 867 ita
2508 804 2757 887 placere

447 907 680 972 multis
754 906 1158 972 audientibus
1230 907 1473 977 dixerit,
1541 912 1616 973 ut
1680 909 1873 974 etiam
1946 908 2253 972 iurauerit
2319 927 2387 974 se
2464 909 2763 974 similiter

449 1013 626 1078 uelle
657 1015 893 1090 uiuere,
922 1013 1114 1097 idque
1143 1014 1234 1078 ita
1259 1015 1419 1079 mibi
1445 1017 1833 1098 probaretur,
1890 1019 1965 1080 ut
2020 1015 2397 1099 inpudenter
2440 1035 2757 1100 negarem,

449 1142 612 1186 num
675 1121 1224 1206 reprehendendus
1294 1123 1566 1206 cuipiam
1633 1123 1899 1199 uiderer,
1974 1123 2029 1188 si
2104 1142 2251 1188 eum
2316 1123 2759 1200 existimarem,

453 1249 606 1295 cum
639 1230 758 1295 hoc
810 1229 1066 1303 diceret,
1100 1229 1454 1314 significare
1501 1231 1787 1296 uoluisse
1838 1230 1959 1295 sibi
2014 1232 2260 1313 placere
2316 1231 2761 1308 innocentiam,

453 1339 526 1400 et
572 1336 649 1400 ab
709 1337 822 1412 eis,
871 1336 1105 1419 quibus
1163 1338 1492 1402 hominum
1541 1357 1743 1422 genus
1798 1337 2238 1402 inuolueretur
2299 1337 2759 1420 cupiditatibus

453 1443 738 1506 animum
787 1443 1087 1521 alienum,
1148 1448 1212 1509 et
1259 1465 1330 1509 ex
1378 1464 1452 1510 eo
1498 1445 1685 1508 illum
1731 1444 1935 1528 magis
2001 1445 2331 1528 magisque
2401 1444 2754 1528 diligerem,

455 1569 652 1632 quam
689 1553 874 1613 antea
894 1549 1257 1635 diligebam,
1291 1551 1542 1616 etiamsi
1560 1551 1829 1616 fortasse
1856 1551 1953 1615 illi
1980 1551 2047 1615 in
2074 1570 2413 1634 puerorum
2444 1552 2763 1616 aetatibus

455 1657 818 1721 libertatem
885 1657 1196 1740 quandam
1248 1659 1310 1722 in
1375 1657 1654 1724 ludendo
1729 1661 1794 1722 et
1859 1658 2123 1723 cibando
2192 1661 2378 1741 atque
2455 1658 2761 1742 ignauum

459 1761 666 1828 otium
733 1763 972 1828 stultus
1051 1763 1454 1829 adamasset?
1537 1765 1639 1829 fac
1705 1765 1871 1829 enim
1938 1785 2083 1830 eum
2154 1783 2293 1830 esse
2370 1765 2759 1844 defunctum,

457 1871 794 1951 postquam
827 1869 948 1934 hoc
976 1869 1136 1933 mihi
1172 1870 1538 1934 nuntiatum
1571 1873 1687 1947 est,
1709 1891 1825 1936 nec
1854 1871 2229 1955 interrogari
2269 1889 2306 1934 a
2342 1889 2445 1935 me
2465 1871 2757 1955 potuisse

459 1975 822 2057 quiequam,
869 1978 942 2040 ut
1019 1977 1288 2059 aperiret
1371 1979 1751 2042 sententiam
1826 1997 2037 2042 suam:
2108 1980 2358 2042 essetne
2424 1977 2761 2061 quisquam

459 2085 600 2145 tam
661 2082 986 2166 inprobus.
1037 2082 1146 2165 qui
1191 2083 1348 2147 mihi
1417 2086 1847 2160 suscenseret,
1907 2103 2051 2148 cum
2116 2083 2392 2150 hominis
2436 2084 2763 2149 laudarem

459 2189 860 2272 propositum
895 2191 960 2252 et
991 2189 1388 2254 uoluntatem
1429 2209 1540 2272 per
1575 2190 1689 2254 illa
1722 2190 1863 2273 ipsa
1898 2191 2112 2266 uerba,
2154 2208 2315 2273 quae
2354 2194 2763 2272 acceperam?

464 2295 662 2377 quid?
737 2295 906 2378 quod
984 2297 1176 2361 etiam
1249 2296 1459 2361 iustus
1524 2316 1735 2362 rerum
1803 2297 2195 2362 existimator
2273 2315 2397 2362 non
2446 2296 2767 2361 dubitaret

462 2402 736 2468 fortasse
809 2403 1067 2467 laudare
1143 2403 1500 2486 opinionem
1579 2423 1653 2469 ac
1715 2406 2116 2470 uoluntatem
2180 2423 2408 2482 meam,
2486 2423 2632 2469 cum
2698 2407 2767 2469 et

463 2509 824 2574 innocentia
886 2509 1045 2574 mihi
1117 2511 1398 2594 placeret
1463 2513 1526 2574 et
1590 2511 1781 2578 homo
1850 2511 1925 2576 de
1991 2512 2247 2577 homine
2311 2511 2377 2575 in
2440 2529 2507 2576 re
2574 2510 2771 2575 dubia

463 2616 628 2680 bene
675 2615 889 2698 potius
939 2617 1381 2694 existimarem,
1433 2637 1578 2682 cum
1628 2617 1818 2682 etiam
1865 2617 2029 2681 male
2075 2617 2315 2681 liceret.

565 2723 666 2786 11.
719 2720 892 2801 Quae
941 2742 1086 2788 cum
1135 2724 1228 2788 ita
1273 2724 1420 2802 sint,
1462 2724 1612 2787 audi
1660 2723 1851 2788 etiam
1900 2723 2241 2788 earundem
2307 2723 2765 2807 scripturarum

464 2827 736 2893 totidem
811 2829 1212 2895 condiciones
1290 2833 1355 2894 et
1429 2829 1838 2902 differentias;
1888 2847 2035 2892 nam
2070 2847 2331 2894 necesse
2363 2831 2462 2893 est
2496 2828 2766 2894 totidem

469 2937 822 2998 occurrant.
895 2937 1008 2998 aut
1069 2935 1238 2999 enim
1303 2933 1548 2999 utiliter
1594 2933 1848 3016 scripsit
1891 2933 2207 3016 quispiam
2254 2935 2321 2998 et
2364 2952 2487 3000 non
2526 2933 2773 2998 utiliter

465 3039 548 3102 ab
589 3038 798 3122 aliquo
835 3039 1251 3123 intellegitur,
1293 3042 1406 3103 aut
1441 3041 1784 3120 utrumque
1830 3037 2144 3102 inutiliter
2206 3038 2297 3114 fit,
2358 3041 2469 3102 aut
2522 3037 2770 3103 utiliter

465 3143 790 3229 intellegit
832 3145 1052 3222 lector,
1102 3163 1246 3209 cum
1285 3145 1396 3209 ille
1446 3147 1682 3215 contra,
1724 3144 1831 3227 qui
1870 3144 2127 3228 legitur,
2166 3144 2508 3228 scripserit.
2540 3145 2765 3210 horum

465 3251 664 3315 trium
727 3251 1004 3334 primum
1071 3270 1194 3316 non
1258 3251 1542 3334 inprobe,
1610 3251 1911 3316 ultimum
1976 3271 2099 3316 non
2159 3270 2330 3318 cure.
2370 3270 2515 3316 nam
2562 3271 2769 3334 neque

461 3375 734 3440 possum
799 3358 1252 3440 reprehendere
1317 3358 1661 3434 hominem,
1729 3357 1839 3441 qui
1903 3359 2081 3422 nulla
2144 3377 2262 3423 sua
2344 3359 2533 3441 culpa
2594 3358 2759 3422 male

459 3465 832 3530 intellectus
867 3468 984 3536 est,
1051 3484 1166 3530 nec
1195 3465 1464 3531 moleste
1497 3465 1727 3530 habere
1758 3483 2139 3547 quemquam
2184 3463 2335 3548 legi,
2385 3465 2495 3546 qui
2542 3483 2766 3528 uerum

461 3591 590 3636 non
640 3571 888 3650 uiderit,
939 3591 1084 3637 cum
1135 3571 1359 3637 obesse
1405 3571 1767 3655 legentibus
1815 3571 1973 3634 nihil
2018 3569 2291 3638 uideam,
2340 3589 2537 3634 unum
2570 3570 2774 3654 igitur

463 3697 672 3762 genus
721 3681 818 3744 est
861 3678 1380 3763 probatissimum
1411 3681 1476 3743 et
1502 3677 1685 3762 quasi
1720 3677 2262 3762 purgatissimum,
2301 3696 2444 3743 cum
2495 3680 2561 3743 et
2602 3677 2775 3742 bona

537 3965 571 4018 2
611 3967 752 4035 cum]
790 3966 836 4019 si
873 3967 936 4020 in
973 3983 1074 4036 my.
1105 3966 1152 4020 V
1358 3967 1394 4020 4
1429 3931 1614 4032 uidere
1646 3966 1693 4020 S
1740 3921 1900 4020 miMP
1943 3923 2201 4036 {Paretur
2236 3965 2318 4017 m²
2460 3967 2492 4018 5
2532 3965 2763 4035 cuipiam

457 4071 568 4109 om.
606 4054 720 4123 Pp
751 4054 894 4108 SM
925 4054 1052 4109 Vm
1080 4053 1111 4108 b
1356 4055 1388 4108 6
1446 4055 1550 4108 sibi
1605 4054 1843 4108 uoluisse
1892 4053 1939 4107 S
1976 4053 2097 4107 Vm
2325 4053 2387 4105 11
2447 4052 2669 4107 stultius
2718 4054 2768 4106 V

459 4143 533 4197 13
573 4147 814 4198 essetnec
848 4143 936 4198 Ch
1085 4144 1150 4196 14
1185 4147 1526 4198 succenseret
1553 4143 1600 4198 S
1613 4143 1688 4196 M
1710 4143 1879 4196 Vmb
2003 4143 2067 4195 16
2108 4140 2385 4213 quidquod
2426 4143 2515 4200 (m.
2553 4142 2587 4195 2
2626 4157 2764 4196 corr.

459 4249 532 4286 m:
569 4231 846 4302 quicquid)
889 4233 935 4286 S
1044 4233 1110 4285 19
1149 4231 1454 4286 existimare
1485 4231 1531 4284 S
1543 4232 1649 4286 mb
1742 4231 1947 4298 diceret
1975 4229 2021 4284 S
2034 4229 2091 4282 P
2248 4230 2318 4285 ⁶20
2356 4229 2643 4284 eorundem
2677 4229 2769 4282 Ch

457 4344 756 4402 earundem
784 4345 840 4400 P
893 4349 944 4412 (o
1001 4347 1062 4400 in
1119 4364 1151 4400 a
1205 4349 1363 4416 corr.)
1557 4347 1628 4400 23
1682 4350 1862 4400 utrum
1902 4343 1953 4397 V
2022 4343 2087 4415 {it
2124 4351 2171 4400 et
2208 4346 2269 4398 in
2306 4361 2390 4414 my
2454 4303 2683 4416 sdpserit
2710 4361 2767 4396 m

455 4437 534 4490 25
571 4451 698 4488 nam
733 4436 928 4506 neque]
965 4451 1195 4506 namque
1226 4436 1274 4489 S
1377 4435 1446 4490 28
1483 4434 1733 4489 uidebam
1778 4433 1827 4486 V
