3159 4984
920 461 1014 516 VI.
1072 459 1365 516 Contra
1416 461 1790 516 Faustum
1845 458 1978 516 lib.
2033 459 2199 516 XXX.
2527 469 2663 534 ’755

374 659 513 720 tum
563 655 989 732 detestamini,
1029 655 1139 739 qui
1178 657 1354 722 solus
1391 656 1702 721 honestus
1741 659 1808 721 et
1844 658 2198 743 coniugalis
2237 662 2336 725 est
2373 663 2437 726 et
2472 680 2657 745 quem

374 764 872 829 matrimoniales
920 782 1173 846 quoque
1220 764 1480 829 tabulae
1525 782 1676 847 prae
1723 783 1792 830 se
1839 769 2087 849 gerunt,
2134 767 2478 832 liberorum
2523 787 2662 851 pro-

376 869 786 936 creandorum
843 888 1072 936 causa:
1140 870 1309 935 unde
1374 888 1523 935 uere
1591 889 1715 935 non
1781 873 1915 934 tam
1990 873 2408 938 concumbere
2475 893 2660 957 quam

372 975 607 1040 nubere
654 975 1025 1060 prohibetis.
1093 976 1540 1042 concumbitur
1588 977 1754 1043 enim
1803 977 1998 1042 etiam
2056 997 2250 1044 causa
2302 979 2660 1058 libidinum,

315 1107 341 1146 ⁵
371 1083 635 1147 nubitur
698 1086 911 1148 autem
979 1083 1231 1148 nonnisi
1292 1083 1593 1150 filiorum.
1673 1102 1790 1148 nec
1852 1083 1998 1150 ideo
2062 1105 2176 1151 nos
2243 1086 2470 1152 dicatis
2535 1106 2656 1152 non

372 1190 739 1272 prohibere,
817 1189 965 1272 quia
1038 1191 1279 1256 multos
1346 1193 1598 1257 uestros
1663 1191 1986 1258 auditores
2051 1192 2114 1256 in
2178 1191 2301 1258 hoc
2365 1192 2659 1260 oboedire

370 1297 657 1362 nolentes
706 1298 813 1362 uel
860 1316 985 1362 non
1032 1298 1322 1363 ualentes
1370 1299 1553 1363 salua
1599 1299 1882 1364 amicitia
1925 1299 2233 1366 toleratis.
2281 1300 2444 1365 illud
2491 1299 2656 1364 enim

369 1404 617 1470 habetis
662 1405 726 1469 in
776 1405 1062 1471 doctrina
1095 1405 1299 1470 uestri
1338 1405 1589 1481 enoria,
1628 1405 1750 1470 hoc
1787 1406 1848 1470 in
1890 1406 2272 1472 necessitate
2311 1407 2657 1474 societatis.

368 1510 516 1576 hinc
562 1514 681 1587 est,
730 1511 898 1593 quod
943 1511 1134 1594 paulo
1182 1513 1327 1575 ante
1375 1510 1747 1576 distuleram
1800 1511 2028 1590 dicere,
2078 1531 2192 1578 cur
2245 1513 2430 1579 uobis
2485 1531 2657 1580 mors

278 1637 332 1678 10
371 1617 609 1683 Christi
671 1618 817 1683 uisa
880 1619 967 1683 sit
1028 1619 1136 1683 uel
1200 1617 1389 1683 fallax
1456 1621 1521 1682 et
1587 1618 1888 1684 simulata
1941 1618 2360 1703 praedicanda
2415 1623 2480 1684 et
2532 1640 2654 1686 non

366 1725 559 1789 etiam
590 1725 914 1790 natiuitas.
953 1728 1225 1790 mortem
1254 1723 1487 1808 quippe
1525 1727 1852 1806 tamquam
1891 1723 2352 1808 separationem
2391 1726 2656 1804 animae,

365 1830 431 1897 id
476 1834 577 1897 est
620 1835 881 1896 naturae
930 1831 1030 1896 dei
1076 1830 1277 1896 uestri
1321 1849 1357 1895 a
1405 1849 1664 1913 corpore
1709 1828 2114 1897 inimicorum
2164 1831 2322 1911 eius,
2378 1833 2501 1898 hoc
2557 1835 2658 1897 est

366 1956 403 2001 a
455 1939 759 2022 figmento
818 1937 1073 2014 diaboli,
1130 1937 1511 2021 praedicatis
1569 1940 1760 2018 atque
1827 1936 2104 2004 laudatis
2153 1987 2168 2004 .
2217 1957 2290 2003 ac
2354 1958 2468 2022 per
2527 1939 2648 2006 hoc

362 2063 494 2108 rem
532 2044 786 2128 dignam
822 2043 1021 2108 fuisse
1061 2043 1440 2122 credidistis,
1471 2061 1662 2127 quam
1692 2042 1984 2110 Christus
2023 2045 2146 2111 etsi
2183 2064 2308 2111 non
2345 2045 2642 2122 moriens,

276 2169 325 2208 ιε»
364 2155 575 2215 tamen
640 2155 913 2216 mortem
978 2150 1289 2216 simulans
1355 2151 1848 2220 commendaret.
1915 2153 1980 2216 in
2037 2151 2371 2218 natiuitate
2437 2155 2648 2218 autem

364 2257 513 2340 quia
556 2277 681 2323 non
730 2259 917 2330 solui,
969 2257 1082 2324 sed
1126 2257 1311 2341 ligari
1356 2257 1573 2340 potius
1615 2257 1804 2322 deum
1843 2261 2132 2352 uestrum
2171 2258 2450 2337 creditis,
2487 2258 2648 2324 hanc
2715 2333 2724 2342 ‚

366 2383 481 2429 nec
538 2365 765 2430 saltem
821 2365 1137 2430 fallaciter
1188 2364 1610 2448 imaginatum
1658 2364 1982 2431 Christum
2032 2364 2283 2430 credere
2327 2365 2650 2442 uoluistis,

360 2472 453 2535 ita
496 2474 573 2536 ut
617 2491 740 2537 non
790 2472 883 2537 sic
928 2472 1114 2538 uobis
1152 2472 1355 2536 Maria
1401 2471 1786 2555 displiceret,
1836 2473 1892 2538 si
1939 2472 2392 2538 concubuisset
2427 2475 2492 2537 et
2527 2491 2647 2538 non

360 2580 781 2662 concepisset,
832 2579 1153 2662 quomodo
1203 2579 1521 2662 displicet,
1568 2579 1722 2661 quia
1765 2598 1890 2644 non
1938 2578 2284 2644 concubuit
2329 2581 2395 2642 et
2436 2582 2648 2642 tamen

270 2705 320 2744 πο
361 2686 626 2769 peperit.
676 2685 913 2750 uidetis
962 2705 1107 2769 ergo
1156 2685 1433 2749 multum
1479 2685 1790 2750 interesse
1836 2685 2003 2749 inter
2045 2684 2370 2749 hortantes
2409 2683 2488 2748 ad
2523 2684 2648 2747 uir-

359 2791 695 2875 ginitatem
744 2792 912 2858 bono
958 2791 1188 2857 minori
1242 2791 1481 2857 bonum
1539 2790 1814 2875 amplius
1870 2790 2333 2874 praeponendo,
2391 2792 2460 2854 et
2507 2809 2644 2874 pro·

356 2898 649 2964 hibentes
698 2899 933 2963 nubere
981 2898 1389 2964 concubitum
1448 2896 1942 2982 propagationiS,
1999 2897 2106 2978 qui
2163 2897 2342 2961 solus
2395 2895 2642 2978 proprie

356 3005 663 3089 nuptialis
711 3008 829 3084 est,
868 3004 1317 3069 uehementius
1366 3004 1760 3078 accusand03
1808 3003 2084 3068 multum
2128 3003 2436 3068 interesse
2481 3001 2648 3066 inter

358 3111 748 3177 abstinentes
816 3131 853 3174 a
918 3111 1077 3176 cibis
1157 3113 1416 3194 propter
1498 3109 1880 3176 sacramenti
1945 3109 2474 3194 significationem
2538 3108 2646 3173 uel

264 3239 316 3278 ιε»
357 3223 614 3302 propter
676 3217 956 3301 corporis
1021 3217 1506 3301 castigationem
1572 3220 1638 3281 et
1703 3216 2095 3281 abstinentes
2153 3234 2190 3279 a
2245 3215 2424 3292 cibis,
2483 3233 2642 3296 quos

357 3324 513 3389 deus
563 3325 822 3403 creauit,
873 3313 1159 3400 dicende,
1209 3324 1380 3407 quod
1418 3343 1525 3389 eos
1567 3324 1724 3389 deus
1767 3343 1890 3390 non
1931 3320 2189 3388 creauit.
2236 3320 2496 3405 proinde
2533 3321 2644 3384 illa

356 3430 638 3495 doctrina
684 3434 783 3496 est
829 3432 1274 3515 prophetarum
1325 3434 1389 3496 et
1434 3431 1889 3514 apostolorum,
1947 3430 2103 3495 haec
2159 3429 2632 3494 daemoniorum

354 3536 1003 3628 mendaciloquorum.

427 3850 450 3903 1
493 3849 838 3904 detestamini
880 3853 940 3913 (a
978 3867 1098 3919 sup.
1136 3852 1178 3916 i)
1228 3849 1274 3904 Ο
1452 3850 1484 3902 3
1525 3866 1651 3904 uero
1692 3851 1723 3902 b
1887 3852 1920 3903 5
1957 3865 2056 3902 uos
2093 3849 2124 3902 b
2270 3865 2377 3902 non
2417 3851 2485 3915 (s.
2525 3848 2560 3901 Ζ.
2601 3865 2638 3901 a

348 3954 417 3992 m.
452 3942 583 4006 rec.)
629 3939 675 3992 0
781 3941 810 3992 7
850 3940 1091 3996 amicitia
1128 3940 1203 4006 (ia
1238 3940 1301 3991 in
1335 3945 1471 4005 ras.)
1513 3938 1559 3994 S
1665 3939 1697 3992 9
1733 3938 1860 3992 hinc
1899 3941 1948 4008 (c
1985 3953 2020 3991 s.
2068 3937 2102 3990 l.
2145 3936 2276 3991 add.
2316 3955 2383 3993 m.
2419 3940 2545 4004 rec.)
2593 3935 2640 3988 0

349 4027 556 4096 quurL
668 4029 731 4081 11
770 4027 1081 4092 natiuitatis
1121 4029 1188 4095 (ti
1224 4043 1347 4096 exp.
1386 4045 1455 4081 m.
1494 4027 1629 4094 2)L
1741 4027 1804 4081 13
1844 4026 1924 4096 ac]
1962 4026 2064 4080 hac
2107 4026 2156 4080 0
2270 4025 2340 4080 16
2377 4024 2548 4088 solui‚.¹
2589 4027 2634 4092 (s

346 4117 461 4171 uid.
508 4117 601 4185 er.)
645 4117 692 4171 0
800 4117 896 4171 ο1’ἷ
946 4117 1127 4171 saltim
1166 4119 1219 4170 L
1365 4116 1430 4170 18
1475 4117 1554 4178 sie
1598 4115 1648 4170 G
1715 4151 1720 4158 -
1797 4116 1864 4170 21
1911 4115 2259 4186 prohibentes
2286 4114 2368 4179 ‚(h
2409 4129 2452 4168 s.
2491 4113 2552 4183 L)
2591 4113 2640 4170 δ’
2691 4125 2698 4134 “

347 4207 415 4259 22
456 4206 861 4276 propagationis
903 4206 1001 4271 (tio
1038 4221 1081 4260 s.
1121 4205 1156 4260 l.
1196 4205 1330 4260 add.
1380 4223 1451 4260 m.
1500 4210 1557 4272 2)
1600 4205 1646 4260 S
1828 4204 2076 4277 propriae
2127 4201 2340 4258 GSMG
2385 4202 2638 4273 propriae

348 4295 401 4364 (a
458 4311 574 4364 exp.
633 4311 701 4350 m.
750 4295 808 4364 2)
847 4295 899 4348 L
1006 4295 1075 4348 23
1105 4294 1363 4348 nubtialis
1404 4293 1477 4347 M
1579 4296 1648 4349 24
1677 4294 1997 4349 sacramenti
2042 4293 2116 4346 C:
2156 4295 2364 4346 sacrata
2401 4289 2636 4354 LMGb,

348 4385 437 4449 (in
471 4386 613 4450 ras.)
652 4383 697 4438 S

2429 4484 2528 4539 48*
