3159 4984
565 508 650 572 84
1290 503 1343 556 S.
1401 501 1679 556 Aureli
1734 499 2175 570 Augustini

567 701 1009 784 commixtione
1058 737 1202 782 cum
1251 717 1416 781 malo
1466 720 1530 780 et
1575 699 1976 779 tenebrarum
2015 717 2201 798 gente
2239 713 2515 778 mundus
2556 713 2643 778 sit
2678 711 2848 776 fabri-

572 827 790 900 catus:
857 824 1004 890 111116
1053 845 1212 894 esse.
1263 824 1432 908 quod
1477 823 1581 888 hic
1630 822 1873 886 animae
1929 821 2129 887 bonae
2185 822 2493 896 laborant,
2552 821 2849 906 seruiunt,

571 933 794 1008 errant,
863 933 1367 1013 corrumpuntur,
1434 933 1508 993 ut
1573 928 2001 993 necessarium
2054 928 2378 992 haberent
2438 927 2851 992 liberatorem.

571 1037 678 1120 qui
747 1056 852 1102 eas
921 1038 996 1101 ab
1053 1056 1256 1102 errore
1310 1040 1612 1120 purgaret
1666 1039 1733 1100 et
1787 1054 1823 1098 a
1880 1034 2323 1101 commixtione
2382 1035 2665 1099 solueret
2719 1036 2783 1098 et
2822 1053 2853 1096 a

573 1145 882 1209 seruitute
937 1143 1253 1207 liberaret.
1319 1143 1442 1208 1106
1498 1162 1618 1226 ego
1676 1142 1850 1208 nefas
1906 1147 2061 1225 puto
2122 1141 2369 1207 credere
2430 1141 2617 1206 deum
2670 1141 2852 1205 omni·
2902 1151 2921 1190 ⁵

569 1253 890 1333 potentem
943 1249 1218 1332 aliquam
1267 1249 1599 1315 aduersam
1647 1251 1900 1333 gentem
1939 1248 2233 1312 timuisse
2273 1251 2383 1312 aut
2418 1248 2855 1312 necessitatem

579 1375 718 1422 esse
765 1376 1045 1439 passum,
1093 1357 1169 1420 ut
1214 1374 1329 1420 nos
1374 1356 1440 1419 in
1488 1373 1822 1420 aerumnas
1869 1355 2330 1438 praecipitaret.

657 1463 1143 1533 FORTUNATUS
1191 1462 1381 1526 dixit:
1453 1459 1615 1540 Quia
1660 1465 1725 1526 te
1770 1461 2053 1526 medium
2108 1461 2309 1525 fuisse
2365 1465 2652 1526 nostrum
2712 1461 2853 1525 scio.

564 1569 631 1635 id
697 1573 796 1635 est
859 1569 1024 1634 inter
1074 1569 1483 1634 Manichaeos
1541 1569 2041 1641 administrasse,
2107 1569 2234 1632 ista
2288 1567 2661 1650 principalia
2716 1571 2858 1632 sunt

563 1675 710 1740 fidei
777 1679 1050 1740 nostrae.
1126 1674 1204 1740 de
1269 1677 1748 1740 conuersatione
1805 1676 1911 1740 hic
1968 1676 2197 1760 agitur,
2258 1675 2334 1738 (16
2390 1674 2623 1756 quibus
2682 1675 2852 1738 falsis
2886 1685 2927 1724 1⁰

579 1783 946 1847 criminibus
984 1782 1332 1865 pulsamur.
1384 1802 1455 1847 ex
1501 1785 1566 1847 te
1617 1801 1763 1866 ergo
1810 1785 2174 1865 praesentes
2224 1781 2484 1845 audiant
2528 1781 2679 1845 boni
2726 1780 2857 1846 uiri.

569 1892 785 1953 utrum
835 1891 962 1971 sint
1007 1907 1177 1966 uera,
1227 1909 1418 1972 super
1473 1889 1706 1972 quibus
1768 1889 2173 1954 criminamur
2229 1891 2293 1952 et
2352 1887 2731 1974 adpetimur,
2790 1907 2857 1950 an

571 1996 701 2060 sint
764 1996 943 2063 falsa.
1013 1997 1246 2060 etenim
1305 2017 1374 2060 ex
1432 2000 1548 2060 tua
1602 1996 1887 2063 doctrina
1946 1999 2011 2060 et
2066 2015 2137 2060 ex
2192 1999 2305 2059 tua
2361 1995 2750 2078 expositione
2804 1997 2861 2057 et

577 2101 936 2166 ostensione
981 2105 1281 2186 poterunt
1322 2122 1477 2168 uero
1525 2103 1742 2168 uerius
1782 2103 1941 2168 scire
1978 2107 2259 2169 nostram
2300 2101 2858 2166 conuersationem.

569 2207 626 2271 si
675 2227 710 2272 a
755 2211 819 2271 te
865 2207 1059 2272 fuerit
1102 2209 1369 2292 prodita.
1436 2209 1782 2274 interfuisti
1830 2209 2147 2275 orationi?
2894 2212 2933 2252 ¹⁵

663 2315 724 2378 2.
774 2315 946 2385 ΑΕΘ.
997 2314 1186 2380 dixit:
1254 2315 1537 2380 Interfui.
1600 2316 1712 2382 sed
1768 2316 1893 2380 alia
1938 2317 2225 2398 quaestio
2276 2317 2375 2380 est
2424 2315 2498 2380 de
2546 2313 2693 2392 fide,
2744 2313 2861 2376 alia

579 2422 654 2486 de
719 2423 1044 2496 moribus:
1114 2443 1231 2507 ego
1301 2423 1378 2487 de
1433 2423 1556 2488 fide
1612 2421 1947 2507 proposui.'
2006 2423 2119 2488 sed
2178 2424 2226 2488 si
2286 2423 2404 2500 illi,
2466 2422 2575 2504 qui
2634 2420 2865 2485 adsunt

575 2529 824 2593 malunt
881 2529 1094 2594 audire
1153 2529 1230 2594 de
1284 2531 1591 2606 moribuS,
1648 2549 1764 2595 nec
1819 2531 2025 2614 ipsam
2083 2529 2521 2613 quaestionem
2589 2527 2860 2612 defugio.

667 2635 879 2706 FORT.
948 2635 1136 2700 dixit:
1211 2637 1488 2721 Purgare
1553 2657 1655 2718 me
1720 2637 1895 2720 prius
1960 2638 2109 2702 uolo
2166 2655 2360 2720 penes
2418 2635 2863 2700 conscientiam

579 2745 880 2820 uestram,
929 2762 1121 2826 penes
1170 2763 1328 2826 quos
1375 2741 1743 2826 polluimur,
1794 2763 1865 2808 ex
1909 2743 2122 2809 idonei
2166 2742 2290 2807 uiri
2334 2741 2724 2812 testimonio,
2764 2737 2941 2822 (1111ἱέο

583 2849 741 2912 mihi
789 2852 853 2912 et
899 2868 1064 2913 nunc
1109 2849 1378 2915 idoneus
1427 2853 1527 2914 est
1573 2853 1638 2914 et
1692 2851 1756 2915 in
1813 2850 2026 2914 sutura
2080 2849 2238 2914 iusti
2291 2849 2513 2914 iudicii
2571 2846 2869 2912 examina-

577 2955 749 3047 tione
803 2956 1056 3032 Christi,
1108 2956 1162 3021 si
1210 2976 1301 3033 ea,
1352 2976 1512 3040 quae
1560 2957 1894 3034 iactantur,
1953 2957 2120 3021 uidit
2163 2957 2225 3020 in
2275 2957 2458 3022 nobis
2504 2957 2613 3020 uel
2662 2971 2871 3020 conse-

577 3065 762 3128 cutus
811 3065 928 3127 est.

669 3171 729 3236 3.
779 3170 952 3240 Asc.
982 3170 1176 3234 dixit:
1207 3169 1304 3235 Ad
1335 3170 1508 3236 aliud
1537 3191 1753 3247 uocaS,
1789 3191 1934 3236 cum
1976 3191 2094 3255 ego
2136 3171 2210 3235 de
2250 3170 2372 3234 fide
2420 3168 2873 3254 proposuerim.

587 3276 663 3340 (16
710 3277 993 3342 moribus
1034 3279 1248 3342 autem
1284 3279 1518 3344 uestris
1556 3280 1739 3362 plene
1780 3279 1940 3343 scire
1978 3281 2267 3362 possunt,
2310 3277 2417 3359 qui
2456 3277 2647 3341 electi
2684 3273 2941 3342 uestri²⁵

590 3385 758 3447 sunt.
827 3384 1028 3448 nostis
1088 3387 1301 3448 autem
1355 3403 1460 3448 me
1516 3403 1640 3449 non
1690 3385 1966 3449 electum
2011 3388 2319 3452 uestrum.
2372 3383 2481 3448 sed
2530 3383 2878 3448 auditorem

653 3629 688 3679 4
727 3644 816 3679 eos
855 3627 1066 3682 ABSP
1170 3631 1202 3682 5
1242 3631 1366 3698 ego]
1405 3645 1530 3698 ergo
1561 3629 1672 3682 BP
1778 3631 1811 3683 6
1850 3629 2179 3682 necessitate
2218 3645 2436 3698 passum
2466 3628 2520 3680 A
2635 3627 2665 3678 7
2714 3641 2879 3680 erum-

576 3731 709 3784 pnas
747 3714 849 3768 BS
1024 3717 1059 3770 8
1107 3716 1242 3770 dixit
1286 3735 1386 3772 om.
1428 3717 1459 3770 b
1642 3718 1883 3772 medium
1929 3721 1985 3770 te
2041 3721 2285 3771 nostrum
2332 3715 2500 3770 fuisse
2540 3715 2587 3770 S
2767 3713 2874 3766 scio

579 3807 645 3870 (8.
687 3805 742 3867 l.)
784 3803 837 3854 Β
875 3819 975 3884 om:
1017 3803 1172 3858 APS
1316 3806 1380 3858 10
1420 3805 1745 3876 (le—agitur
1782 3822 1882 3858 om.
1926 3804 1973 3858 S
2110 3805 2221 3874 hic]
2258 3821 2404 3858 1111116
2442 3804 2497 3857 A
2622 3805 2684 3857 11
2730 3817 2879 3875 prae·

581 3885 754 3986 sesstes
791 3917 846 3970 B
993 3921 1058 3973 12
1099 3919 1315 3990 quibus]
1353 3922 1407 3974 in
1449 3919 1645 3990 quibus
1685 3922 1736 3973 A
1878 3922 1944 3973 14
1982 3937 2109 3974 uero
2150 3937 2252 3974 om.
2294 3921 2325 3972 b
2479 3921 2543 3972 15
2584 3919 2787 3973 suerint
2822 3915 2875 3967 A

579 4007 644 4060 17
691 3993 813 4068 sed]
859 4025 960 4061 om.
997 4007 1162 4060 APB
1211 4007 1311 4072 (fii)
1442 4009 1487 4062 si
1527 4024 1630 4063 om.
1672 4008 1748 4060 Sb
1860 4008 1987 4078 quia
2034 4006 2096 4060 ds
2152 4007 2355 4061 malum
2404 4007 2593 4062 audire
2631 4008 2689 4062 P
2792 4005 2877 4060 illi

583 4101 804 4169 inquam
842 4105 906 4153 ut
945 4100 1081 4154 dicis
1117 4100 1318 4154 malurn
1357 4101 1542 4154 audire
1581 4100 1630 4156 S
1664 4100 1759 4156 sed
1795 4101 1877 4154 illi
1920 4143 1931 4154 .
1974 4142 1984 4153 .
2026 4140 2039 4153 .
2080 4101 2127 4153 si
2161 4101 2376 4154 malunt
2414 4101 2445 4154 b
2558 4101 2627 4154 »18
2666 4099 2877 4172 questio

583 4213 791 4284 difugio
830 4215 885 4267 A
1013 4215 1102 4316 ⁸19
1140 4214 1286 4285 prius
1321 4233 1406 4269 me
1443 4213 1504 4318 Αί
1618 4232 1754 4286 116116
1802 4217 1855 4269 A
1906 4181 2145 4287 pene⁸B
2292 4215 2361 4270 20
2402 4217 2561 4286 quos]
2599 4213 2743 4286 quod
2779 4212 2885 4268 AS

583 4346 746 4398 quam
788 4329 874 4382 Pb
915 4329 1057 4398 quod
1096 4329 1150 4382 Β
1328 4330 1634 4400 polluemur
1670 4330 1725 4382 Β
1906 4332 1989 4400 ex]
2038 4337 2096 4385 et
2132 4331 2177 4386 S
2355 4330 2549 4384 idoneo
2588 4331 2643 4384 Β
2678 4329 2802 4383 11160
2844 4329 2883 4383 S

581 4417 694 4470 ueri
733 4417 778 4470 S
921 4418 1035 4486 qui]
1075 4435 1114 4494 q,
1148 4419 1191 4471 S
1227 4423 1284 4472 et
1322 4419 1414 4488 qui
1453 4419 1484 4471 b
1632 4421 1696 4472 21
1737 4419 1921 4473 iuditii
1959 4419 2014 4472 A
2049 4418 2246 4473 iudicis
2285 4419 2341 4472 Β

3066 3676 3083 3755 1
