3159 4984
431 440 571 501 200
1143 433 1196 487 S.
1255 432 1530 487 Aureli
1586 432 2017 501 Augustini

444 636 488 695 C
501 630 684 694 bristi
725 648 976 711 semper
1013 628 1253 705 audiui,
1293 627 1870 711 quotienscumque
1910 626 2151 704 audiui,
2188 626 2491 709 paracleti
2530 628 2743 691 autem

443 756 556 801 nec
616 736 834 801 semel.
904 736 1059 817 quid
1122 734 1245 799 hoc
1311 754 1450 799 esse
1513 752 1739 799 causae
1798 734 2195 813 arbitramur,
2260 733 2384 799 nisi
2440 734 2590 816 quia
2632 734 2747 799 illa

437 843 757 926 superbia,
823 846 1028 907 mater
1092 842 1376 907 omnium
1434 842 1918 919 haereticorum,
1975 841 2214 925 inpulit
2265 842 2615 919 hominem,
2674 844 2747 905 ut

437 971 559 1015 non
596 950 874 1016 missum
913 969 982 1015 se
1021 950 1099 1015 ab
1138 949 1458 1032 paracleto
1505 949 1707 1012 uellet
1750 948 1975 1025 uideri,
2034 949 2146 1013 sed
2200 948 2291 1012 ita
2348 952 2739 1032 susceptum,

439 1060 511 1119 ut
557 1056 697 1139 ipse
742 1055 1103 1139 paracletus
1153 1053 1524 1118 diceretur?
1571 1054 1743 1119 sicut
1786 1054 1970 1119 Iesus
2019 1053 2311 1120 Christus
2358 1054 2551 1120 homo
2616 1075 2740 1121 non
2808 1073 2837 1115 s

435 1182 468 1225 a
517 1162 650 1227 filio
713 1161 833 1235 dei,
889 1160 956 1225 id
1014 1166 1114 1225 est
1171 1160 1412 1224 uirtute
1471 1163 1536 1225 et
1593 1160 1903 1244 sapientia
1956 1162 2077 1229 dei.
2142 1181 2257 1245 per
2318 1180 2511 1245 quam
2574 1163 2743 1228 facta

437 1272 587 1333 sunt
635 1268 864 1345 omnia,
914 1268 1155 1332 missus
1205 1270 1324 1343 est,
1375 1266 1486 1331 sed
1533 1267 1626 1330 ita
1672 1270 2013 1350 susceptus
2069 1267 2420 1333 secundum
2478 1270 2741 1334 catholi-

439 1395 576 1439 cam
643 1376 856 1451 fidem,
923 1377 999 1439 ut
1059 1374 1196 1457 ipse
1259 1376 1432 1439 esset
1487 1373 1591 1438 dei
1646 1374 1839 1451 filius,
1896 1374 1963 1439 id
2020 1378 2119 1440 est
2171 1375 2234 1439 in
2292 1375 2405 1442 illo
2452 1376 2591 1460 ipso
2640 1375 2740 1440 dei

434 1482 750 1565 sapientia
789 1480 1088 1546 sanandis
1124 1480 1570 1562 peccatoribus
1610 1480 1977 1563 adparerett
2027 1481 2121 1545 sic
2160 1500 2227 1545 se
2265 1481 2376 1547 ille
2414 1483 2625 1547 uoluit
2662 1483 2739 1547 ab

435 1588 662 1670 spiritu
711 1590 953 1663 sancto,
1001 1606 1190 1669 quem
1231 1586 1524 1651 Christus
1562 1587 1876 1670 promisit.
1915 1588 2121 1653 uideri
2160 1608 2302 1653 esse
2342 1592 2733 1672 susceptum.
2778 1608 2829 1649 ιο

435 1702 508 1758 ut
543 1695 670 1759 iam
712 1714 860 1758 cum
901 1694 1198 1758 audimus
1235 1692 1685 1758 Manichaeum
1724 1694 2018 1778 spiritum
2058 1697 2370 1773 sanctum,
2407 1695 2735 1779 intellega-

433 1821 577 1865 mus
635 1801 998 1884 apostolum
1045 1801 1194 1864 Iesu
1244 1799 1504 1877 Christi,
1561 1799 1628 1863 id
1688 1804 1787 1865 est
1840 1800 2113 1866 missum
2171 1821 2208 1866 a
2262 1803 2411 1867 Iesu
2458 1800 2731 1882 Christe,

435 1908 543 1988 qui
592 1926 738 1972 eum
788 1926 856 1971 se
904 1906 1254 1971 missurum
1313 1926 1454 1971 esse
1510 1907 1824 1990 promisit.
1893 1908 2235 1992 singularis
2292 1908 2556 1973 audacia
2608 1908 2735 1973 ista

435 2021 501 2075 et
545 2012 864 2077 ineffabile
913 2012 1358 2097 sacrilegium!

529 2125 588 2187 7.
631 2120 756 2187 Sed
794 2122 1007 2185 tamen
1047 2138 1300 2201 quaero,
1335 2138 1480 2184 cum
1519 2122 1701 2203 pater
1739 2124 1805 2184 et
1840 2120 2011 2186 filius
2060 2124 2126 2186 et
2162 2121 2425 2205 spiritus
2472 2125 2730 2187 sanctus
2772 2138 2823 2181 ιε

437 2230 624 2295 uobis
673 2228 865 2293 etiam
916 2226 1366 2292 confitentibus
1423 2246 1548 2293 non
1607 2227 1843 2311 dispari
1898 2230 2123 2291 natura
2178 2228 2574 2312 copulentur,
2622 2246 2735 2293 cur

437 2338 474 2400 h
485 2336 760 2402 ominem
809 2336 1180 2417 susceptum
1211 2335 1288 2398 ab
1330 2334 1557 2418 spiritu
1590 2338 1811 2401 sancto
1848 2334 2293 2399 Manichaeum
2332 2354 2455 2400 non
2492 2335 2734 2418 putatis

441 2448 623 2527 turpe
691 2445 912 2506 natum
979 2460 1050 2505 ex
1116 2442 1386 2523 utroque
1453 2461 1605 2507 sexu
1688 2442 2071 2525 praedicare,
2136 2442 2457 2506 hominem
2524 2445 2737 2506 autem

441 2552 812 2633 susceptum
849 2547 926 2611 ab
963 2546 1298 2631 unigenita
1335 2548 1647 2631 sapientia
1684 2548 1786 2612 dei
1822 2550 2043 2613 natum
2083 2547 2160 2613 de
2197 2548 2447 2633 uirgine
2486 2548 2739 2614 credere

439 2642 796 2723 formidatis
818 2659 848 2720 P
913 2656 970 2720 si
1036 2674 1178 2722 caro
1246 2656 1550 2733 humana,
1620 2656 1675 2721 si
1742 2656 2119 2721 concubitus
2183 2655 2336 2733 uiri,
2396 2656 2452 2721 si
2516 2658 2737 2721 uterus
2776 2672 2835 2713 ω

443 2764 730 2829 mulieris
795 2782 920 2826 non
987 2763 1201 2845 potuit
1263 2762 1594 2845 inquinare
1658 2761 1953 2845 spiritum
2028 2766 2348 2839 sanctum,
2424 2760 2741 2845 quomodo

441 2873 656 2957 potuit
701 2869 968 2953 uirginis
1015 2872 1238 2934 uterus
1292 2869 1622 2951 inquinare
1680 2868 1783 2933 dei
1839 2869 2215 2953 sapientiam
2236 2872 2267 2933 P
2330 2869 2742 2934 Manichacus

443 2999 598 3064 ergo
646 2979 792 3055 iste,
843 2977 952 3060 qui
1001 2980 1220 3041 sancto
1269 2976 1498 3058 spiritu
1547 2980 1615 3040 et
1659 2976 2033 3060 euangelica
2084 2976 2359 3041 lectione
2414 2976 2740 3059 gloriatur.

451 3104 710 3151 necesse
777 3088 877 3149 est
939 3082 1125 3147 uobis
1193 3082 1500 3147 concedat
1563 3086 1676 3147 aut
1736 3082 2011 3147 missum
2078 3101 2148 3147 se
2214 3100 2356 3147 esse
2422 3100 2457 3146 a
2524 3085 2740 3147 sancto

447 3192 675 3276 spiritu
723 3194 836 3255 aut
883 3180 1274 3272 susceptum.
1343 3188 1398 3252 si
1445 3188 1685 3253 missus
1734 3190 1853 3260 est,
1909 3189 2214 3273 paracleti
2260 3208 2329 3253 se
2376 3188 2741 3271 apostolum
2777 3215 2833 3260 ,s

443 3300 650 3373 dicatz
697 3296 754 3363 si
800 3298 1164 3379 susceptus,
1213 3294 1520 3360 concedat
1565 3294 1619 3359 ei
1671 3294 1994 3359 hominem
2038 3298 2327 3372 matrem,
2369 3312 2557 3377 quem
2597 3314 2735 3359 sus-

446 3406 614 3491 cepit
639 3402 1006 3491 unigenitus
1037 3402 1209 3467 filius
1244 3400 1365 3479 dei,
1406 3400 1463 3466 si
1501 3401 1579 3479 ei,
1622 3420 1809 3483 quem
1850 3400 2134 3484 suscepit
2162 3401 2424 3484 spiritus
2455 3405 2737 3478 sauctus,

446 3508 739 3573 concedit
776 3512 841 3573 et
875 3506 1139 3594 patre‘m.
1191 3509 1407 3574 credat
1451 3507 1824 3593 uirginitate
1861 3508 2099 3573 Mariae
2148 3508 2413 3573 uerbum
2462 3508 2567 3573 dei
2611 3528 2733 3573 non

499 3648 528 3699 1
551 3646 993 3719 quotiescumque
1006 3648 1071 3701 H
1079 3646 1255 3702 VOSb
1313 3646 1345 3701 3
1365 3645 1853 3701 hereticorumPH
1931 3645 2217 3717 impulitP
2265 3645 2745 3711 4uelletuelletH

443 3738 472 3785 6
513 3734 601 3789 dei
637 3736 750 3790 filio
790 3736 822 3790 b
968 3752 1126 3807 quem
1161 3738 1210 3790 Τ
1331 3734 1363 3789 8
1393 3736 1508 3806 ipse
1538 3752 1642 3791 om.
1681 3734 1735 3789 V
1884 3734 1978 3789 illo
2009 3751 2109 3790 om.
2149 3735 2200 3788 T
2302 3734 2337 3789 9
2375 3738 2660 3805 appareret
2685 3733 2743 3789 P

440 3825 530 3893 ab]
569 3841 602 3878 a
637 3822 932 3879 HTosvb
1045 3825 1107 3878 11
1165 3827 1230 3878 ut
1282 3824 1414 3894 iam]
1471 3824 1635 3878 etiam
1682 3823 1737 3876 P
1788 3824 1997 3878 utinam
2052 3823 2120 3877 H
2256 3824 2365 3877 iam
2422 3838 2523 3878 om.
2588 3818 2745 3877 VLT

441 3930 604 3983 quum
632 3913 689 3966 P
820 3930 940 3967 cum
966 3915 1074 3967 iam
1105 3912 1360 3967 audiuim'
1392 3912 1424 3966 b
1573 3913 1641 3967 13
1668 3912 1891 3967 audatia
1922 3912 1975 3967 Τ
2120 3914 2185 3967 15
2211 3913 2265 3967 Κ
2288 3912 2359 3967 Η
2498 3928 2661 3982 quero
2687 3910 2739 3965 Τ

443 4010 552 4071 qun
588 4002 644 4056 P
785 4004 852 4056 16
899 4002 1182 4073 copuletur
1216 4002 1273 4055 P
1415 4016 1552 4073 quur
1586 4002 1644 4055 P
1786 4002 1851 4055 17
1898 4004 2062 4072 putai
2108 4002 2159 4055 Τ
2299 4003 2369 4056 22
2404 4006 2591 4057 uterus
2626 4001 2736 4054 uir.

441 4092 582 4162 ginis
613 4090 852 4145 VHGSb
963 4091 1284 4161 sapientiam
1315 4090 1404 4145 dei
1433 4090 1487 4145 V
1551 4090 1623 4145 23
1652 4096 1783 4160 post
1820 4091 1913 4162 qui
1950 4090 2081 4145 add.
2122 4090 2189 4145 de
2216 4089 2517 4145 HTGSVb
2624 4088 2735 4160 spi·

439 4181 548 4234 ritu
585 4182 771 4233 sancto
811 4179 844 4232 b
987 4180 1060 4233 24
1093 4179 1252 4234 nobis
1298 4180 1349 4233 Τ
1491 4180 1687 4251 spiritu
1726 4184 1911 4235 sancto
1951 4178 2139 4234 SVGb
2285 4180 2353 4233 25
2391 4178 2641 4249 paracliti
2688 4176 2742 4231 V

439 4268 509 4321 26
539 4270 820 4338 susceptus
848 4272 934 4323 est
959 4267 992 4322 b
1134 4268 1338 4323 homini
1363 4268 1650 4324 TSVGLb
1758 4268 1827 4323 27
1857 4268 1945 4323 dei
1970 4284 2075 4323 om.
2102 4268 2171 4322 H
2174 4268 2310 4323 Tos
2320 4266 2403 4321 Vb
2510 4269 2581 4321 28
2608 4282 2733 4320 con·

444 4355 602 4411 cedat
637 4356 670 4411 b
815 4356 1123 4427 uirginitati
1157 4357 1215 4410 P
