3159 4984
827 464 1288 521 IULContra
1343 467 1855 523 Adimantum.
2351 473 2476 537 133

208 658 433 723 dicatur
477 678 548 725 ex
591 678 862 743 persona
908 659 1321 725 inhabitantis
1362 661 1482 737 dei,
1519 661 1684 725 illud
1723 681 1794 726 ex
1831 682 2103 746 persona
2140 664 2476 731 seruientia

209 768 522 830 creaturae.
581 784 654 830 ex
701 766 820 831 hae
865 767 1086 850 regula
1133 767 1325 831 etiam
1371 769 1700 850 apostolus
1758 768 1883 832 ait:
1942 788 2029 833 an
2074 769 2319 835 uultis
2368 788 2477 835 ex-

205 872 682 954 perimentum
729 874 1072 958 aeeipere
1104 874 1290 951 eius,
1333 874 1459 955 qui
1495 874 1567 937 in
1600 894 1713 939 me
1740 875 2105 958 loquitur,
2139 875 2471 942 Christi?

284 977 345 1042 Si
415 983 626 1043 autem
701 979 824 1045 hoe
869 984 1109 1054 mouet,
1165 980 1336 1063 quod
1398 980 1462 1044 in
1527 984 1744 1046 uetere
1825 985 2209 1048 testamento
2282 984 2475 1049 etiam

155 1101 178 1139 ⁵
203 1086 616 1167 peecatoribus
683 1087 841 1153 deus
907 1088 1191 1171 loquitur
1245 1088 1352 1151 uel
1396 1087 1568 1153 Adae
1624 1090 1733 1154 uel
1786 1090 1961 1153 Euae
2016 1090 2123 1155 uel
2176 1090 2474 1173 serpenti,

205 1191 524 1257 adtendant
568 1194 762 1257 etiam
808 1194 873 1259 in
921 1214 1088 1261 nouo
1137 1194 1497 1260 cuiusmodi
1545 1196 1903 1279 exemplum
1936 1196 2231 1261 dominus
2260 1197 2477 1279 posuit

206 1297 268 1361 de
313 1298 554 1364 homine
603 1282 803 1365 stulto
853 1304 918 1365 et
965 1301 1215 1385 cupido,
1267 1302 1583 1384 quomodo
1625 1302 1685 1366 ei
1720 1303 1977 1367 loeutus
2018 1305 2118 1367 est
2156 1302 2471 1381 dominus,

205 1424 332 1469 oum
376 1406 492 1471 ait:
560 1408 824 1485 stulte,
883 1408 1020 1473 hac
1075 1410 1294 1475 noete
1352 1406 1741 1473 auferetur
1798 1408 2042 1472 anima
2095 1412 2226 1473 tua
2281 1428 2318 1472 a
2362 1413 2466 1485 te3

203 1510 364 1577 haee
407 1532 590 1595 quae
645 1515 1138 1598 praeparasti,
1201 1514 1417 1581 ouius
1479 1518 1738 1579 erunt?
1806 1533 1953 1579 eum
2010 1514 2175 1579 enim
2232 1516 2469 1581 ueritas

135 1631 174 1669 ¹⁰
205 1620 372 1685 etiam
415 1622 853 1703 peccatoribus
912 1622 1161 1695 dicitur,
1217 1642 1330 1705 per
1387 1621 1741 1704 quamlibet
1797 1623 2149 1687 ereaturam
2207 1621 2470 1701 dicatur,

204 1744 310 1789 nou
369 1727 486 1792 nisi
551 1728 628 1792 ab
695 1728 806 1793 illo
873 1728 1123 1805 dieitur,
1191 1729 1299 1811 qui
1363 1746 1530 1793 unus
1594 1732 1692 1793 est
1755 1747 1963 1793 uerax.
2030 1729 2201 1811 quod
2256 1732 2469 1794 autem

203 1832 428 1899 Iudaeis
475 1834 667 1898 dicit:
735 1854 868 1901 nee
928 1854 1188 1899 uocem
1247 1834 1653 1917 aliquando
1714 1834 1875 1899 eius
1926 1833 2275 1912 audistis,
2324 1836 2467 1901 ideo

206 1937 358 2009 dicit..
419 1940 564 2023 quia
629 1960 752 2006 non
818 1942 1419 2024 obtemperauerunt
1471 1940 1581 2005 isti
1640 1940 1985 2015 dumtaxat,
2044 1960 2187 2006 cum
2238 1940 2469 2023 quibus

204 2044 572 2128 loquebatur.
641 2047 870 2130 quibus
920 2048 1076 2113 dicit
1122 2048 1354 2112 etiam:
1422 2066 1555 2112 neo
1604 2047 1870 2111 faeiem
1919 2048 2080 2113 eius
2128 2048 2465 2125 uidistis,

133 2152 335 2233 ²5quia
384 2172 502 2219 non
557 2156 792 2236 potest.
861 2154 1031 2237 quod
1089 2158 1302 2219 autem
1369 2153 1559 2219 dicit:
1626 2172 1862 2236 neque
1927 2155 2236 2219 uerbum
2303 2155 2466 2219 eius

202 2256 476 2323 habetis
520 2260 596 2324 in
644 2262 864 2325 uobis
913 2280 1239 2337 manenS,
1287 2261 1436 2343 quia
1481 2261 1544 2325 in
1594 2280 1718 2344 quo
1768 2264 1982 2326 manet
2028 2263 2293 2327 uerbum
2342 2261 2464 2340 dei,

204 2362 464 2431 Christus
510 2366 573 2430 in
621 2367 734 2431 illo
781 2372 1016 2442 manet,
1067 2386 1258 2450 quem
1302 2367 1414 2432 isti
1457 2371 1857 2451 respuerunt.
1926 2387 2072 2433 nam
2128 2388 2277 2433 cum
2328 2368 2465 2452 ipse

203 2468 466 2537 dominus
513 2472 812 2539 dixisset:
880 2478 1124 2558 pater,
1188 2474 1536 2539 clarifica
1581 2494 1693 2539 me
1744 2494 1825 2539 ea
1881 2474 2267 2550 claritate,
2326 2494 2468 2559 qua

201 2574 292 2639 fui
353 2579 536 2661 apud
599 2584 692 2656 te,
751 2580 1194 2663 priusquam
1257 2582 1578 2645 mundus
1644 2580 1891 2659 fieret,
1950 2582 2167 2647 sonuit
2220 2601 2342 2648 uox
2390 2581 2465 2646 de

127 2688 169 2729 ²⁰
203 2682 388 2748 eaelo:
453 2690 526 2749 et
582 2686 1017 2751 clarifieaui
1073 2689 1148 2752 et
1206 2687 1674 2754 clarificabo.
1743 2708 1932 2770 quam
1999 2708 2224 2753 uocem
2280 2688 2469 2753 multi

198 2786 544 2857 Iudaeorum
571 2796 936 2876 praesentes
970 2793 1304 2858 audierunt
1340 2813 1456 2859 nec
1491 2794 1634 2859 ideo
1673 2798 1885 2860 tamen
1926 2793 2180 2859 audisse
2219 2785 2469 2859 dicendi

198 2900 342 2972 sunt,
387 2898 530 2981 quia
574 2918 701 2964 non
761 2899 1376 2981 obtemperauerunt,
1431 2902 1506 2963 ut
1561 2899 1907 2965 crederent.
1974 2900 2355 2983 quapropter
2408 2900 2463 2965 si

195 3017 298 3063 non
341 3005 432 3066 est
474 3002 856 3081 mirandum,
905 3004 1074 3088 quod
1121 3004 1388 3069 uerbum
1438 3003 1558 3083 dei,
1604 3004 1673 3069 id
1719 3008 1817 3071 est
1860 3005 2089 3070 unicus
2124 3004 2297 3069 filius
2337 3005 2457 3081 dei,

195 3106 285 3185 qui
327 3106 396 3172 de
438 3112 616 3191 patre
664 3107 1016 3187 adnuntiat,
1066 3108 1169 3173 eui
1215 3110 1361 3173 uult
1406 3128 1518 3193 per
1573 3128 1643 3175 se
1698 3109 1932 3193 ipsum,
1990 3109 2094 3174 cui
2148 3110 2295 3177 uult
2350 3130 2463 3193 per

119 3216 162 3259 ⁸³
198 3210 438 3295 aliquam
503 3216 858 3279 creaturam
924 3215 1032 3279 uel
1097 3214 1377 3279 sonando
1445 3215 1553 3279 uel
1616 3215 1991 3299 adparendo,
2048 3234 2195 3282 eum
2247 3220 2459 3281 tamen

191 3313 302 3397 ipse
343 3338 450 3401 per
494 3338 563 3384 se
611 3318 824 3403 ipsum
871 3319 1108 3384 mundo
1158 3319 1342 3385 eorde
1389 3319 1685 3383 uideatur
1740 3323 1805 3384 et
1857 3340 1969 3403 per
2031 3320 2217 3385 illum
2279 3325 2462 3404 pater

189 3454 258 3469 —
313 3426 506 3491 beati
571 3426 766 3490 enim
830 3425 1394 3505 mundicordeS,
1461 3426 1637 3509 quia
1716 3425 1869 3510 ipsi
1961 3427 2177 3492 deum
2250 3428 2454 3494 uide-

333 3644 365 3697 2
408 3644 455 3697 ΙΙ
502 3642 622 3699 Cor.
685 3644 757 3707 13,
807 3644 840 3697 3
1057 3644 1091 3697 8
1137 3644 1266 3698 Luc.
1320 3644 1402 3710 12,
1451 3644 1521 3699 20
1742 3636 1807 3699 18
1857 3645 1975 3699 Ioh.
2028 3646 2110 3711 12,
2148 3646 2241 3709 283
2294 3647 2377 3711 17,
2418 3648 2453 3701 5

189 3735 453 3796 mattha.
494 3742 548 3807 5.
587 3741 620 3796 8

237 3907 266 3959 3
293 3908 398 3962 eius
425 3909 665 3979 accipere
696 3908 728 3962 b
888 3897 999 3979 irps.
1029 3909 1161 3963 CTb
1260 3911 1297 3962 4
1325 3866 1508 3975 uetere¹
1534 3909 1587 3965 G·
1616 3909 1790 3965 ueteri
1820 3908 2056 3964 TCSVb
2142 3913 2174 3965 5
2205 3928 2373 3966 aeuae
2398 3912 2450 3967 G

183 3993 209 4097 f
239 3985 348 4067 dns]
382 3986 442 4053 (Ῑὲ
479 3998 511 4052 b
624 3998 655 4051 7
688 4002 745 4051 et
775 4014 877 4052 om.
901 3998 932 4051 b
1089 3999 1350 4070 loquutus
1376 3998 1428 4053 G
1571 3988 1637 4053 ds
1675 4000 1728 4052 P
1867 3999 1901 4051 8
1939 4015 1972 4052 a
2009 4002 2064 4053 te
2105 4000 2206 4055 hac
2241 4016 2354 4069 sqq.
2403 4000 2456 4053 V

181 4126 227 4162 ac
242 4116 382 4167 nocte
410 4080 650 4169 aufex-‘tur
675 4110 725 4168 G
835 4131 866 4166 a
895 4117 950 4167 te
983 4112 1161 4167 anima
1189 4117 1286 4167 tua
1311 4112 1548 4169 GTGSb
1666 4114 1733 4168 10
1771 4113 1988 4169 dicatur
2022 4114 2161 4170 CVI)
2275 4115 2342 4169 12
2372 4114 2455 4169 di-

181 4197 293 4253 citur
324 4201 375 4255 P
543 4204 660 4258 eius
698 4202 990 4273 aliquando
1031 4202 1062 4255 b
1223 4204 1289 4256 14
1328 4202 1546 4273 quibus]
1602 4202 1759 4273 ubiq:
1808 4204 1864 4257 P
2014 4205 2075 4259 19
2114 4204 2450 4275 priusquam]

178 4284 280 4341 0um
313 4292 360 4344 P
479 4291 550 4345 25
588 4291 912 4359 creaturam]
951 4294 1251 4344 creaturam
1287 4291 1607 4345 manifestet
1649 4291 1681 4344 b
1837 4291 1905 4345 27
1944 4291 2340 4349 mundocordes
2376 4294 2447 4369 P,

187 4377 227 4435 (o
258 4378 312 4429 in
345 4380 363 4431 i
398 4382 550 4449 corr.)
597 4380 650 4435 G
780 4380 928 4449 quia]
969 4386 1058 4449 qm
1109 4379 1162 4432 V
