3159 4984
505 468 585 529 10
1196 467 1247 520 S.
1305 466 1578 520 Aureli
1635 466 2068 536 Augustini

373 703 381 714 -
481 659 795 742 inpudens
844 662 961 736 est,
1003 659 1194 724 sicuti
1243 663 1357 730 est.
1401 679 1512 724 cur
1556 661 1621 724 in
1667 661 1853 725 Pauli
1900 659 2215 742 epistulis,
2249 679 2359 723 cur
2385 659 2449 723 in
2480 663 2779 742 quattuor

486 766 800 849 euangelii
847 766 1030 830 libris
1079 784 1151 830 ea
1198 767 1410 830 ualere
1463 768 1705 849 aliquid
1750 769 1996 850 putant.¹
2045 767 2108 830 in
2158 768 2388 848 quibus
2434 767 2605 830 haud
2650 766 2781 832 scio

487 892 566 937 an
612 874 818 938 multo
866 875 1050 956 plura
1088 875 1220 938 sint
1255 876 1659 958 proportione
1698 893 1889 957 quam
1927 876 1989 939 in
2038 875 2149 940 illo
2186 874 2348 940 libro
2388 893 2527 939 esse
2563 877 2783 957 potue-

483 982 653 1058 runt,
685 999 844 1063 quae
883 999 919 1043 a
958 981 1427 1063 corruptoribus
1463 982 1797 1048 interiecta
1834 983 2003 1047 credi
2037 983 2315 1048 uolunt?
2346 981 2459 1046 sed
2487 981 2785 1045 nimirum

485 1087 650 1152 illud
670 1090 788 1164 est,
811 1087 980 1169 quod
999 1087 1156 1151 mihi
1175 1088 1448 1166 uidetur,
1471 1090 1639 1172 quod
1659 1093 1807 1172 peto
1827 1088 2261 1172 placidissimo
2292 1090 2357 1152 et
2383 1087 2784 1152 serenissimo
2868 1115 2901 1154 5

489 1193 725 1258 iudicio
799 1213 1050 1258 mecum
1119 1195 1496 1261 consideres
1575 1195 1747 1259 nosti
1821 1195 2008 1269 enim,
2090 1194 2258 1277 quod
2335 1192 2611 1258 auctoris
2686 1191 2787 1256 sui

491 1299 850 1365 Manichaei
885 1319 1218 1383 personam
1255 1303 1320 1367 in
1361 1305 1793 1386 apostolorum
1850 1321 2183 1366 numerum
2246 1301 2543 1365 inducere
2606 1298 2787 1363 moli-

491 1411 670 1472 entes
736 1407 958 1472 dicunt
1021 1408 1314 1491 spiritum
1363 1411 1673 1486 sanctum,
1724 1428 1913 1491 quem
1963 1408 2255 1472 dominus
2322 1405 2652 1489 discipulis
2718 1423 2787 1469 se

487 1515 838 1580 missurum
903 1535 1044 1580 esse
1100 1515 1412 1599 promisit,
1459 1536 1572 1599 per
1616 1517 1825 1600 ipsum
1874 1517 1952 1580 ad
1990 1535 2105 1580 nos
2150 1514 2424 1581 uenisse.
2472 1514 2686 1595 itaque
2732 1511 2789 1577 si

488 1619 640 1686 illos
719 1621 940 1698 ‚Actus
1018 1623 1466 1706 apostolorum'
1552 1622 1926 1705 acciperent,
2009 1621 2072 1686 in
2158 1621 2387 1703 quibus
2464 1619 2790 1684 euidenter
2846 1649 2904 1688 10

495 1729 809 1792 aduentus
858 1729 1061 1792 sancti
1109 1728 1369 1811 spiritus
1417 1729 1833 1812 praedicatur,
1882 1748 2005 1793 non
2050 1728 2425 1805 inuenirent‚
2473 1726 2788 1809 quomodo

493 1835 562 1899 id
605 1835 944 1900 inmissum
1013 1854 1152 1900 esse
1219 1837 1516 1902 dicerent.
1583 1838 1813 1901 uolunt
1858 1835 2023 1900 enim
2071 1835 2284 1900 nescio
2333 1853 2493 1916 quos
2542 1851 2791 1915 corrup-

495 1942 664 2005 tores
749 1939 1107 2005 diuinorum
1191 1942 1496 2006 librorum
1590 1944 1734 2006 ante
1808 1943 2012 2026 ipsius
2081 1939 2437 2006 Manichaei
2508 1942 2792 2023 tempora

496 2047 716 2124 fuisse,
767 2048 1120 2130 corrupisse
1159 2052 1370 2113 autem
1417 2048 1587 2125 illos,
1628 2049 1737 2131 qui
1781 2049 2159 2114 Iudaeorum
2202 2047 2414 2130 legem
2460 2046 2790 2130 euangelio

495 2153 761 2218 miscere
828 2152 1182 2235 cupiebant.
1251 2153 1372 2218 hoc
1455 2153 1533 2218 de
1601 2153 1827 2237 spiritu
1894 2155 2110 2218 sancto
2178 2151 2382 2216 dicere
2447 2152 2788 2232 nequeunt,
2844 2165 2900 2206 1⁵

495 2258 621 2324 nisi
681 2258 842 2323 forte
910 2257 1228 2324 diuinasse
1291 2259 1439 2324 illos
1505 2259 1800 2325 adserant
1846 2263 1910 2324 et
1954 2259 2245 2342 posuisse
2294 2257 2358 2322 in
2408 2257 2542 2322 suis
2588 2254 2788 2332 libris,

497 2365 666 2447 quod
740 2367 956 2446 contra
1027 2364 1313 2430 futurum
1389 2366 1723 2449 aliquando
1785 2365 2249 2442 Manichaeum‚
2319 2363 2430 2446 qui
2496 2362 2789 2446 spiritum

492 2476 780 2537 sanctum
845 2491 956 2555 per
1025 2491 1092 2536 se
1157 2471 1428 2536 missum
1485 2491 1628 2537 esse
1667 2471 1921 2548 diceret,
1961 2471 2359 2554 proferretur.
2424 2487 2647 2535 uerum
2714 2468 2789 2532 de

498 2579 724 2663 spiritu
771 2580 987 2644 sancto
1039 2577 1195 2644 alias
1240 2579 1491 2661 planius
1541 2578 1780 2661 aliquid
1828 2578 2217 2660 eloquemur.
2282 2595 2450 2641 nunc
2514 2575 2593 2639 ad
2648 2575 2789 2642 hoc,

495 2685 662 2768 quod
707 2685 1120 2762 intenderam,
1167 2685 1518 2750 redeamus.
2844 2709 2899 2748 20

585 2794 644 2857 8.
705 2792 867 2856 Nam
926 2795 988 2856 et
1044 2791 1374 2858 historiam
1419 2793 1659 2857 ueteris
1713 2789 2082 2856 testamenti
2140 2793 2206 2853 et
2260 2788 2663 2872 aetiologiam
2728 2790 2795 2850 et

497 2897 849 2980 analogiam
913 2897 974 2961 in
1043 2916 1208 2963 nouo
1274 2900 1659 2963 testamento
1724 2895 1994 2962 inueniri
2068 2895 2246 2971 satis,
2311 2896 2387 2957 ut
2446 2896 2623 2976 puto,
2694 2895 2795 2957 est

495 3005 1026 3080 demonstratum3
1069 3005 1145 3069 de
1176 3005 1478 3089 allegoria
1511 3007 1714 3070 restat
1732 3002 2081 3070 ostendere.
2104 3002 2243 3084 ipse
2263 3000 2562 3064 liberator
2578 3003 2794 3064 noster

495 3112 559 3176 in
589 3111 921 3194 euangelio
943 3111 1310 3194 allegoriam
1358 3112 1562 3176 utitur
1591 3131 1661 3176 ex
1692 3113 1906 3175 uetere
1934 3109 2341 3174 testamento.
2374 3105 2787 3190 generatio,

496 3218 721 3300 inquit,
753 3217 936 3282 haec
985 3218 1631 3302 signumquaerit;
1660 3235 1803 3282 non
1834 3214 2139 3280 dabitur
2180 3213 2246 3278 ei
2291 3212 2443 3278 nisi
2492 3213 2786 3297 signum
2842 3241 2891 3282 ²5

495 3324 720 3390 Ionae
748 3323 1180 3407 prophetae.
1219 3323 1423 3388 sicut
1453 3323 1646 3388 enim
1674 3323 1895 3388 Ionas
1922 3321 1995 3386 in
2026 3323 2289 3386 uentre
2339 3319 2492 3385 ceti
2538 3319 2786 3384 tribus

498 3431 764 3497 diebus
815 3433 888 3494 et
931 3430 1181 3495 tribus
1229 3428 1587 3495 noctibus
1633 3428 1803 3504 fuit,
1862 3428 1971 3493 sic
2038 3430 2112 3492 et
2174 3425 2393 3491 filius
2460 3423 2785 3489 hominis

493 3537 740 3602 tribus
791 3535 1056 3600 diebus
1116 3540 1188 3600 et
1243 3535 1490 3600 tribus
1552 3533 1906 3599 noctibus
1957 3533 2101 3598 erit
2154 3532 2227 3596 in
2250 3531 2471 3597 corde
2519 3533 2783 3594 terrae.

678 3728 739 3781 11
773 3727 838 3780 cf.
869 3727 987 3781 Act.
1016 3727 1068 3794 2,
1097 3727 1131 3780 2
1161 3743 1277 3797 sqq.
1390 3725 1458 3779 24
1497 3724 1694 3778 Matth.
1736 3723 1820 3786 12,
1860 3723 1929 3777 39
1967 3740 2047 3794 sq.

585 3897 618 3949 2
691 3895 990 3966 euangeliis
1043 3893 1123 3948 Gk
1205 3883 1368 3964 pute-se
1413 3893 1445 3947 b
1722 3891 1887 3961 haud]
1928 3894 2025 3945 aut
2084 3891 2166 3946 Ch
2344 3891 2379 3944 4
2416 3853 2711 3979 interieffta
2737 3886 2793 3941 P

489 4011 524 4065 8
561 4011 831 4093 spiritum]
857 3999 981 4080 xpri-1
1015 4008 1101 4063 Ch
1209 4009 1273 4063 11
1305 4007 1376 4063 ad
1403 4013 1599 4062 uentus
1636 4007 1691 4061 V
1792 4008 1861 4062 14
1889 4007 2190 4076 euangeliis
2223 4005 2270 4055 V
2356 4006 2425 4059 15
2462 3969 2792 4076 cupieba'tP

489 4101 592 4154 hoc
630 4101 801 4156 autP
899 4101 966 4154 16
1004 4101 1080 4168 et]
1109 4101 1172 4154 ut
1205 4096 1286 4152 Ch
1329 4099 1570 4168 potuisse
1600 4095 1655 4149 V
1746 4096 1814 4151 18
1843 4096 2019 4151 dicere
2058 4094 2109 4147 V
2202 4096 2269 4148 21
2310 4092 2691 4164 etthimologia
2707 4091 2789 4146 Oh

499 4190 879 4261 a&hirnologia
906 4189 953 4244 S
967 4187 1041 4242 M
1057 4187 1110 4240 P
1119 4205 1163 4257 p
1181 4203 1234 4241 m
1476 4187 1546 4239 24
1585 4184 1846 4256 allegoria
1876 4184 1923 4238 S
1935 4183 2011 4238 M
2022 4183 2078 4238 P
2084 4201 2128 4253 p
2151 4199 2202 4237 m
2222 4183 2253 4236 b
2460 4181 2529 4235 25
2564 4182 2693 4252 non]
2732 4183 2789 4234 et

492 4300 600 4337 non
657 4281 704 4335 S
715 4277 940 4385 ‹15⁸1›th-
1117 4277 1186 4330 26
1240 4276 1392 4329 ionas
1448 4274 1554 4328 fuit
1607 4274 1662 4327 in
1719 4277 1907 4328 uentre
1952 4289 2005 4325 m
2078 4271 2221 4326 coeti
2256 4269 2335 4324 oh
2354 4269 2401 4323 S
2434 4270 2540 4340 ceti
2568 4268 2637 4321 M
2676 4267 2788 4322 Vm

494 4397 564 4452 28
601 4399 680 4452 ita
716 4396 821 4450 erit
891 4395 946 4449 in
986 4389 1144 4447 corde
1181 4395 1320 4460 terre
1369 4389 1486 4443 Vm
1540 4386 2037 4443 tribus—noctibus
2073 4403 2175 4440 om.
2206 4385 2260 4438 V
