3159 4984
428 416 558 477 494
1144 414 1194 468 S.
1258 414 1530 467 Aureli
1588 415 2028 483 Augustini

430 611 730 682 suerunt;
792 607 867 672 de
926 610 1160 692 quibus
1217 609 1309 672 ait
1362 611 1714 693 apostolus‚
1773 610 1946 693 quod
2003 610 2406 673 coluerunt
2463 615 2536 674 et
2583 630 2726 674 ser-

430 714 740 779 uierunt
804 718 1195 781 creaturae
1260 716 1519 799 potius
1577 734 1798 798 quam
1853 717 2197 783 creatori.
2267 736 2428 798 quos
2483 717 2549 781 in
2607 717 2726 781 hac

426 824 602 904 parte
652 823 841 887 etiam
886 842 1007 889 uos
1052 823 1412 899 imitamini,
1469 824 1595 888 nisi
1651 824 1824 905 quod
1881 844 2026 889 cum
2085 825 2177 889 eis
2233 824 2542 889 lucidiora
2599 825 2724 890 duo

423 928 687 1007 lumina,
739 934 947 995 cetera
992 950 1142 996 uero
1191 929 1397 995 sidera
1443 950 1564 995 non
1617 949 1762 995 cum
1811 932 1902 995 eis
1952 931 2247 996 adoratis.
2299 932 2411 996 sed
2451 935 2517 996 et
2549 951 2726 997 men-

427 1034 605 1101 sibus
661 1038 1081 1119 inposuerunt
1132 1037 1387 1102 nomina
1444 1036 1704 1102 deorum
1763 1058 2045 1105 suorum.
2112 1042 2368 1121 propter
2420 1040 2728 1105 honorem
2785 1058 2820 1097 5

426 1142 661 1225 quippe
708 1143 985 1221 Romuli‚
1036 1144 1190 1225 quia
1235 1164 1382 1209 eum
1428 1144 1656 1209 Martis
1715 1144 1918 1209 filium
1975 1145 2393 1213 crediderunt.
2450 1146 2724 1228 primum

430 1268 711 1314 mensem
760 1250 953 1315 Marti
1000 1250 1283 1315 dicantes
1328 1251 1632 1316 Martium
1681 1255 2092 1317 uocauerunt.
2143 1256 2208 1316 et
2251 1252 2395 1317 inde
2441 1252 2726 1335 Aprilem

426 1357 603 1420 nullo
671 1356 771 1420 dei
838 1357 940 1423 sui
1004 1356 1277 1433 nomine,
1346 1356 1456 1421 sed
1514 1376 1551 1421 a
1606 1377 1673 1422 re
1727 1359 1870 1441 ipsa
1925 1358 2110 1439 quasi
2164 1357 2484 1440 aperilem,
2551 1357 2723 1439 quod

428 1465 581 1527 tunc
644 1463 992 1545 plurimum
1060 1463 1360 1547 germinis
1427 1465 1746 1547 aperiatur
1807 1466 1870 1529 in
1935 1466 2172 1530 florem.
2249 1464 2396 1528 inde
2461 1466 2724 1529 tertium

425 1589 711 1634 mensem
755 1569 1021 1640 Maium,
1071 1570 1244 1653 quod
1280 1571 1535 1647 Maiam,
1575 1572 1878 1636 Mercurii
1923 1574 2210 1648 matrem,
2261 1572 2444 1635 deam
2491 1572 2722 1636 colant.
2763 1590 2818 1627 ιο

424 1676 569 1740 inde
628 1680 918 1758 quartum
976 1677 1233 1741 Iunium
1291 1696 1328 1740 a
1382 1678 1645 1755 Iunone,
1701 1678 1848 1744 inde
1906 1682 2149 1743 ceteros
2205 1697 2408 1760 usque
2467 1678 2544 1741 ad
2601 1678 2721 1742 De·

426 1783 744 1847 cembrem
800 1803 837 1846 a
890 1784 1171 1849 numeris
1228 1785 1654 1850 nominarunt.
1723 1785 1836 1851 sed
1893 1806 1963 1850 ex
2021 1786 2112 1849 eis
2171 1782 2475 1863 Quintilis
2531 1788 2723 1866 atque

427 1889 681 1954 Sextilis
728 1890 1089 1956 nominibus
1138 1892 1487 1970 hominum,
1529 1893 1762 1975 quibus
1812 1892 2063 1958 diuinos
2111 1893 2381 1958 honores
2431 1890 2722 1956 decreue-

422 1999 584 2073 rant,
646 1997 947 2079 appellati
1004 2002 1155 2063 sunt
1214 2000 1417 2065 Iulius
1476 2004 1541 2065 et
1585 2000 1942 2084 Augustus.
2009 2018 2156 2063 nam
2213 1999 2524 2081 septimus
2573 1998 2722 2081 Sep-

430 2105 676 2168 tember
740 2106 805 2167 et
868 2105 1080 2172 ceteri.
1141 2108 1216 2168 ut
1270 2106 1413 2183 dixi,
1469 2125 1672 2188 usque
1732 2107 1810 2170 ad
1855 2107 2270 2171 Decembrem
2317 2125 2723 2170 numerorum
2763 2123 2816 2160 1⁵

433 2230 505 2276 ex
579 2211 793 2276 ordine
866 2212 1227 2278 nominibus
1302 2214 1728 2281 enuntiantur.
1801 2232 1985 2297 porro
2060 2213 2389 2277 Ianuarius
2463 2232 2500 2276 a
2571 2214 2722 2278 Iano

432 2318 789 2401 appellatus
830 2322 947 2397 est,
986 2319 1367 2386 Februarius
1416 2340 1452 2385 a
1496 2321 1758 2399 februm,
1809 2320 2004 2385 sacris
2049 2322 2471 2403 lupercorum.
2521 2321 2746 2384 uultis·

432 2444 601 2507 ergo,
670 2429 743 2489 ut
808 2430 873 2491 et
935 2446 1055 2492 uos
1112 2427 1410 2491 dicamini
1462 2428 1527 2492 in
1585 2448 1802 2493 mense
1856 2428 2088 2492 Martio
2137 2428 2405 2491 Martem
2465 2427 2722 2491 colere?

433 2532 545 2597 illo
596 2533 759 2597 enim
808 2553 1026 2598 mense
1083 2535 1269 2599 bema
1321 2536 1610 2599 uestrum
1668 2554 1814 2600 cum
1869 2554 2100 2619 magna
2150 2534 2504 2599 festiuitate
2562 2534 2723 2598 cele—

428 2638 647 2702 bratis.
725 2639 779 2703 si
845 2642 1059 2704 autem
1124 2639 1310 2704 uobis
1375 2639 1441 2703 in
1504 2658 1723 2703 mense
1787 2640 2016 2704 Martio
2082 2640 2272 2703 licere
2338 2639 2726 2703 arbitramini
2761 2655 2820 2694 το

430 2746 601 2810 aliud
650 2747 1063 2825 considerare,
1112 2765 1237 2811 non
1274 2747 1566 2823 Martem,
1618 2765 1729 2810 cur
1776 2765 1846 2809 ex
1896 2746 1994 2811 die
2042 2747 2336 2829 septimo.
2375 2746 2544 2830 quod
2583 2746 2721 2810 sab-

428 2855 647 2918 batum
706 2872 742 2917 a
794 2855 1011 2937 requie
1068 2854 1464 2920 nominatum
1523 2855 1640 2920 est.
1701 2853 1934 2917 diuinis
1991 2853 2321 2935 scripturis
2379 2852 2722 2917 Saturnum

428 2962 744 3044 inportare
792 2962 1127 3037 conamini,
1183 2960 1332 3043 quia
1378 2979 1525 3024 eum
1574 2959 1740 3023 diem
1790 2959 2046 3025 Saturni
2090 2962 2314 3044 gentes
2363 2960 2723 3043 appellaue-

428 3071 627 3132 runt?
676 3088 900 3153 nempe
947 3070 1073 3133 iam
1120 3068 1379 3145 uidetiS‚
1431 3087 1575 3132 cum
1622 3069 1858 3149 quanta
1900 3066 2204 3149 inpietate
2253 3065 2556 3131 deliretis

519 3179 579 3240 6.
657 3176 751 3241 De
820 3176 1143 3240 sacrificiis
1210 3180 1424 3239 autem
1490 3174 1858 3238 animalium
1923 3172 2064 3256 quis
2129 3176 2412 3238 nostrum
2481 3174 2727 3239 nesciat
2763 3189 2815 3227 *ὁ

429 3284 635 3367 magis
701 3302 775 3346 ea
837 3302 1137 3366 peruerso
1200 3283 1436 3366 populo
1503 3284 1925 3365 congruenter
1996 3280 2274 3362 inposita
2347 3299 2536 3361 quam
2605 3280 2722 3344 deo

428 3389 811 3453 desideranti
868 3390 1129 3453 oblata?
1195 3389 1306 3454 sed
1370 3393 1583 3453 tamen
1652 3386 1844 3452 etiam
1898 3388 1960 3449 in
2019 3386 2120 3450 his
2177 3386 2414 3469 figurae
2469 3391 2724 3453 nostrae

608 3622 635 3671 1
674 3616 828 3671 Rom.
867 3620 914 3683 1,
953 3618 1022 3671 25

498 3778 531 3831 2
570 3796 705 3849 quos
733 3778 810 3831 L1
918 3780 952 3833 3
988 3780 1439 3834 imitaminini.si
1496 3784 1586 3849 (m.
1633 3778 1668 3830 2
1715 3778 1814 3845 sic)
1844 3776 1922 3831 L¹
2033 3778 2067 3829 4
2111 3774 2402 3843 luminaria.
2435 3772 2481 3827 0
2621 3772 2724 3841 eis]

428 3910 483 3947 es
532 3894 563 3947 b
763 3895 1001 3950 adoratis
1048 3898 1101 3966 (a
1145 3898 1208 3949 in
1250 3898 1387 3963 rae.)
1430 3895 1475 3950 S
1509 3860 1738 3950 adoreis
1789 3894 1842 3949 G
2023 3892 2056 3946 8
2111 3890 2369 3961 aperilem
2421 3894 2471 3957 (e
2516 3904 2560 3941 8.
2609 3888 2646 3942 l.
2685 3903 2726 3939 a

423 4002 492 4041 m.
536 3984 584 4050 1)
623 3983 878 4039 Locum
914 3985 1139 4055 aprilem
1175 3985 1317 4040 PM¹
1429 3988 1461 4039 9
1498 3986 1788 4056 plurimum
1833 3982 1881 4037 0
1910 3982 2054 4052 Euq.
2094 3982 2196 4051 (ed.
2235 3980 2416 4033 Kno’ll
2441 3995 2501 4047 p.
2551 3980 2724 4043 289):

421 4078 653 4149 ‘primum
689 4076 1002 4132 LSGMPb
1105 4078 1166 4129 11
1208 4075 1567 4131 decembrium
1609 4072 1655 4128 S
1785 4073 1854 4126 12
1891 4072 2307 4136 nominauerunt
2351 4068 2397 4121 G
2519 4068 2587 4119 14
2626 4082 2723 4119 au-

424 4168 639 4236 gustus]
678 4167 827 4237 augt'
866 4167 941 4220 L¹
1124 4166 1190 4218 15
1228 4164 1392 4236 ceteri
1427 4163 1473 4216 Ο
1649 4162 1717 4216 18
1756 4166 1813 4216 et
1854 4160 1902 4214 Ο
1931 4160 2079 4230 Euq.
2126 4160 2205 4213 ed.
2243 4158 2426 4211 Κηόῑῖ
2452 4173 2512 4223 p.
2552 4154 2722 4222 290):

423 4274 526 4314 om.
564 4255 791 4311 LSG'M
896 4256 966 4309 23
1004 4254 1133 4324 quia
1168 4260 1223 4323 (a
1257 4269 1299 4309 ε.
1336 4252 1472 4320 ναε.)
1512 4252 1558 4307 S
1591 4252 1774 4321 quiam
1799 4250 1851 4304 G
1961 4249 2102 4317 eum]
2151 4248 2290 4302 cuP
2315 4262 2435 4299 eum
2465 4246 2624 4315 (corr.
2655 4257 2728 4297 ex

425 4348 565 4411 cum)
604 4346 674 4398 M
778 4344 849 4397 25
872 4342 1161 4397 'sacrifitiis
1198 4342 1254 4406 (fi
1291 4358 1334 4398 ε.
1377 4343 1433 4407 l.)
1481 4341 1527 4395 C
1631 4340 1700 4393 27
1737 4340 1909 4411 figure
1949 4339 1996 4393 S
