<?xml version="1.0" encoding="UTF-8"?>
<!DOCTYPE html PUBLIC "-//W3C//DTD XHTML 1.0 Transitional//EN"
    "http://www.w3.org/TR/xhtml1/DTD/xhtml1-transitional.dtd">
<html xmlns="http://www.w3.org/1999/xhtml" xml:lang="en" lang="en">
 <head>
  <title>
</title>
<meta http-equiv="Content-Type" content="text/html;charset=utf-8" />
  <meta name='ocr-system' content='tesseract 3.04.00' />
  <meta name='ocr-capabilities' content='ocr_page ocr_carea ocr_par ocr_line ocrx_word'/>
</head>
<body>
  <div class='ocr_page' id='page_1' title='image "./corpusscriptoru27wissgoog_0353.png"; bbox 0 0 3159 4984; ppageno 0'>
   <div class='ocr_carea' id='block_1_1' title="bbox 996 447 2754 513">
    <p class='ocr_par' dir='ltr' id='par_1_1' title="bbox 996 447 2754 513">
     <span class='ocr_line' id='line_1_1' title="bbox 996 447 2754 513; baseline 0.003 -13"><span class='ocrx_word' id='word_1_1' title='bbox 996 448 1086 502; x_wconf 93' lang='lat' dir='ltr'>VI.</span> <span class='ocrx_word' id='word_1_2' title='bbox 1146 447 1435 503; x_wconf 80' lang='lat' dir='ltr'><strong>Contra</strong></span> <span class='ocrx_word' id='word_1_3' title='bbox 1488 448 1860 503; x_wconf 83' lang='lat' dir='ltr'>Faustum</span> <span class='ocrx_word' id='word_1_4' title='bbox 1915 448 2046 501; x_wconf 87' lang='lat' dir='ltr'>lib.</span> <span class='ocrx_word' id='word_1_5' title='bbox 2094 448 2218 502; x_wconf 85' lang='lat' dir='ltr'>XII.</span> <span class='ocrx_word' id='word_1_6' title='bbox 2627 451 2754 513; x_wconf 81' lang='lat'>345</span> 
     </span>
    </p>
   </div>
   <div class='ocr_carea' id='block_1_2' title="bbox 362 641 2836 3708">
    <p class='ocr_par' dir='ltr' id='par_1_2' title="bbox 458 641 2754 1046">
     <span class='ocr_line' id='line_1_2' title="bbox 462 641 2754 726; baseline 0 -21"><span class='ocrx_word' id='word_1_7' title='bbox 462 642 643 707; x_wconf 87' lang='lat' dir='ltr'>cedat</span> <span class='ocrx_word' id='word_1_8' title='bbox 685 643 959 707; x_wconf 85' lang='lat' dir='ltr'>fraterna</span> <span class='ocrx_word' id='word_1_9' title='bbox 1021 642 1315 708; x_wconf 85' lang='lat' dir='ltr'>iunctura</span> <span class='ocrx_word' id='word_1_10' title='bbox 1370 646 1435 708; x_wconf 91' lang='lat' dir='ltr'>et</span> <span class='ocrx_word' id='word_1_11' title='bbox 1482 645 1770 709; x_wconf 90' lang='lat' dir='ltr'>soluatur</span> <span class='ocrx_word' id='word_1_12' title='bbox 1815 644 2146 708; x_wconf 90' lang='lat' dir='ltr'>uinculum</span> <span class='ocrx_word' id='word_1_13' title='bbox 2193 644 2388 726; x_wconf 81' lang='lat' dir='ltr'>pacis,</span> <span class='ocrx_word' id='word_1_14' title='bbox 2441 646 2540 707; x_wconf 86' lang='lat' dir='ltr'>est</span> <span class='ocrx_word' id='word_1_15' title='bbox 2587 641 2754 707; x_wconf 81' lang='lat' dir='ltr'>enini</span> 
     </span>
     <span class='ocr_line' id='line_1_3' title="bbox 459 748 2753 834; baseline 0 -22"><span class='ocrx_word' id='word_1_16' title='bbox 459 749 743 813; x_wconf 88' lang='lat' dir='ltr'>bitumen</span> <span class='ocrx_word' id='word_1_17' title='bbox 790 748 1337 814; x_wconf 82' lang='lat' dir='ltr'>feruentissimum</span> <span class='ocrx_word' id='word_1_18' title='bbox 1404 754 1469 815; x_wconf 89' lang='lat' dir='ltr'>et</span> <span class='ocrx_word' id='word_1_19' title='bbox 1529 750 2069 816; x_wconf 87' lang='lat' dir='ltr'>uiolentissimum</span> <span class='ocrx_word' id='word_1_20' title='bbox 2119 751 2340 834; x_wconf 81' lang='lat' dir='ltr'>gluten</span> <span class='ocrx_word' id='word_1_21' title='bbox 2389 749 2753 833; x_wconf 88' lang='lat' dir='ltr'>significans</span> 
     </span>
     <span class='ocr_line' id='line_1_4' title="bbox 460 855 2754 941; baseline 0 -23"><span class='ocrx_word' id='word_1_22' title='bbox 460 855 815 921; x_wconf 76' lang='lat' dir='ltr'>dilectionis</span> <span class='ocrx_word' id='word_1_23' title='bbox 864 856 1149 922; x_wconf 86' lang='lat' dir='ltr'>ardorem</span> <span class='ocrx_word' id='word_1_24' title='bbox 1196 856 1264 921; x_wconf 90' lang='lat' dir='ltr'>ui</span> <span class='ocrx_word' id='word_1_25' title='bbox 1310 876 1541 941; x_wconf 89' lang='lat' dir='ltr'>magna</span> <span class='ocrx_word' id='word_1_26' title='bbox 1585 856 1976 923; x_wconf 87' lang='lat' dir='ltr'>fortitudinis</span> <span class='ocrx_word' id='word_1_27' title='bbox 2043 857 2122 920; x_wconf 86' lang='lat' dir='ltr'>ad</span> <span class='ocrx_word' id='word_1_28' title='bbox 2169 856 2504 920; x_wconf 88' lang='lat' dir='ltr'>tenendam</span> <span class='ocrx_word' id='word_1_29' title='bbox 2554 856 2754 920; x_wconf 90' lang='lat' dir='ltr'>socie-</span> 
     </span>
     <span class='ocr_line' id='line_1_5' title="bbox 458 964 1875 1046; baseline 0.002 -20"><span class='ocrx_word' id='word_1_30' title='bbox 458 966 657 1029; x_wconf 91' lang='lat' dir='ltr'>tatem</span> <span class='ocrx_word' id='word_1_31' title='bbox 704 964 1052 1046; x_wconf 90' lang='lat' dir='ltr'>spiritalem</span> <span class='ocrx_word' id='word_1_32' title='bbox 1102 965 1312 1029; x_wconf 90' lang='lat' dir='ltr'>omnia</span> <span class='ocrx_word' id='word_1_33' title='bbox 1358 966 1751 1029; x_wconf 86' lang='lat' dir='ltr'>tolerantem.</span> <span class='ocrx_word' id='word_1_34' title='bbox 1869 992 1875 999; x_wconf 95' lang='lat'><strong>·</strong></span> 
     </span>
    </p>

    <p class='ocr_par' dir='ltr' id='par_1_3' title="bbox 368 1067 2754 1578">
     <span class='ocr_line' id='line_1_6' title="bbox 368 1067 2750 1156; baseline -0 -23"><span class='ocrx_word' id='word_1_35' title='bbox 368 1091 393 1127; x_wconf 81' lang='lat'><strong>⁵</strong></span> <span class='ocrx_word' id='word_1_36' title='bbox 551 1072 653 1135; x_wconf 83' lang='lat'>15.</span> <span class='ocrx_word' id='word_1_37' title='bbox 704 1067 889 1148; x_wconf 82' lang='lat' dir='ltr'>Quod</span> <span class='ocrx_word' id='word_1_38' title='bbox 954 1074 1183 1135; x_wconf 86' lang='lat' dir='ltr'>cuncta</span> <span class='ocrx_word' id='word_1_39' title='bbox 1246 1071 1614 1135; x_wconf 88' lang='lat' dir='ltr'>animalium</span> <span class='ocrx_word' id='word_1_40' title='bbox 1679 1092 1908 1156; x_wconf 90' lang='lat' dir='ltr'>genera</span> <span class='ocrx_word' id='word_1_41' title='bbox 1963 1072 2026 1136; x_wconf 91' lang='lat' dir='ltr'>in</span> <span class='ocrx_word' id='word_1_42' title='bbox 2073 1090 2282 1136; x_wconf 89' lang='lat' dir='ltr'>arcam</span> <span class='ocrx_word' id='word_1_43' title='bbox 2329 1070 2750 1135; x_wconf 85' lang='lat' dir='ltr'>clauduntur:</span> 
     </span>
     <span class='ocr_line' id='line_1_7' title="bbox 460 1174 2754 1261; baseline -0 -21"><span class='ocrx_word' id='word_1_44' title='bbox 460 1176 627 1241; x_wconf 90' lang='lat' dir='ltr'>sicut</span> <span class='ocrx_word' id='word_1_45' title='bbox 673 1196 891 1241; x_wconf 89' lang='lat' dir='ltr'>omnes</span> <span class='ocrx_word' id='word_1_46' title='bbox 930 1182 1173 1261; x_wconf 77' lang='lat' dir='ltr'>gentes,</span> <span class='ocrx_word' id='word_1_47' title='bbox 1208 1195 1367 1259; x_wconf 87' lang='lat' dir='ltr'>quas</span> <span class='ocrx_word' id='word_1_48' title='bbox 1409 1178 1600 1242; x_wconf 89' lang='lat' dir='ltr'>etiam</span> <span class='ocrx_word' id='word_1_49' title='bbox 1636 1180 1826 1243; x_wconf 89' lang='lat' dir='ltr'>Petro</span> <span class='ocrx_word' id='word_1_50' title='bbox 1876 1180 2344 1243; x_wconf 87' lang='lat' dir='ltr'>demonstratus</span> <span class='ocrx_word' id='word_1_51' title='bbox 2384 1177 2598 1241; x_wconf 89' lang='lat' dir='ltr'>discus</span> <span class='ocrx_word' id='word_1_52' title='bbox 2643 1174 2754 1239; x_wconf 94' lang='lat' dir='ltr'>ille</span> 
     </span>
     <span class='ocr_line' id='line_1_8' title="bbox 459 1281 2752 1366; baseline -0.001 -19"><span class='ocrx_word' id='word_1_53' title='bbox 459 1282 791 1365; x_wconf 88' lang='lat' dir='ltr'>significat,</span> <span class='ocrx_word' id='word_1_54' title='bbox 860 1284 1129 1348; x_wconf 88' lang='lat' dir='ltr'>ecclesia</span> <span class='ocrx_word' id='word_1_55' title='bbox 1176 1284 1475 1348; x_wconf 88' lang='lat' dir='ltr'>continet.</span> <span class='ocrx_word' id='word_1_56' title='bbox 1542 1285 1714 1366; x_wconf 74' lang='lat' dir='ltr'>qued</span> <span class='ocrx_word' id='word_1_57' title='bbox 1779 1289 1844 1349; x_wconf 89' lang='lat' dir='ltr'>et</span> <span class='ocrx_word' id='word_1_58' title='bbox 1897 1284 2134 1349; x_wconf 88' lang='lat' dir='ltr'>munda</span> <span class='ocrx_word' id='word_1_59' title='bbox 2190 1287 2255 1349; x_wconf 87' lang='lat' dir='ltr'>et</span> <span class='ocrx_word' id='word_1_60' title='bbox 2313 1283 2618 1347; x_wconf 89' lang='lat' dir='ltr'>inmunda</span> <span class='ocrx_word' id='word_1_61' title='bbox 2660 1281 2752 1346; x_wconf 92' lang='lat' dir='ltr'>ibi</span> 
     </span>
     <span class='ocr_line' id='line_1_9' title="bbox 458 1388 2751 1455; baseline -0.002 -2"><span class='ocrx_word' id='word_1_62' title='bbox 458 1392 609 1453; x_wconf 92' lang='lat' dir='ltr'>sunt</span> <span class='ocrx_word' id='word_1_63' title='bbox 655 1389 985 1453; x_wconf 85' lang='lat' dir='ltr'>animalia:</span> <span class='ocrx_word' id='word_1_64' title='bbox 1036 1389 1205 1454; x_wconf 91' lang='lat' dir='ltr'>sicut</span> <span class='ocrx_word' id='word_1_65' title='bbox 1248 1389 1311 1453; x_wconf 91' lang='lat' dir='ltr'>in</span> <span class='ocrx_word' id='word_1_66' title='bbox 1361 1389 1668 1455; x_wconf 87' lang='lat' dir='ltr'>ecclesiae</span> <span class='ocrx_word' id='word_1_67' title='bbox 1727 1389 2134 1455; x_wconf 76' lang='lat' dir='ltr'>sacramentis</span> <span class='ocrx_word' id='word_1_68' title='bbox 2185 1392 2249 1454; x_wconf 86' lang='lat' dir='ltr'>et</span> <span class='ocrx_word' id='word_1_69' title='bbox 2290 1388 2440 1453; x_wconf 91' lang='lat' dir='ltr'>boni</span> <span class='ocrx_word' id='word_1_70' title='bbox 2489 1391 2552 1451; x_wconf 91' lang='lat' dir='ltr'>et</span> <span class='ocrx_word' id='word_1_71' title='bbox 2598 1388 2751 1450; x_wconf 88' lang='lat' dir='ltr'>mali</span> 
     </span>
     <span class='ocr_line' id='line_1_10' title="bbox 456 1494 2752 1578; baseline -0 -20"><span class='ocrx_word' id='word_1_72' title='bbox 456 1499 805 1559; x_wconf 86' lang='lat' dir='ltr'>uersantur.</span> <span class='ocrx_word' id='word_1_73' title='bbox 856 1495 1026 1577; x_wconf 84' lang='lat' dir='ltr'>quod</span> <span class='ocrx_word' id='word_1_74' title='bbox 1073 1498 1334 1578; x_wconf 86' lang='lat' dir='ltr'>septena</span> <span class='ocrx_word' id='word_1_75' title='bbox 1398 1498 1548 1561; x_wconf 89' lang='lat' dir='ltr'>sunt</span> <span class='ocrx_word' id='word_1_76' title='bbox 1611 1496 1848 1560; x_wconf 86' lang='lat' dir='ltr'>munda</span> <span class='ocrx_word' id='word_1_77' title='bbox 1911 1500 1976 1560; x_wconf 90' lang='lat' dir='ltr'>et</span> <span class='ocrx_word' id='word_1_78' title='bbox 2037 1496 2187 1560; x_wconf 87' lang='lat' dir='ltr'>bina</span> <span class='ocrx_word' id='word_1_79' title='bbox 2239 1494 2580 1559; x_wconf 88' lang='lat' dir='ltr'>inmunda:</span> <span class='ocrx_word' id='word_1_80' title='bbox 2630 1512 2752 1557; x_wconf 90' lang='lat' dir='ltr'>non</span> 
     </span>
    </p>

    <p class='ocr_par' dir='ltr' id='par_1_4' title="bbox 368 1596 2753 2111">
     <span class='ocr_line' id='line_1_11' title="bbox 368 1596 2753 1686; baseline 0.001 -26"><span class='ocrx_word' id='word_1_81' title='bbox 368 1620 421 1660; x_wconf 88' lang='grc' dir='ltr'>ιο</span> <span class='ocrx_word' id='word_1_82' title='bbox 456 1601 606 1683; x_wconf 73' lang='lat' dir='ltr'>quia</span> <span class='ocrx_word' id='word_1_83' title='bbox 649 1596 979 1684; x_wconf 87' lang='lat' dir='ltr'>pa&#39;uciores</span> <span class='ocrx_word' id='word_1_84' title='bbox 1044 1604 1194 1666; x_wconf 87' lang='lat' dir='ltr'>sunt</span> <span class='ocrx_word' id='word_1_85' title='bbox 1249 1602 1403 1667; x_wconf 88' lang='lat' dir='ltr'>mali</span> <span class='ocrx_word' id='word_1_86' title='bbox 1467 1621 1660 1684; x_wconf 90' lang='lat' dir='ltr'>quam</span> <span class='ocrx_word' id='word_1_87' title='bbox 1723 1602 1894 1678; x_wconf 90' lang='lat' dir='ltr'>boni,</span> <span class='ocrx_word' id='word_1_88' title='bbox 1943 1601 2055 1667; x_wconf 88' lang='lat' dir='ltr'>sed</span> <span class='ocrx_word' id='word_1_89' title='bbox 2101 1602 2251 1686; x_wconf 87' lang='lat' dir='ltr'>quia</span> <span class='ocrx_word' id='word_1_90' title='bbox 2297 1601 2447 1667; x_wconf 91' lang='lat' dir='ltr'>boni</span> <span class='ocrx_word' id='word_1_91' title='bbox 2495 1604 2753 1665; x_wconf 86' lang='lat' dir='ltr'>seruant</span> 
     </span>
     <span class='ocr_line' id='line_1_12' title="bbox 453 1708 2746 1792; baseline -0.001 -20"><span class='ocrx_word' id='word_1_92' title='bbox 453 1708 761 1772; x_wconf 87' lang='lat' dir='ltr'>unitatem</span> <span class='ocrx_word' id='word_1_93' title='bbox 808 1709 1071 1791; x_wconf 87' lang='lat' dir='ltr'>spiritus</span> <span class='ocrx_word' id='word_1_94' title='bbox 1118 1711 1181 1773; x_wconf 90' lang='lat' dir='ltr'>in</span> <span class='ocrx_word' id='word_1_95' title='bbox 1226 1710 1484 1775; x_wconf 90' lang='lat' dir='ltr'>uinculo</span> <span class='ocrx_word' id='word_1_96' title='bbox 1549 1709 1746 1792; x_wconf 79' lang='lat' dir='ltr'>paciS.</span> <span class='ocrx_word' id='word_1_97' title='bbox 1815 1712 2105 1773; x_wconf 84' lang='lat' dir='ltr'>sanctum</span> <span class='ocrx_word' id='word_1_98' title='bbox 2171 1712 2387 1772; x_wconf 89' lang='lat' dir='ltr'>autem</span> <span class='ocrx_word' id='word_1_99' title='bbox 2453 1708 2746 1789; x_wconf 85' lang='lat' dir='ltr'>spiritum</span> 
     </span>
     <span class='ocr_line' id='line_1_13' title="bbox 455 1814 2748 1898; baseline -0 -21"><span class='ocrx_word' id='word_1_100' title='bbox 455 1814 669 1878; x_wconf 86' lang='lat' dir='ltr'>diuina</span> <span class='ocrx_word' id='word_1_101' title='bbox 733 1814 1043 1897; x_wconf 87' lang='lat' dir='ltr'>scriptura</span> <span class='ocrx_word' id='word_1_102' title='bbox 1106 1816 1170 1880; x_wconf 90' lang='lat' dir='ltr'>in</span> <span class='ocrx_word' id='word_1_103' title='bbox 1236 1816 1590 1898; x_wconf 76' lang='lat' dir='ltr'>septiformi</span> <span class='ocrx_word' id='word_1_104' title='bbox 1647 1816 2007 1898; x_wconf 78' lang='lat' dir='ltr'>operatione</span> <span class='ocrx_word' id='word_1_105' title='bbox 2056 1814 2456 1879; x_wconf 85' lang='lat' dir='ltr'>commendat</span> <span class='ocrx_word' id='word_1_106' title='bbox 2503 1814 2748 1895; x_wconf 87' lang='lat' dir='ltr'>sapien-</span> 
     </span>
     <span class='ocr_line' id='line_1_14' title="bbox 454 1919 2742 2002; baseline 0 -20"><span class='ocrx_word' id='word_1_107' title='bbox 454 1919 578 1984; x_wconf 84' lang='lat' dir='ltr'>tiae</span> <span class='ocrx_word' id='word_1_108' title='bbox 628 1923 692 1984; x_wconf 93' lang='lat' dir='ltr'>et</span> <span class='ocrx_word' id='word_1_109' title='bbox 735 1920 1123 1997; x_wconf 87' lang='lat' dir='ltr'>intellectus,</span> <span class='ocrx_word' id='word_1_110' title='bbox 1157 1920 1405 1986; x_wconf 90' lang='lat' dir='ltr'>consilii</span> <span class='ocrx_word' id='word_1_111' title='bbox 1454 1924 1518 1985; x_wconf 94' lang='lat' dir='ltr'>et</span> <span class='ocrx_word' id='word_1_112' title='bbox 1561 1921 1975 1997; x_wconf 82' lang='lat' dir='ltr'>fortitudinis,</span> <span class='ocrx_word' id='word_1_113' title='bbox 2027 1922 2328 1987; x_wconf 87' lang='lat' dir='ltr'>scientiae</span> <span class='ocrx_word' id='word_1_114' title='bbox 2375 1924 2440 1985; x_wconf 91' lang='lat' dir='ltr'>et</span> <span class='ocrx_word' id='word_1_115' title='bbox 2485 1920 2742 2002; x_wconf 86' lang='lat' dir='ltr'>pietatis</span> 
     </span>
     <span class='ocr_line' id='line_1_15' title="bbox 454 2024 2750 2111; baseline -0.001 -22"><span class='ocrx_word' id='word_1_116' title='bbox 454 2029 517 2089; x_wconf 91' lang='lat' dir='ltr'>et</span> <span class='ocrx_word' id='word_1_117' title='bbox 552 2026 797 2091; x_wconf 85' lang='lat' dir='ltr'>timoris</span> <span class='ocrx_word' id='word_1_118' title='bbox 828 2027 949 2091; x_wconf 91' lang='lat' dir='ltr'>dei.</span> <span class='ocrx_word' id='word_1_119' title='bbox 990 2027 1157 2091; x_wconf 88' lang='lat' dir='ltr'>unde</span> <span class='ocrx_word' id='word_1_120' title='bbox 1198 2030 1262 2091; x_wconf 91' lang='lat' dir='ltr'>et</span> <span class='ocrx_word' id='word_1_121' title='bbox 1296 2028 1407 2091; x_wconf 90' lang='lat' dir='ltr'>ille</span> <span class='ocrx_word' id='word_1_122' title='bbox 1436 2046 1738 2092; x_wconf 89' lang='lat' dir='ltr'>numerus</span> <span class='ocrx_word' id='word_1_123' title='bbox 1771 2027 2234 2111; x_wconf 88' lang='lat' dir='ltr'>quinquaginta</span> <span class='ocrx_word' id='word_1_124' title='bbox 2263 2025 2500 2091; x_wconf 81' lang='lat' dir='ltr'>dierum</span> <span class='ocrx_word' id='word_1_125' title='bbox 2537 2024 2614 2089; x_wconf 90' lang='lat' dir='ltr'>ad</span> <span class='ocrx_word' id='word_1_126' title='bbox 2645 2024 2750 2088; x_wconf 89' lang='lat' dir='ltr'>ad-</span> 
     </span>
    </p>

    <p class='ocr_par' dir='ltr' id='par_1_5' title="bbox 364 2120 2750 2641">
     <span class='ocr_line' id='line_1_16' title="bbox 364 2120 2750 2217; baseline -0 -21"><span class='ocrx_word' id='word_1_127' title='bbox 364 2151 416 2191; x_wconf 79' lang='lat'>15</span> <span class='ocrx_word' id='word_1_128' title='bbox 451 2135 717 2197; x_wconf 89' lang='lat' dir='ltr'>uentum</span> <span class='ocrx_word' id='word_1_129' title='bbox 746 2134 950 2198; x_wconf 87' lang='lat' dir='ltr'>sancti</span> <span class='ocrx_word' id='word_1_130' title='bbox 982 2134 1241 2212; x_wconf 90' lang='lat' dir='ltr'>spiritus</span> <span class='ocrx_word' id='word_1_131' title='bbox 1272 2134 1593 2216; x_wconf 87' lang='lat' dir='ltr'>pertinens</span> <span class='ocrx_word' id='word_1_132' title='bbox 1613 2135 1678 2197; x_wconf 93' lang='lat' dir='ltr'>in</span> <span class='ocrx_word' id='word_1_133' title='bbox 1701 2134 1937 2215; x_wconf 87' lang='lat' dir='ltr'>septies</span> <span class='ocrx_word' id='word_1_134' title='bbox 1959 2133 2260 2217; x_wconf 85' lang='lat' dir='ltr'>septenis,</span> <span class='ocrx_word' id='word_1_135' title='bbox 2284 2120 2573 2215; x_wconf 82' lang='lat' dir='ltr'>quifiunt</span> <span class='ocrx_word' id='word_1_136' title='bbox 2593 2150 2750 2215; x_wconf 89' lang='lat' dir='ltr'>qua·</span> 
     </span>
     <span class='ocr_line' id='line_1_17' title="bbox 456 2237 2744 2323; baseline 0 -22"><span class='ocrx_word' id='word_1_137' title='bbox 456 2238 743 2323; x_wconf 85' lang='lat' dir='ltr'>draginta</span> <span class='ocrx_word' id='word_1_138' title='bbox 787 2259 1040 2317; x_wconf 90' lang='lat' dir='ltr'>nouem,</span> <span class='ocrx_word' id='word_1_139' title='bbox 1088 2259 1214 2305; x_wconf 91' lang='lat' dir='ltr'>uno</span> <span class='ocrx_word' id='word_1_140' title='bbox 1264 2240 1476 2307; x_wconf 88' lang='lat' dir='ltr'>addito</span> <span class='ocrx_word' id='word_1_141' title='bbox 1536 2243 2046 2307; x_wconf 87' lang='lat' dir='ltr'>consummatur:</span> <span class='ocrx_word' id='word_1_142' title='bbox 2099 2242 2352 2322; x_wconf 84' lang='lat' dir='ltr'>propter</span> <span class='ocrx_word' id='word_1_143' title='bbox 2399 2237 2568 2320; x_wconf 91' lang='lat' dir='ltr'>quod</span> <span class='ocrx_word' id='word_1_144' title='bbox 2615 2238 2744 2301; x_wconf 88' lang='lat' dir='ltr'>dic-</span> 
     </span>
     <span class='ocr_line' id='line_1_18' title="bbox 454 2345 2749 2427; baseline 0 -20"><span class='ocrx_word' id='word_1_145' title='bbox 454 2348 591 2408; x_wconf 90' lang='lat' dir='ltr'>tum</span> <span class='ocrx_word' id='word_1_146' title='bbox 640 2348 773 2411; x_wconf 84' lang='lat' dir='ltr'>est:</span> <span class='ocrx_word' id='word_1_147' title='bbox 824 2347 1225 2412; x_wconf 82' lang='lat' dir='ltr'>studentes</span> <span class='ocrx_word' id='word_1_148' title='bbox 1275 2366 1577 2411; x_wconf 85' lang='lat' dir='ltr'>seruare</span> <span class='ocrx_word' id='word_1_149' title='bbox 1633 2346 2008 2410; x_wconf 86' lang='lat' dir='ltr'>unitatem</span> <span class='ocrx_word' id='word_1_150' title='bbox 2067 2346 2392 2427; x_wconf 87' lang='lat' dir='ltr'>spiritus</span> <span class='ocrx_word' id='word_1_151' title='bbox 2454 2345 2527 2408; x_wconf 92' lang='lat' dir='ltr'>in</span> <span class='ocrx_word' id='word_1_152' title='bbox 2594 2345 2749 2407; x_wconf 87' lang='lat' dir='ltr'>uin-</span> 
     </span>
     <span class='ocr_line' id='line_1_19' title="bbox 454 2451 2744 2536; baseline -0 -21"><span class='ocrx_word' id='word_1_153' title='bbox 454 2454 621 2518; x_wconf 89' lang='lat' dir='ltr'>culo</span> <span class='ocrx_word' id='word_1_154' title='bbox 668 2454 899 2536; x_wconf 88' lang='lat' dir='ltr'>pacis.</span> <span class='ocrx_word' id='word_1_155' title='bbox 950 2455 1105 2518; x_wconf 89' lang='lat' dir='ltr'>mali</span> <span class='ocrx_word' id='word_1_156' title='bbox 1151 2457 1364 2518; x_wconf 91' lang='lat' dir='ltr'>autem</span> <span class='ocrx_word' id='word_1_157' title='bbox 1410 2454 1473 2517; x_wconf 92' lang='lat' dir='ltr'>in</span> <span class='ocrx_word' id='word_1_158' title='bbox 1520 2453 1762 2517; x_wconf 84' lang='lat' dir='ltr'>binario</span> <span class='ocrx_word' id='word_1_159' title='bbox 1819 2471 2082 2517; x_wconf 90' lang='lat' dir='ltr'>numero</span> <span class='ocrx_word' id='word_1_160' title='bbox 2140 2452 2217 2516; x_wconf 90' lang='lat' dir='ltr'>ad</span> <span class='ocrx_word' id='word_1_161' title='bbox 2266 2452 2612 2517; x_wconf 84' lang='lat' dir='ltr'>schismata</span> <span class='ocrx_word' id='word_1_162' title='bbox 2656 2451 2744 2515; x_wconf 89' lang='lat' dir='ltr'>fa-</span> 
     </span>
     <span class='ocr_line' id='line_1_20' title="bbox 452 2558 2748 2641; baseline -0 -19"><span class='ocrx_word' id='word_1_163' title='bbox 452 2558 603 2623; x_wconf 88' lang='lat' dir='ltr'>ciles</span> <span class='ocrx_word' id='word_1_164' title='bbox 652 2570 717 2623; x_wconf 89' lang='lat' dir='ltr'>et</span> <span class='ocrx_word' id='word_1_165' title='bbox 764 2559 1041 2641; x_wconf 87' lang='lat' dir='ltr'>quodam</span> <span class='ocrx_word' id='word_1_166' title='bbox 1084 2561 1273 2625; x_wconf 87' lang='lat' dir='ltr'>modo</span> <span class='ocrx_word' id='word_1_167' title='bbox 1321 2560 1676 2625; x_wconf 88' lang='lat' dir='ltr'>diuisibiles</span> <span class='ocrx_word' id='word_1_168' title='bbox 1726 2559 2162 2625; x_wconf 86' lang='lat' dir='ltr'>ostenduntur.</span> <span class='ocrx_word' id='word_1_169' title='bbox 2211 2559 2381 2639; x_wconf 89' lang='lat' dir='ltr'>quod</span> <span class='ocrx_word' id='word_1_170' title='bbox 2429 2559 2564 2640; x_wconf 90' lang='lat' dir='ltr'>ipse</span> <span class='ocrx_word' id='word_1_171' title='bbox 2612 2558 2748 2622; x_wconf 92' lang='lat' dir='ltr'>Noe</span> 
     </span>
    </p>

    <p class='ocr_par' dir='ltr' id='par_1_6' title="bbox 362 2665 2836 3175">
     <span class='ocr_line' id='line_1_21' title="bbox 362 2665 2748 2749; baseline 0 -23"><span class='ocrx_word' id='word_1_172' title='bbox 362 2687 417 2725; x_wconf 64' lang='grc' dir='ltr'>κο</span> <span class='ocrx_word' id='word_1_173' title='bbox 453 2684 597 2729; x_wconf 90' lang='lat' dir='ltr'>cum</span> <span class='ocrx_word' id='word_1_174' title='bbox 672 2666 806 2731; x_wconf 89' lang='lat' dir='ltr'>suis</span> <span class='ocrx_word' id='word_1_175' title='bbox 882 2670 1149 2732; x_wconf 86' lang='lat' dir='ltr'>octauus</span> <span class='ocrx_word' id='word_1_176' title='bbox 1224 2670 1661 2731; x_wconf 86' lang='lat' dir='ltr'>enumeratur:</span> <span class='ocrx_word' id='word_1_177' title='bbox 1738 2665 1890 2749; x_wconf 86' lang='lat' dir='ltr'>quia</span> <span class='ocrx_word' id='word_1_178' title='bbox 1941 2666 2005 2729; x_wconf 92' lang='lat' dir='ltr'>in</span> <span class='ocrx_word' id='word_1_179' title='bbox 2056 2665 2306 2731; x_wconf 86' lang='lat' dir='ltr'>Christo</span> <span class='ocrx_word' id='word_1_180' title='bbox 2356 2684 2500 2747; x_wconf 88' lang='lat' dir='ltr'>spes</span> <span class='ocrx_word' id='word_1_181' title='bbox 2545 2684 2748 2727; x_wconf 85' lang='lat' dir='ltr'>resur-</span> 
     </span>
     <span class='ocr_line' id='line_1_22' title="bbox 452 2770 2836 2861; baseline -0.001 -26"><span class='ocrx_word' id='word_1_182' title='bbox 452 2771 747 2837; x_wconf 85' lang='lat' dir='ltr'>rectionis</span> <span class='ocrx_word' id='word_1_183' title='bbox 794 2776 1047 2839; x_wconf 91' lang='lat' dir='ltr'>nostrae</span> <span class='ocrx_word' id='word_1_184' title='bbox 1095 2774 1402 2857; x_wconf 84' lang='lat' dir='ltr'>adparuit,</span> <span class='ocrx_word' id='word_1_185' title='bbox 1444 2775 1554 2855; x_wconf 88' lang='lat' dir='ltr'>qui</span> <span class='ocrx_word' id='word_1_186' title='bbox 1604 2776 1829 2838; x_wconf 87' lang='lat' dir='ltr'>octauo</span> <span class='ocrx_word' id='word_1_187' title='bbox 1880 2773 2002 2846; x_wconf 87' lang='lat' dir='ltr'>die,</span> <span class='ocrx_word' id='word_1_188' title='bbox 2049 2772 2114 2835; x_wconf 89' lang='lat' dir='ltr'>id</span> <span class='ocrx_word' id='word_1_189' title='bbox 2163 2774 2261 2836; x_wconf 88' lang='lat' dir='ltr'>est</span> <span class='ocrx_word' id='word_1_190' title='bbox 2305 2773 2453 2854; x_wconf 88' lang='lat' dir='ltr'>post</span> <span class='ocrx_word' id='word_1_191' title='bbox 2501 2770 2749 2834; x_wconf 87' lang='lat' dir='ltr'>sabbati</span> <span class='ocrx_word' id='word_1_192' title='bbox 2822 2852 2836 2861; x_wconf 39' lang='grc'>,</span> 
     </span>
     <span class='ocr_line' id='line_1_23' title="bbox 455 2877 2744 2963; baseline -0 -22"><span class='ocrx_word' id='word_1_193' title='bbox 455 2878 796 2960; x_wconf 88' lang='lat' dir='ltr'>septimum</span> <span class='ocrx_word' id='word_1_194' title='bbox 867 2880 1069 2963; x_wconf 89' lang='lat' dir='ltr'>primo</span> <span class='ocrx_word' id='word_1_195' title='bbox 1137 2898 1174 2943; x_wconf 91' lang='lat' dir='ltr'>a</span> <span class='ocrx_word' id='word_1_196' title='bbox 1236 2880 1503 2945; x_wconf 87' lang='lat' dir='ltr'>mortuis</span> <span class='ocrx_word' id='word_1_197' title='bbox 1576 2879 1950 2951; x_wconf 79' lang='lat' dir='ltr'>resurrexit;</span> <span class='ocrx_word' id='word_1_198' title='bbox 2000 2878 2111 2961; x_wconf 89' lang='lat' dir='ltr'>qui</span> <span class='ocrx_word' id='word_1_199' title='bbox 2186 2877 2320 2941; x_wconf 88' lang='lat' dir='ltr'>dies</span> <span class='ocrx_word' id='word_1_200' title='bbox 2371 2896 2407 2941; x_wconf 90' lang='lat' dir='ltr'>a</span> <span class='ocrx_word' id='word_1_201' title='bbox 2451 2877 2744 2960; x_wconf 89' lang='lat' dir='ltr'>passione</span> 
     </span>
     <span class='ocr_line' id='line_1_24' title="bbox 453 2983 2749 3067; baseline 0 -22"><span class='ocrx_word' id='word_1_202' title='bbox 453 2984 701 3058; x_wconf 87' lang='lat' dir='ltr'>tertius,</span> <span class='ocrx_word' id='word_1_203' title='bbox 747 2985 812 3049; x_wconf 92' lang='lat' dir='ltr'>in</span> <span class='ocrx_word' id='word_1_204' title='bbox 862 3005 1121 3050; x_wconf 91' lang='lat' dir='ltr'>numero</span> <span class='ocrx_word' id='word_1_205' title='bbox 1180 2990 1395 3051; x_wconf 90' lang='lat' dir='ltr'>autem</span> <span class='ocrx_word' id='word_1_206' title='bbox 1451 2986 1718 3061; x_wconf 84' lang='lat' dir='ltr'>dierum,</span> <span class='ocrx_word' id='word_1_207' title='bbox 1768 2986 1880 3065; x_wconf 83' lang='lat' dir='ltr'>qui</span> <span class='ocrx_word' id='word_1_208' title='bbox 1927 3004 2038 3067; x_wconf 92' lang='lat' dir='ltr'>per</span> <span class='ocrx_word' id='word_1_209' title='bbox 2083 3004 2267 3049; x_wconf 87' lang='lat' dir='ltr'>omne</span> <span class='ocrx_word' id='word_1_210' title='bbox 2313 2988 2566 3066; x_wconf 89' lang='lat' dir='ltr'>tempus</span> <span class='ocrx_word' id='word_1_211' title='bbox 2613 2983 2749 3047; x_wconf 89' lang='lat' dir='ltr'>uol-</span> 
     </span>
     <span class='ocr_line' id='line_1_25' title="bbox 454 3092 1594 3175; baseline 0.002 -22"><span class='ocrx_word' id='word_1_212' title='bbox 454 3094 709 3161; x_wconf 86' lang='lat' dir='ltr'>uuntur.</span> <span class='ocrx_word' id='word_1_213' title='bbox 759 3096 1025 3157; x_wconf 88' lang='lat' dir='ltr'>octauus</span> <span class='ocrx_word' id='word_1_214' title='bbox 1074 3096 1140 3157; x_wconf 92' lang='lat' dir='ltr'>et</span> <span class='ocrx_word' id='word_1_215' title='bbox 1184 3092 1425 3175; x_wconf 89' lang='lat' dir='ltr'>primus</span> <span class='ocrx_word' id='word_1_216' title='bbox 1476 3102 1594 3157; x_wconf 88' lang='lat' dir='ltr'>est.</span> 
     </span>
    </p>

    <p class='ocr_par' dir='ltr' id='par_1_7' title="bbox 362 3196 2748 3708">
     <span class='ocr_line' id='line_1_26' title="bbox 362 3196 2748 3281; baseline -0.001 -19"><span class='ocrx_word' id='word_1_217' title='bbox 362 3220 419 3258; x_wconf 75' lang='lat'>25</span> <span class='ocrx_word' id='word_1_218' title='bbox 547 3201 648 3264; x_wconf 89' lang='lat'>16.</span> <span class='ocrx_word' id='word_1_219' title='bbox 701 3196 885 3276; x_wconf 86' lang='lat' dir='ltr'>Quod</span> <span class='ocrx_word' id='word_1_220' title='bbox 932 3218 1073 3263; x_wconf 86' lang='lat' dir='ltr'>arca</span> <span class='ocrx_word' id='word_1_221' title='bbox 1120 3200 1406 3264; x_wconf 87' lang='lat' dir='ltr'>conlecta</span> <span class='ocrx_word' id='word_1_222' title='bbox 1442 3199 1521 3262; x_wconf 88' lang='lat' dir='ltr'>ad</span> <span class='ocrx_word' id='word_1_223' title='bbox 1557 3219 1758 3263; x_wconf 89' lang='lat' dir='ltr'>unum</span> <span class='ocrx_word' id='word_1_224' title='bbox 1806 3199 2094 3264; x_wconf 90' lang='lat' dir='ltr'>cubitum</span> <span class='ocrx_word' id='word_1_225' title='bbox 2141 3199 2413 3281; x_wconf 88' lang='lat' dir='ltr'>desuper</span> <span class='ocrx_word' id='word_1_226' title='bbox 2458 3216 2748 3262; x_wconf 89' lang='lat' dir='ltr'>consum-</span> 
     </span>
     <span class='ocr_line' id='line_1_27' title="bbox 453 3304 2746 3388; baseline -0.001 -21"><span class='ocrx_word' id='word_1_227' title='bbox 453 3308 689 3368; x_wconf 86' lang='lat' dir='ltr'>matur:</span> <span class='ocrx_word' id='word_1_228' title='bbox 739 3305 908 3370; x_wconf 88' lang='lat' dir='ltr'>sicut</span> <span class='ocrx_word' id='word_1_229' title='bbox 954 3306 1222 3370; x_wconf 85' lang='lat' dir='ltr'>ecclesia</span> <span class='ocrx_word' id='word_1_230' title='bbox 1269 3324 1496 3388; x_wconf 89' lang='lat' dir='ltr'>corpus</span> <span class='ocrx_word' id='word_1_231' title='bbox 1547 3305 1785 3371; x_wconf 85' lang='lat' dir='ltr'>Christi</span> <span class='ocrx_word' id='word_1_232' title='bbox 1840 3305 2264 3369; x_wconf 88' lang='lat' dir='ltr'>in.unitatem</span> <span class='ocrx_word' id='word_1_233' title='bbox 2312 3304 2598 3369; x_wconf 89' lang='lat' dir='ltr'>conlecta</span> <span class='ocrx_word' id='word_1_234' title='bbox 2644 3321 2746 3366; x_wconf 91' lang='lat' dir='ltr'>su-</span> 
     </span>
     <span class='ocr_line' id='line_1_28' title="bbox 451 3410 2746 3495; baseline -0.001 -21"><span class='ocrx_word' id='word_1_235' title='bbox 451 3410 678 3475; x_wconf 86' lang='lat' dir='ltr'>blimat</span> <span class='ocrx_word' id='word_1_236' title='bbox 724 3414 790 3475; x_wconf 87' lang='lat' dir='ltr'>et</span> <span class='ocrx_word' id='word_1_237' title='bbox 832 3411 1098 3494; x_wconf 87' lang='lat' dir='ltr'>perficit.</span> <span class='ocrx_word' id='word_1_238' title='bbox 1146 3411 1311 3475; x_wconf 91' lang='lat' dir='ltr'>unde</span> <span class='ocrx_word' id='word_1_239' title='bbox 1361 3411 1515 3477; x_wconf 89' lang='lat' dir='ltr'>dicit</span> <span class='ocrx_word' id='word_1_240' title='bbox 1559 3412 1624 3475; x_wconf 91' lang='lat' dir='ltr'>in</span> <span class='ocrx_word' id='word_1_241' title='bbox 1673 3412 2041 3495; x_wconf 87' lang='lat' dir='ltr'>euangelio:</span> <span class='ocrx_word' id='word_1_242' title='bbox 2101 3412 2229 3492; x_wconf 88' lang='lat' dir='ltr'>qui</span> <span class='ocrx_word' id='word_1_243' title='bbox 2275 3429 2560 3479; x_wconf 89' lang='lat' dir='ltr'>mecum</span> <span class='ocrx_word' id='word_1_244' title='bbox 2607 3428 2746 3473; x_wconf 93' lang='lat' dir='ltr'>non</span> 
     </span>
     <span class='ocr_line' id='line_1_29' title="bbox 456 3515 2746 3601; baseline -0.001 -19"><span class='ocrx_word' id='word_1_245' title='bbox 456 3518 808 3601; x_wconf 85' lang='lat' dir='ltr'>conligit,</span> <span class='ocrx_word' id='word_1_246' title='bbox 857 3518 1170 3600; x_wconf 89' lang='lat' dir='ltr'>spargit.</span> <span class='ocrx_word' id='word_1_247' title='bbox 1220 3518 1391 3599; x_wconf 86' lang='lat' dir='ltr'>quod</span> <span class='ocrx_word' id='word_1_248' title='bbox 1428 3518 1641 3583; x_wconf 87' lang='lat' dir='ltr'>aditus</span> <span class='ocrx_word' id='word_1_249' title='bbox 1691 3519 1746 3583; x_wconf 90' lang='lat' dir='ltr'>ei</span> <span class='ocrx_word' id='word_1_250' title='bbox 1795 3520 1868 3583; x_wconf 89' lang='lat' dir='ltr'>fit</span> <span class='ocrx_word' id='word_1_251' title='bbox 1915 3537 1951 3581; x_wconf 91' lang='lat' dir='ltr'>a</span> <span class='ocrx_word' id='word_1_252' title='bbox 1994 3520 2229 3582; x_wconf 85' lang='lat' dir='ltr'>latere:</span> <span class='ocrx_word' id='word_1_253' title='bbox 2279 3536 2462 3582; x_wconf 91' lang='lat' dir='ltr'>nemo</span> <span class='ocrx_word' id='word_1_254' title='bbox 2511 3515 2746 3598; x_wconf 87' lang='lat' dir='ltr'>quippe</span> 
     </span>
     <span class='ocr_line' id='line_1_30' title="bbox 451 3622 2746 3708; baseline -0 -22"><span class='ocrx_word' id='word_1_255' title='bbox 451 3622 646 3687; x_wconf 90' lang='lat' dir='ltr'>intrat</span> <span class='ocrx_word' id='word_1_256' title='bbox 687 3624 751 3687; x_wconf 92' lang='lat' dir='ltr'>in</span> <span class='ocrx_word' id='word_1_257' title='bbox 801 3624 1135 3689; x_wconf 89' lang='lat' dir='ltr'>ecclesiam</span> <span class='ocrx_word' id='word_1_258' title='bbox 1181 3624 1305 3689; x_wconf 89' lang='lat' dir='ltr'>nisi</span> <span class='ocrx_word' id='word_1_259' title='bbox 1350 3644 1463 3708; x_wconf 90' lang='lat' dir='ltr'>per</span> <span class='ocrx_word' id='word_1_260' title='bbox 1509 3629 1976 3690; x_wconf 87' lang='lat' dir='ltr'>sacramentum</span> <span class='ocrx_word' id='word_1_261' title='bbox 2019 3624 2412 3691; x_wconf 86' lang='lat' dir='ltr'>remissionis</span> <span class='ocrx_word' id='word_1_262' title='bbox 2459 3626 2746 3707; x_wconf 88' lang='lat' dir='ltr'>peccato-</span> 
     </span>
    </p>
   </div>
   <div class='ocr_carea' id='block_1_3' title="bbox 456 3810 2744 3971">
    <p class='ocr_par' dir='ltr' id='par_1_8' title="bbox 456 3810 2744 3971">
     <span class='ocr_line' id='line_1_31' title="bbox 632 3810 2744 3883; baseline 0 -19"><span class='ocrx_word' id='word_1_263' title='bbox 632 3812 662 3864; x_wconf 83' lang='lat'><strong>7</strong></span> <span class='ocrx_word' id='word_1_264' title='bbox 702 3812 768 3866; x_wconf 87' lang='lat' dir='ltr'>cf.</span> <span class='ocrx_word' id='word_1_265' title='bbox 805 3810 926 3867; x_wconf 84' lang='lat' dir='ltr'>Act.</span> <span class='ocrx_word' id='word_1_266' title='bbox 967 3812 1051 3877; x_wconf 92' lang='grc'>10,</span> <span class='ocrx_word' id='word_1_267' title='bbox 1092 3814 1154 3866; x_wconf 95' lang='grc'>11</span> <span class='ocrx_word' id='word_1_268' title='bbox 1196 3829 1275 3883; x_wconf 82' lang='lat' dir='ltr'>sq.</span> <span class='ocrx_word' id='word_1_269' title='bbox 1485 3814 1517 3867; x_wconf 88' lang='lat'>9</span> <span class='ocrx_word' id='word_1_270' title='bbox 1557 3812 1624 3868; x_wconf 87' lang='lat' dir='ltr'>cf.</span> <span class='ocrx_word' id='word_1_271' title='bbox 1665 3812 1798 3869; x_wconf 89' lang='lat' dir='ltr'>Gen.</span> <span class='ocrx_word' id='word_1_272' title='bbox 1841 3814 1890 3877; x_wconf 89' lang='lat'>7,</span> <span class='ocrx_word' id='word_1_273' title='bbox 1928 3814 1964 3865; x_wconf 84' lang='lat'><strong>2</strong></span> <span class='ocrx_word' id='word_1_274' title='bbox 2127 3814 2195 3867; x_wconf 87' lang='grc'>14</span> <span class='ocrx_word' id='word_1_275' title='bbox 2233 3812 2299 3867; x_wconf 87' lang='lat' dir='ltr'>cf.</span> <span class='ocrx_word' id='word_1_276' title='bbox 2339 3814 2428 3867; x_wconf 82' lang='lat' dir='ltr'>Ee.</span> <span class='ocrx_word' id='word_1_277' title='bbox 2471 3814 2554 3868; x_wconf 89' lang='lat'>11.</span> <span class='ocrx_word' id='word_1_278' title='bbox 2594 3814 2626 3865; x_wconf 83' lang='lat'>2</span> <span class='ocrx_word' id='word_1_279' title='bbox 2665 3830 2744 3883; x_wconf 87' lang='lat' dir='ltr'>sq.</span> 
     </span>
     <span class='ocr_line' id='line_1_32' title="bbox 456 3900 1573 3971; baseline 0.002 -18"><span class='ocrx_word' id='word_1_280' title='bbox 456 3901 521 3953; x_wconf 89' lang='lat'>17</span> <span class='ocrx_word' id='word_1_281' title='bbox 559 3900 757 3971; x_wconf 80' lang='lat' dir='ltr'>Ephes.</span> <span class='ocrx_word' id='word_1_282' title='bbox 796 3901 847 3967; x_wconf 84' lang='lat'>4,</span> <span class='ocrx_word' id='word_1_283' title='bbox 886 3901 919 3955; x_wconf 87' lang='lat'><strong>3</strong></span> <span class='ocrx_word' id='word_1_284' title='bbox 1030 3900 1099 3953; x_wconf 88' lang='grc'>27</span> <span class='ocrx_word' id='word_1_285' title='bbox 1134 3900 1335 3955; x_wconf 72' lang='lat' dir='ltr'>matth.</span> <span class='ocrx_word' id='word_1_286' title='bbox 1377 3901 1460 3967; x_wconf 83' lang='lat'>12,</span> <span class='ocrx_word' id='word_1_287' title='bbox 1499 3901 1573 3955; x_wconf 88' lang='lat'>30</span> 
     </span>
    </p>
   </div>
   <div class='ocr_carea' id='block_1_4' title="bbox 416 4006 2748 4432">
    <p class='ocr_par' dir='ltr' id='par_1_9' title="bbox 416 4006 2748 4432">
     <span class='ocr_line' id='line_1_33' title="bbox 524 4006 2748 4079; baseline 0 -18"><span class='ocrx_word' id='word_1_288' title='bbox 524 4008 556 4061; x_wconf 88' lang='grc'><strong>3</strong></span> <span class='ocrx_word' id='word_1_289' title='bbox 602 4006 681 4077; x_wconf 85' lang='lat' dir='ltr'>ui]</span> <span class='ocrx_word' id='word_1_290' title='bbox 724 4008 779 4061; x_wconf 91' lang='lat' dir='ltr'>in</span> <span class='ocrx_word' id='word_1_291' title='bbox 828 4008 859 4061; x_wconf 90' lang='lat' dir='ltr'><strong><em>b</em></strong></span> <span class='ocrx_word' id='word_1_292' title='bbox 906 4011 970 4061; x_wconf 89' lang='lat' dir='ltr'>ut</span> <span class='ocrx_word' id='word_1_293' title='bbox 1015 4006 1080 4062; x_wconf 75' lang='lat'>5¹¹</span> <span class='ocrx_word' id='word_1_294' title='bbox 1127 4009 1216 4075; x_wconf 84' lang='lat' dir='ltr'>(m.</span> <span class='ocrx_word' id='word_1_295' title='bbox 1265 4010 1305 4061; x_wconf 74' lang='lat'><strong><em>2</em></strong></span> <span class='ocrx_word' id='word_1_296' title='bbox 1350 4008 1415 4075; x_wconf 66' lang='grc' dir='ltr'>ὣ)</span> <span class='ocrx_word' id='word_1_297' title='bbox 1562 4025 1760 4079; x_wconf 81' lang='lat' dir='ltr'>magna</span> <span class='ocrx_word' id='word_1_298' title='bbox 1806 4008 2141 4063; x_wconf 83' lang='lat' dir='ltr'>fortitudinis</span> <span class='ocrx_word' id='word_1_299' title='bbox 2189 4007 2252 4062; x_wconf 72' lang='lat'>8¹</span> <span class='ocrx_word' id='word_1_300' title='bbox 2300 4010 2388 4079; x_wconf 87' lang='lat' dir='ltr'>(m.</span> <span class='ocrx_word' id='word_1_301' title='bbox 2440 4008 2472 4061; x_wconf 91' lang='grc'>2</span> <span class='ocrx_word' id='word_1_302' title='bbox 2513 4024 2647 4062; x_wconf 87' lang='lat' dir='ltr'>corr.</span> <span class='ocrx_word' id='word_1_303' title='bbox 2685 4008 2748 4061; x_wconf 80' lang='lat' dir='ltr'>in</span> 
     </span>
     <span class='ocr_line' id='line_1_34' title="bbox 450 4094 2747 4166; baseline 0 -17"><span class='ocrx_word' id='word_1_304' title='bbox 450 4104 649 4166; x_wconf 72' lang='lat' dir='ltr'>magna</span> <span class='ocrx_word' id='word_1_305' title='bbox 667 4096 1303 4165; x_wconf 78' lang='lat' dir='ltr'>fortitudinem),magna</span> <span class='ocrx_word' id='word_1_306' title='bbox 1321 4094 1688 4151; x_wconf 76' lang='lat' dir='ltr'>fortitudineb</span> <span class='ocrx_word' id='word_1_307' title='bbox 1797 4096 2044 4151; x_wconf 71' lang='lat' dir='ltr'>soci8mm</span> <span class='ocrx_word' id='word_1_308' title='bbox 2073 4096 2147 4149; x_wconf 88' lang='lat' dir='ltr'><em>M</em></span> <span class='ocrx_word' id='word_1_309' title='bbox 2249 4105 2282 4152; x_wconf 86' lang='lat'>4</span> <span class='ocrx_word' id='word_1_310' title='bbox 2319 4097 2665 4152; x_wconf 85' lang='lat' dir='ltr'>tollerantem</span> <span class='ocrx_word' id='word_1_311' title='bbox 2693 4098 2747 4150; x_wconf 90' lang='lat' dir='ltr'><strong><em>L</em></strong></span> 
     </span>
     <span class='ocr_line' id='line_1_35' title="bbox 416 4182 2748 4254; baseline 0.003 -19"><span class='ocrx_word' id='word_1_312' title='bbox 416 4184 487 4235; x_wconf 75' lang='grc' dir='ltr'>οἵ)</span> <span class='ocrx_word' id='word_1_313' title='bbox 515 4182 759 4237; x_wconf 80' lang='lat' dir='ltr'>arcaMb</span> <span class='ocrx_word' id='word_1_314' title='bbox 872 4185 937 4237; x_wconf 89' lang='grc'>12</span> <span class='ocrx_word' id='word_1_315' title='bbox 957 4184 1237 4254; x_wconf 80' lang='lat' dir='ltr'>septiform</span> <span class='ocrx_word' id='word_1_316' title='bbox 1251 4182 1316 4238; x_wconf 67' lang='grc' dir='ltr'>θ’</span> <span class='ocrx_word' id='word_1_317' title='bbox 1410 4186 1479 4239; x_wconf 83' lang='lat'>15</span> <span class='ocrx_word' id='word_1_318' title='bbox 1498 4185 1610 4239; x_wconf 88' lang='lat' dir='ltr'>XL.</span> <span class='ocrx_word' id='word_1_319' title='bbox 1631 4186 1852 4242; x_wconf 86' lang='lat' dir='ltr'>VIHIS</span> <span class='ocrx_word' id='word_1_320' title='bbox 1956 4188 2023 4241; x_wconf 88' lang='lat'>18</span> <span class='ocrx_word' id='word_1_321' title='bbox 2052 4188 2308 4242; x_wconf 76' lang='lat' dir='ltr'>scismata</span> <span class='ocrx_word' id='word_1_322' title='bbox 2336 4185 2435 4241; x_wconf 83' lang='lat' dir='ltr'>SG·</span> <span class='ocrx_word' id='word_1_323' title='bbox 2463 4188 2748 4246; x_wconf 51' lang='lat' dir='ltr'>schemata</span> 
     </span>
     <span class='ocr_line' id='line_1_36' title="bbox 452 4272 2745 4343; baseline 0.001 -17"><span class='ocrx_word' id='word_1_324' title='bbox 452 4272 507 4341; x_wconf 84' lang='lat' dir='ltr'>(h</span> <span class='ocrx_word' id='word_1_325' title='bbox 537 4272 631 4343; x_wconf 89' lang='lat' dir='ltr'>er.)</span> <span class='ocrx_word' id='word_1_326' title='bbox 660 4272 729 4325; x_wconf 84' lang='lat' dir='ltr'><em>M</em></span> <span class='ocrx_word' id='word_1_327' title='bbox 834 4272 905 4327; x_wconf 83' lang='lat'>20</span> <span class='ocrx_word' id='word_1_328' title='bbox 942 4276 1323 4327; x_wconf 81' lang='lat' dir='ltr'>ennumeratur</span> <span class='ocrx_word' id='word_1_329' title='bbox 1349 4272 1521 4328; x_wconf 74' lang='lat' dir='ltr'>MSG</span> <span class='ocrx_word' id='word_1_330' title='bbox 1556 4278 1870 4328; x_wconf 81' lang='lat' dir='ltr'>numeratur</span> <span class='ocrx_word' id='word_1_331' title='bbox 1895 4274 1943 4328; x_wconf 85' lang='grc'><em>0</em></span> <span class='ocrx_word' id='word_1_332' title='bbox 2045 4274 2113 4328; x_wconf 86' lang='grc'>25</span> <span class='ocrx_word' id='word_1_333' title='bbox 2152 4274 2366 4329; x_wconf 84' lang='lat' dir='ltr'>collecti</span> <span class='ocrx_word' id='word_1_334' title='bbox 2403 4274 2448 4327; x_wconf 84' lang='lat' dir='ltr'><strong><em>G</em></strong></span> <span class='ocrx_word' id='word_1_335' title='bbox 2552 4275 2622 4328; x_wconf 85' lang='grc'>26</span> <span class='ocrx_word' id='word_1_336' title='bbox 2660 4290 2745 4329; x_wconf 86' lang='lat' dir='ltr'>ec·</span> 
     </span>
     <span class='ocr_line' id='line_1_37' title="bbox 453 4360 2746 4432; baseline 0.002 -19"><span class='ocrx_word' id='word_1_337' title='bbox 453 4360 669 4414; x_wconf 80' lang='lat' dir='ltr'>clesiam</span> <span class='ocrx_word' id='word_1_338' title='bbox 706 4360 754 4414; x_wconf 83' lang='lat'><em>0</em></span> <span class='ocrx_word' id='word_1_339' title='bbox 892 4360 1171 4415; x_wconf 70' lang='lat' dir='ltr'>collectan]</span> <span class='ocrx_word' id='word_1_340' title='bbox 1210 4361 1259 4415; x_wconf 79' lang='lat'><em>0</em></span> <span class='ocrx_word' id='word_1_341' title='bbox 1398 4361 1722 4416; x_wconf 83' lang='lat' dir='ltr'>sublimatur</span> <span class='ocrx_word' id='word_1_342' title='bbox 1749 4366 1804 4416; x_wconf 86' lang='lat' dir='ltr'>et</span> <span class='ocrx_word' id='word_1_343' title='bbox 1832 4362 2105 4432; x_wconf 85' lang='lat' dir='ltr'>perficitur</span> <span class='ocrx_word' id='word_1_344' title='bbox 2131 4364 2242 4417; x_wconf 82' lang='lat' dir='ltr'>P³b</span> <span class='ocrx_word' id='word_1_345' title='bbox 2351 4362 2420 4417; x_wconf 85' lang='lat'>28</span> <span class='ocrx_word' id='word_1_346' title='bbox 2449 4361 2666 4429; x_wconf 77' lang='lat' dir='ltr'>additus</span> <span class='ocrx_word' id='word_1_347' title='bbox 2695 4364 2746 4417; x_wconf 82' lang='lat' dir='ltr'><strong><em>L</em></strong></span> 
     </span>
    </p>
   </div>
  </div>
 </body>
</html>
