3159 4984
962 384 1051 436 VI.
1109 383 1401 439 Contra
1454 385 1824 441 Faustum
1881 388 2011 441 lib.
2051 389 2193 443 XXI.
2577 398 2706 459 583

410 597 669 661 corpora
726 580 1153 662 aegrescunt?
1220 597 1297 642 an
1354 579 1516 643 forte
1575 598 1730 645 sana
1783 581 2114 646 febriunt?
2178 602 2304 649 non
2354 603 2503 667 ergo
2551 585 2708 651 haec

410 685 637 762 obicio,
687 703 848 768 quae
895 684 1059 749 forte
1106 705 1231 750 non
1301 688 1530 750 cautus
1589 690 1701 750 aut
1755 707 1867 771 pro
1926 688 2322 770 quibuslibet
2378 691 2707 757 contrariis

404 792 622 875 potius
690 812 879 874 quam
943 811 1055 875 pro
1122 791 1307 857 bonis
1377 796 1442 855 et
1504 793 1694 857 malis
1744 795 2288 871 commemorauit,
2337 798 2706 880 praesertim

406 900 555 982 quia
597 900 813 983 ignem
862 900 1073 983 gentis
1122 901 1529 964 tenebrarum
1575 918 1927 983 numquam
1973 901 2278 984 frigidum
2343 902 2544 969 fuisse
2619 905 2709 968 di-

308 1026 371 1063 -5
406 1009 647 1083 xerunt,
698 1006 811 1071 sed
858 1006 1132 1072 calorem
1182 1007 1319 1071 eius
1366 1007 1591 1089 utique
1637 1007 1898 1074 malum.

502 1116 599 1179 12.
678 1114 919 1179 Uerum
983 1116 1059 1177 ut
1121 1113 1249 1178 ista
1315 1114 1720 1189 omittamus,
1789 1113 1904 1176 illa
1964 1113 2332 1193 uideamus,
2401 1135 2562 1199 quae
2618 1118 2710 1183 ita

406 1222 933 1286 commemorauit
974 1222 1141 1287 bona
1186 1221 1251 1285 in
1298 1220 1398 1285 his
1433 1221 1803 1297 contrariis,
1863 1224 1937 1285 ut
1989 1222 2154 1286 nolit,
2206 1222 2354 1287 inde
2411 1224 2706 1303 dubitari,

406 1328 765 1405 sanitatem,
816 1329 1083 1411 copiam,
1136 1327 1558 1393 dulcedinem.
1629 1328 1798 1391 itane
1855 1327 1919 1391 in
1975 1327 2090 1391 illa
2145 1332 2334 1411 gente
2392 1350 2514 1396 non
2572 1336 2707 1397 erat

406 1434 645 1500 sanitas
693 1454 1050 1518 corporum,
1099 1434 1165 1499 in
1213 1454 1339 1517 qua
1384 1436 1451 1498 et
1496 1434 1673 1499 nasci
1723 1437 1788 1498 et
1835 1453 2137 1511 crescere,
2198 1435 2458 1519 gignere
2507 1443 2573 1502 et
2619 1440 2708 1504 ita

314 1560 365 1598 ιο
407 1542 743 1623 perdurare
798 1544 1149 1625 potuerunt
1202 1540 1315 1604 illa
1372 1540 1686 1618 animalia,
1747 1543 1822 1604 ut
1879 1540 2256 1623 quibusdam
2307 1563 2522 1607 eorum
2571 1564 2708 1628 gra-

406 1646 597 1726 nidis,
646 1648 818 1712 sicut
866 1648 1212 1730 desipiunt,
1263 1646 1466 1729 captis
1516 1650 1580 1710 et
1625 1647 1690 1710 in
1730 1648 1906 1712 caelo
1947 1647 2284 1732 conligatis
2325 1669 2441 1715 nec
2478 1651 2706 1715 saltem

396 1754 571 1837 pleni
632 1755 961 1838 temporie,
1021 1755 1135 1819 sed
1190 1754 1467 1820 abortiui
1521 1754 1694 1818 fetus
1752 1755 2022 1818 electam
2070 1755 2317 1820 excelso
2364 1756 2427 1820 in
2477 1760 2706 1821 terram

406 1860 703 1926 cadentes
753 1864 821 1926 et
866 1863 1085 1926 uiuere
1130 1861 1460 1945 potuerint
1496 1863 1562 1925 et
1618 1880 1899 1925 crescere
1938 1864 2004 1925 et
2038 1861 2166 1925 ista
2203 1862 2506 1942 carnium,
2547 1883 2706 1946 quae

404 1987 571 2033 nunc
620 1971 772 2033 sunt
816 1967 1325 2045 innumerabilia,
1372 1986 1606 2051 genera
1643 1970 2039 2050 propagare?
2088 1971 2201 2031 aut
2237 1970 2420 2052 copia
2454 1969 2538 2034 ibi
2582 1989 2705 2035 non

307 2093 360 2132 ιε
404 2076 553 2149 erat,
610 2076 723 2139 ubi
782 2075 1037 2139 arbores
1092 2094 1216 2139 non
1276 2076 1528 2138 tantum
1582 2074 1648 2137 in
1705 2072 1886 2155 aquis
1946 2077 2011 2138 et
2063 2074 2296 2152 uentis,
2355 2076 2468 2141 sed
2515 2076 2706 2141 etiam

400 2179 464 2242 in
510 2180 646 2263 igni
692 2183 756 2244 et
800 2180 976 2246 fumo
1028 2183 1093 2244 et
1136 2179 1315 2245 nasci
1360 2181 1710 2261 potuerunt
1749 2182 1814 2242 et
1849 2180 2029 2242 tanta
2065 2179 2457 2245 fecunditate
2498 2180 2703 2260 ditari,

401 2289 476 2350 ut
532 2306 603 2351 ex
661 2302 873 2351 earum
930 2285 1245 2350 fructibus
1302 2284 1405 2349 sui
1464 2284 1778 2366 cuiusque
1837 2286 2088 2369 generis
2145 2288 2442 2351 animalia
2487 2288 2705 2371 gigne-

398 2396 616 2457 rentur
662 2396 729 2457 et-
775 2412 989 2457 earum
1038 2391 1332 2456 arborum
1389 2392 1716 2457 feracitate
1775 2394 2017 2457 nutrita
2072 2396 2265 2475 atque
2319 2396 2503 2476 pasta
2562 2413 2704 2459 con-

401 2502 821 2566 seruarentur.
865 2519 1131 2582 quorum
1173 2500 1430 2583 saginae
1466 2499 1780 2563 laetitiam
1818 2501 2016 2584 prolis
2057 2518 2308 2583 quoque
2347 2501 2704 2567 fecunditas

324 2626 379 2663 20
398 2608 764 2680 testaretur,
822 2605 1093 2670 maxime
1148 2605 1262 2669 ubi
1316 2607 1534 2670 nullus
1591 2606 1772 2671 labor
1825 2607 2251 2689 agriculturae
2308 2627 2424 2671 nec
2477 2607 2706 2672 intem-

399 2712 603 2793 peries
651 2716 828 2777 esset
874 2712 1137 2776 aestatis
1187 2714 1251 2775 et
1295 2712 1563 2785 hiemis;
1623 2730 1826 2793 neque
1876 2711 2040 2775 enim
2093 2713 2190 2776 sol
2236 2712 2324 2775 ibi
2374 2713 2702 2790 circuibat,

398 2821 474 2882 ut
520 2820 984 2883 alternantibus
1032 2818 1428 2902 temporibus
1477 2818 1625 2882 anni
1669 2821 2222 2882 transcurrerent?
2268 2818 2530 2901 proinde
2568 2839 2704 2902 per-

397 2929 591 3007 petua
634 2924 930 2989 fertilitas
980 2928 1115 2988 erat
1159 2924 1475 3001 arborum,
1527 2922 1762 3004 quibus
1801 2924 2188 2986 elementum
2227 2925 2292 2986 et
2327 2923 2702 2989 alimentum

399 3032 499 3097 sui
564 3032 833 3115 generis,
880 3031 1073 3096 ·sicut
1136 3030 1473 3114 gignendis
1538 3029 1844 3105 adfuerat,
1899 3030 2005 3097 ‚ita
2059 3028 2335 3095 fetandis
2390 3034 2700 3113 perpetuo

308 3158 361 3199 ιο
403 3138 785 3221 subpetebat
832 3141 896 3201 et
942 3138 1190 3201 fructus
1238 3155 1594 3220 numquum
1655 3135 1876 3199 deesse
1933 3135 2243 3209 faciebat;
2303 3136 2473 3200 sicut
2527 3136 2700 3201 uide-

396 3265 540 3310 mus
590 3246 843 3310 arbores
893 3245 1221 3311 citriorum
1268 3248 1406 3310 toto
1464 3263 1627 3307 anno
1683 3242 1870 3308 fiores
1928 3246 1993 3307 et
2045 3241 2292 3307 fructus
2349 3262 2586 3325 parere.
2646 3245 2700 3309 si

394 3353 630 3436 iugiter
684 3333 1058 3436 inrigentur.
1128 3370 1359 3434 magna
1416 3369 1562 3434 ergo
1621 3349 1757 3414 illic
1814 3350 1996 3433 copia
2052 3352 2116 3413 et
2171 3350 2308 3414 eius
2373 3350 2698 3415 habendae

470 3567 488 3615 1
536 3562 823 3629 egresctmt
858 3558 1049 3613 LSGb
1212 3560 1245 3613 3
1282 3557 1600 3627 praesertim
1638 3558 1680 3628 (i
1717 3572 1782 3611 ex
1820 3559 1870 3625 6)
1909 3554 1964 3609 L
2120 3557 2151 3608 7
2191 3558 2337 3610 norit
2383 3559 2450 3613 C¹
2493 3560 2539 3625 (r
2575 3560 2638 3612 in
2683 3560 2702 3613 l

390 3654 520 3703 mut.
558 3664 628 3702 m.
665 3646 791 3717 rec.)
901 3648 934 3701 9
973 3652 1029 3702 et
1067 3652 1196 3701 ante
1231 3647 1347 3717 gig.
1392 3646 1439 3699 0
1492 3696 1497 3701 ,
1544 3644 1760 3716 gignite
1798 3643 2073 3699 S¹P¹MG
2110 3644 2334 3715 gignere
2377 3648 2433 3717 (n
2471 3663 2514 3699 s.
2556 3647 2592 3700 l.
2635 3651 2709 3721 61

380 3744 526 3805 post.
584 3754 622 3808 g
673 3738 736 3791 in
788 3738 925 3805 ras.)
991 3737 1039 3791 G
1216 3736 1281 3789 12
1336 3734 1485 3805 pleni
1541 3734 1776 3805 corporis
1833 3733 2091 3803 temporis
2150 3733 2180 3786 b
2339 3734 2482 3803 fetus
2539 3734 2691 3789 SCG'

390 3852 636 3923 electam]
668 3852 733 3906 de
762 3856 873 3906 tam
905 3852 937 3905 b
1064 3818 1266 3920 escelso
1302 3850 1350 3904 G
1456 3850 1520 3902 15
1552 3849 1656 3902 erit
1683 3848 1736 3901 L
1853 3850 1912 3901 16
1939 3848 2067 3918 igne
2097 3848 2128 3901 b
2273 3847 2609 3920 fecunditate
2646 3849 2693 3904 G

393 3942 457 3995 17
499 3942 843 4011 gignirentur
878 3940 1179 3997 L¹PSMG=
1328 3940 1393 3993 18
1430 3937 1713 4009 feracitate
1760 3936 1808 3991 G
1976 3940 2442 3991 cumseruarentur
2478 3940 2592 4007 (um
2629 3940 2694 3993 in

391 4048 459 4084 011
496 4048 565 4085 m.
608 4031 634 4084 1
677 4031 833 4101 corr.)
879 4030 927 4083 Ο
1032 4031 1099 4083 19
1138 4029 1361 4083 laetiam
1388 4030 1463 4083 L¹
1503 4028 1772 4083 laetitiam
1809 4027 1861 4081 G
2005 4026 2309 4098 fecunditas
2347 4027 2395 4081 0
2497 4028 2568 4081 20
2609 4028 2691 4082 in·
2747 4088 2755 4097 ,

388 4120 697 4189 temperies]
736 4120 794 4173 111
830 4118 1035 4189 templo
1072 4118 1149 4173 1³¹
1183 4118 1241 4172 in
1278 4120 1519 4187 ternpore
1559 4118 1590 4171 b
1700 4117 1768 4170 21
1809 4120 1954 4171 esset
1990 4132 2094 4171 om.
2134 4114 2502 4171 LCPSGMb
2632 4122 2699 4172 et

386 4206 579 4261 hiemis
629 4212 707 4276 (et
750 4208 807 4262 hi
853 4208 916 4261 in
958 4207 1092 4275 rae.)
1152 4207 1195 4259 0
1338 4204 1656 4260 circumibat-
1715 4205 1861 4259 CMb
2042 4205 2111 4257 22
2168 4208 2569 4261 trancurrerent
2622 4206 2688 4261 0¹

386 4295 457 4351 24
494 4296 727 4365 fetandis
771 4296 819 4350 G
922 4297 991 4349 26
1031 4296 1343 4350 citrinorum
1383 4296 1413 4349 b
1558 4298 1616 4348 et
1653 4294 1808 4347 flores
1849 4295 1879 4346 b
1991 4293 2059 4347 27
2099 4292 2343 4348 abendae
2381 4294 2462 4349 L¹
