3159 4984
920 438 1008 490 VI.
1049 437 1338 492 Contra
1393 438 1762 492 Faustum
1820 439 1949 493 lib.
2004 439 2176 493 XXII.
2575 443 2705 506 665

411 634 553 697 111111
609 653 726 698 1100
783 653 1084 715 umquam
1134 631 1460 698 Christum
1517 635 1625 699 uel
1682 636 1881 698 semel
1936 639 2334 719 negauerunt
2390 655 2507 700 nec
2573 634 2711 698 eius

409 760 523 824 pro
579 745 799 806 nostra
854 741 1061 805 salute
1116 741 1478 825 passionem
1535 741 2037 825 inprobauerunt
2080 762 2197 807 nec
2243 745 2467 827 gentes
2513 741 2713 805 iudai·

411 866 548 911 zare
615 850 978 931 coegerunt,
1048 853 1112 911 et
1175 850 1388 912 tamen
1444 848 1657 925 Petro,
1726 849 1833 932 qui
1898 850 2055 914 haec
2120 850 2291 928 fecit,
2350 849 2597 914 sedenti
2651 849 2715 911 in

413 954 750 1019 duodecim
806 954 1066 1018 sedibus
1126 957 1190 1018 et
1245 975 1369 1020 non
1427 955 1639 1020 solum
1696 956 2035 1021 duodecim
2090 957 2321 1032 tribus,
2379 975 2603 1020 uerum
2651 957 2715 1018 et

349 1081 375 1120 5
413 1062 674 1144 angelos
719 1060 1028 1125 iudicanti
1073 1061 1324 1144 inpares
1372 1061 1817 1145 adparebunt?
1863 1062 1957 1126 ita
2003 1062 2194 1126 etiam
2242 1061 2431 1126 multi
2477 1060 2717 1125 nullius

413 1167 782 1250 adpetentes
815 1187 1094 1246 uxorem,
1125 1169 1384 1250 nullum·
1414 1169 1715 1233 maritum
1742 1169 2061 1252 adpetitae
2091 1188 2294 1252 usque
2334 1169 2414 1233 ad
2448 1171 2719 1233 mortem

411 1277 864 1356 persequentes
901 1278 1114 1338 tamen
1151 1273 1538 1339 Dauidicum
1575 1276 1899 1353 meritum,
1942 1295 2087 1340 cum
2124 1276 2249 1340 iste
2286 1275 2400 1340 illa
2435 1275 2717 1352 fecisset,

413 1379 580 1463 apud
627 1379 818 1445 deum
863 1381 1094 1444 habere
1141 1401 1268 1446 non
1311 1385 1605 1464 possunt.
1655 1384 1907 1446 tant-um
1952 1382 2241 1458 interest,
2292 1382 2444 1464 quid
2491 1381 2719 1465 cuique

411 1487 476 1550 in
534 1506 601 1552 se
655 1487 796 1570 ipso
855 1491 1291 1570 quantumque
1351 1486 1707 1571 displiceat,
1764 1493 1840 1554 ut
1893 1487 2151 1572 penitus
2211 1489 2610 1572 exstirpetur,
2660 1490 2725 1552 et

327 1618 376 1654 10
414 1594 565 1675 quid
611 1613 722 1678 pro
771 1613 845 1659 00
893 1593 1290 1659 fructiferum
1340 1598 1406 1659 et
1460 1595 1837 1679 opulentum
1893 1596 2136 1688 ingenti
2192 1597 2519 1660 feracitate
2577 1614 2723 1660 con-

417 1705 655 1785 surgat,
705 1701 855 1783 quia
902 1710 967 1765 et
1014 1703 1326 1786 agricolae
1373 1702 1521 1784 plus
1577 1703 1834 1785 placent
1888 1704 2042 1787 agri,
2101 1702 2211 1785 qui
2268 1702 2469 1785 spinis
2526 1701 2713 1765 etiam

414 1807 662 1891 magnis
713 1807 1048 1874 eradicatis
1097 1809 1436 1873 centenum
1493 1807 1841 1890 proferunt,
1900 1828 2090 1891 quam
2150 1809 2259 1890 qui
2314 1807 2525 1873 nullas
2582 1826 2717 1871 um-

416 1933 604 1995 quam
653 1914 867 1996 spinas
916 1915 1276 1979 habuerunt
1324 1918 1389 1979 et
1436 1915 1542 1978 uix
1592 1914 1669 1978 ad
1715 1914 2028 1980 tricenum
2076 1914 2483 1998 perueniunt.

506 2023 611 2088 69.
662 2021 767 2087 Sic
815 2024 880 2086 et
924 2022 1190 2105 Moysen
1239 2021 1551 2085 famulum
1602 2021 1703 2085 dei
1749 2021 2195 2086 fidelissimum
2242 2023 2305 2087 in
2352 2025 2493 2087 tota
2538 2020 2726 2086 domo

329 2149 374 2186 1⁵
417 2128 576 2204 eius,
625 2128 992 2192 ministrum
1037 2127 1204 2212 legis
1254 2130 1510 2192 sanctae
1558 2130 1625 2191 et
1670 2127 1955 2192 mandati
1994 2129 2217 2206 sancti,
2256 2128 2412 2193 iusti
2453 2131 2519 2192 et
2551 2126 2723 2204 boni,

420 2235 522 2298 cui
569 2236 900 2318 apostolus
948 2235 1306 2299 adtestatur
1352 2271 1441 2281 -—
1487 2253 1636 2298 nam
1684 2233 1823 2299 eius
1871 2234 2026 2299 haec
2081 2236 2277 2299 uerba
2332 2236 2503 2312 sunt,
2565 2252 2723 2314 quae

419 2341 911 2406 commemoraui
968 2379 1056 2388 —
1113 2341 1480 2407 ministrum
1538 2341 1733 2406 etiam
1791 2344 2349 2420 sacramentorum,
2416 2359 2540 2406 non
2595 2339 2721 2402 iam

415 2449 876 2528 praestantium
942 2448 1242 2528 salutem,
1311 2449 1423 2513 ned
1484 2449 1695 2514 adhuc
1748 2448 2259 2532 promittentium
2317 2449 2725 2525 saluatorem,

418 2553 586 2636 quod
626 2558 691 2618 et
727 2555 1012 2620 saluator
1046 2555 1184 2638 ipse
1224 2555 1558 2620 confirmat
1599 2556 1857 2620 dicens:
1899 2556 1963 2620 si
2002 2556 2421 2620 crederetis
2461 2553 2727 2637 Moysi,

329 2683 382 2720 ιο
419 2661 841 2726 crederetis
902 2664 976 2726 et
1029 2661 1246 2737 mihi;
1306 2662 1390 2726 de
1447 2681 1558 2726 me
1619 2663 1813 2727 enim
1868 2663 2005 2727 ille
2064 2662 2383 2746 scripsit
2428 2697 2515 2708 —
2562 2659 2728 2724 unde

419 2786 534 2831 suo
580 2766 744 2838 1000,
795 2770 1106 2849 quantum
1165 2767 1321 2832 satis
1377 2768 1595 2832 uisum
1654 2771 1775 2844 est,
1833 2773 2052 2834 contra
2100 2768 2482 2851 inpudentes
2530 2764 2731 2830 Mani·

417 2872 756 2938 chaeorum
803 2872 1156 2938 calumnias
1205 2873 1627 2938 disseruimus
1674 2911 1759 2920 —-
1807 2874 1978 2938 hunc
2024 2892 2173 2957 ergo
2212 2874 2477 2955 Moysen
2524 2871 2726 2934 famu-

412 2971 554 3042 lum
602 2978 704 3044 dei
749 2979 908 3058 uiui,
959 2979 1062 3044 dei
1107 2981 1266 3058 ueri,
1318 2980 1420 3044 dei
1467 2980 1725 3059 summi,
1764 2980 2163 3045 fabricatoris
2202 2980 2361 3045 caeli
2402 2982 2466 3043 et
2501 2981 2727 3054 terrae,

417 3104 540 3149 non
601 3084 677 3150 de
735 3085 962 3164 alieno,
1025 3085 1138 3150 sed
1195 3086 1272 3150 (10
1327 3085 1552 3162 nihilo,
1611 3105 1736 3150 non
1790 3089 2115 3169 premente
2161 3086 2566 3163 necessitate,
2615 3083 2727 3148 sed

329 3216 380 3254 ιε
419 3180 735 3256 adfluente
782 3190 1090 3271 bonitate,
1140 3212 1262 3257 non
1312 3212 1425 3276 per
1472 3193 1574 3257 sui
1621 3193 1890 3258 membri
1943 3211 2238 3276 poenam,
2296 3192 2407 3257 sed
2460 3211 2573 3276 per
2628 3189 2728 3256 sui

415 3297 596 3362 uerbi
635 3299 1009 3382 potentiam,
1050 3299 1238 3376 hunc,
1279 3299 1558 3382 inquam,
1599 3301 1889 3385 Moysen,
1926 3299 2238 3364 humilem
2278 3299 2343 3363 in
2380 3298 2729 3364 recusando

417 3407 550 3467 tam
605 3423 911 3489 magnum
966 3405 1415 3482 ministerium,
1475 3405 1805 3469 subditum
1861 3404 1926 3469 in
1984 3404 2412 3488 suscipiendo,
2474 3403 2729 3468 fidelem

598 3651 631 3700 3
671 3648 736 3702 cf.
777 3647 898 3703 Gal.
937 3648 989 3713 2,
1033 3650 1098 3702 14
1219 3649 1286 3702 16
1327 3649 1392 3703 cf.
1430 3648 1599 3703 Hebr.
1642 3647 1693 3715 3,
1730 3649 1799 3714 53
1837 3649 1989 3702 Rom.
2032 3649 2081 3714 7,
2124 3647 2189 3704 12
2312 3649 2376 3702 19
2412 3648 2531 3702 1011.
2570 3649 2621 3710 5,
2660 3647 2728 3702 46

419 3737 486 3790 27
527 3737 594 3790 cf.
631 3737 726 3791 Ex.
764 3737 816 3802 4,
857 3737 926 3791 10

490 3911 524 3964 4
561 3911 664 3965 XII
703 3911 824 3982 (bis)
863 3911 965 3966 SG
1147 3914 1180 3964 5
1219 3913 1442 3981 angelos
1482 3917 1538 3980 (u
1577 3929 1713 3970 corr.
1750 3914 1813 3966 in
1850 3915 1902 3979 o)
1944 3911 2044 3967 SG·
2218 3913 2247 3966 7
2288 3910 2585 3965 daniticum
2620 3909 2731 3964 Lo

419 4000 451 4053 9
491 4001 787 4070 extirpetur
830 3999 878 4053 0
1058 3999 1123 4056 12
1159 3999 1439 4070 proferunt
1487 4003 1605 4071 (pro
1653 4016 1719 4056 ex
1755 4019 1789 4070 p
1829 4017 1963 4056 corr.
2010 4017 2079 4054 m.
2119 4001 2173 4068 2)
2212 3998 2266 4052 L
2303 3999 2585 4070 proferunt
2620 3997 2723 4052 SG

420 4092 746 4158 centenupro
778 4090 959 4142 ferunt
985 4087 1060 4142 M
1135 4088 1200 4141 13
1228 4089 1495 4143 tricenum
1527 4093 1578 4158 (e
1606 4090 1671 4144 in
1696 4089 1717 4143 i
1745 4105 1880 4144 corr.
1910 4105 1979 4142 m.
2010 4090 2068 4157 2)
2097 4088 2151 4142 L
2236 4090 2304 4143 15
2342 4087 2516 4142 sancti
2544 4103 2646 4142 om.
2682 4086 2730 4140 0

423 4177 488 4231 18
525 4178 884 4248 prestantium
925 4177 1097 4248 (tadd.
1135 4193 1205 4230 m.
1245 4177 1301 4242 2)
1339 4175 1392 4230 L
1557 4179 1625 4232 19
1664 4175 1809 4248 quod
1849 4176 1923 4247 et]
1965 4179 2023 4231 et
2058 4175 2203 4247 quod
2241 4175 2342 4232 SG
2518 4179 2595 4238 (et
2631 4176 2723 4242 20)

417 4266 826 4320 credideritisL
935 4267 1000 4320 21
1031 4265 1430 4320 manicheorum
1461 4265 1570 4321 LG
1673 4267 1744 4321 24
1770 4267 1969 4321 nichilo
1998 4266 2110 4330 (chi
2136 4283 2191 4318 m
2234 4282 2336 4320 rec.
2362 4269 2649 4336 super-scr.)
2679 4265 2726 4319 (J

417 4359 634 4424 pluente
663 4355 772 4410 LO
875 4358 946 4409 ‘25
982 4355 1238 4409 affluente
1278 4354 1355 4409 L'2
1499 4355 1709 4410 menbri
1754 4353 1801 4410 0
