3159 4984
534 422 661 485 736
1244 421 1294 471 S.
1352 417 1626 472 Aureli
1685 407 2115 488 Augustini

534 614 647 679 sed
694 616 841 698 quia
889 617 983 681 sic
1032 592 1342 699 scriptum
1392 619 1492 681 est
1534 617 1600 680 in
1650 635 1724 680 ea
1769 615 2121 698 scriptura:
2163 615 2266 679 cui
2322 615 2448 680 nisi
2493 614 2833 679 credideri—

532 742 699 801 muS‚
748 742 865 787 nec
913 722 1245 788 christiani
1290 740 1407 788 nec
1455 723 1622 787 salui
1667 742 1809 788 esse
1856 722 2233 805 poterimus,
2299 721 2618 787 credimus
2675 741 2831 804 ergo

536 848 607 892 ex
651 829 856 893 Maria
909 829 1156 913 uirgine
1212 833 1434 894 natum
1483 829 1833 907 Christum,
1893 828 2043 912 quia
2099 828 2192 894 sic
2247 828 2559 912 scriptum
2613 832 2715 894 est
2771 830 2836 892 in

537 936 907 1036 euangeli03
949 935 1265 1001 credimus
1306 935 1676 1000 crucifixum
1715 939 1780 1000 et
1814 939 2164 1011 mortuum,
2205 937 2354 1017 quia
2390 935 2485 1000 sic
2521 936 2836 1019 scriptum

537 1046 641 1108 est
701 1043 765 1107 in
834 1043 1204 1127 euangeli03
1282 1046 1347 1107 et
1410 1062 1559 1108 uere
1626 1046 1846 1107 natum
1922 1047 1987 1107 et
2049 1062 2200 1108 uere
2265 1045 2620 1120 mortuum,
2687 1043 2842 1124 quia
2895 1060 2922 1098 ⁵

537 1149 775 1214 ueritas
842 1153 944 1214 est
1010 1150 1435 1233 euangelium.
1507 1169 1621 1214 cur
1683 1153 1898 1214 autem
1967 1151 2082 1214 illa
2139 1149 2348 1216 omnia
2401 1149 2462 1212 in
2523 1167 2708 1214 carne
2769 1169 2842 1214 ex

538 1259 718 1322 utero
765 1256 1039 1321 feminae
1088 1256 1426 1340 adsumpta
1471 1256 1606 1339 pati
1662 1257 1966 1337 uoluerit,
2024 1275 2278 1322 summa
2331 1255 2584 1322 consilii
2639 1275 2838 1339 penes

536 1364 723 1427 illum
762 1366 899 1428 est:
950 1363 1087 1428 siue
1137 1363 1306 1445 quod
1351 1369 1698 1447 utrumque
1749 1384 1991 1440 sexum,
2032 1384 2218 1447 quem
2259 1367 2602 1431 creauerat.
2644 1364 2838 1427 etiam

539 1470 659 1535 hoc
687 1469 876 1535 modo
908 1471 1481 1535 commendandum
1508 1470 2077 1553 honorandumque
2105 1470 2420 1536 iudicauit
2438 1470 2838 1536 adsumendo

474 1617 478 1621 -
538 1576 805 1641 formam
866 1576 989 1640 uiri
1048 1579 1114 1641 et
1167 1576 1484 1642 nascendo
1542 1576 1620 1641 de
1675 1577 1936 1652 femina,
1997 1577 2136 1642 siue
2193 1576 2406 1658 aliqua
2451 1577 2576 1640 alia
2623 1593 2842 1640 causa.
2883 1592 2930 1632 ιο

544 1701 853 1765 quaenam
912 1683 1025 1748 illa
1082 1683 1186 1761 sit,
1242 1702 1367 1747 non
1421 1686 1662 1747 temere
1719 1683 2020 1759 dixerim3
2085 1683 2249 1748 illud
2303 1687 2516 1747 tamen
2573 1683 2848 1747 fidenter

543 1791 747 1856 dicam
795 1811 911 1880 nec
959 1792 1144 1856 aliter
1188 1791 1431 1856 sactum
1478 1810 1642 1869 esse,
1683 1810 1873 1874 quam
1913 1791 2284 1876 euangelica
2318 1790 2558 1854 ueritas
2598 1789 2841 1866 docuit,

542 1917 658 1963 nec
706 1897 891 1963 aliter
937 1897 1074 1963 fieri
1123 1899 1503 1982 oportuisse,
1552 1916 1745 1980 quam
1784 1898 1885 1963 dei
1927 1897 2238 1981 sapientia
2271 1897 2600 1962 iudicauit.
2651 1915 2842 1960 euan-

544 2005 696 2088 gelii
726 2004 919 2069 fidem
950 2005 1248 2070 omnibus
1276 2005 1737 2071 haereticorum
1781 2005 2322 2090 disputationibus
2359 2003 2842 2086 anteponimus;

546 2111 883 2176 consilium
914 2115 1129 2176 autem
1159 2111 1503 2195 sapientiae
1542 2111 1647 2176 dei
1683 2131 1878 2196 supra
1916 2131 2100 2178 omne
2139 2110 2479 2176 consilium
2515 2113 2842 2174 creaturae
2882 2123 2929 2162 ²⁵

546 2218 1009 2300 cuiuscumque
1056 2218 1418 2284 laudamus.

637 2327 696 2388 8.
764 2325 1003 2389 Tamen
1051 2325 1333 2391 Faustus
1389 2326 1512 2392 sibi
1569 2331 1646 2391 ut
1700 2326 2051 2402 credamuS‚
2108 2326 2399 2390 hortatur
2453 2324 2710 2389 dicens:
2773 2327 2846 2388 et

549 2432 612 2497 si
659 2431 847 2495 mihi
892 2449 1074 2495 uera
1120 2431 1406 2496 dicenti
1454 2431 1572 2497 uis
1623 2431 1946 2508 credere,
1996 2434 2316 2513 uterque
2355 2449 2606 2497 eorum
2647 2428 2844 2512 apud

546 2539 943 2604 Hebraeos
982 2539 1263 2606 salsam
1309 2540 1543 2604 traxit
1591 2539 2040 2623 opinionem,
2087 2540 2304 2604 Iesus
2353 2538 2438 2603 de
2483 2540 2720 2603 morte
2773 2541 2846 2600 et

549 2645 635 2711 (le
682 2647 1251 2711 inmortalitate
1297 2646 1585 2724 Helias,
1635 2666 1781 2712 cum
1827 2647 2020 2730 paulo
2067 2650 2216 2730 post
2262 2645 2468 2712 dicat:
2517 2648 2601 2708 ut
2647 2644 2844 2708 enim
2879 2653 2928 2694 ²⁰

548 2753 634 2816 ab
669 2752 897 2818 initio
934 2757 1238 2837 sumpta
1265 2753 1590 2818 hominis
1629 2753 2144 2818 similitudine
2186 2771 2438 2818 omnes
2476 2752 2843 2818 humanae

550 2859 1043 2925 condicionis
1095 2860 1497 2925 simulauit
1542 2860 1915 2936 adfectuS,
1956 2861 2064 2925 sic
2113 2860 2198 2923 ab
2247 2879 2322 2923 re
2367 2877 2506 2923 non
2556 2859 2736 2932 erat,
2781 2856 2841 2920 si

550 2966 623 3030 in
662 2966 818 3030 fine
850 2986 1147 3049 quoque
1180 2967 1744 3050 consignandae
1776 2966 2253 3032 oeconomiae
2292 2964 2536 3049 gratia
2563 2964 2845 3028 fuisset

551 3073 768 3139 uisus
818 3077 893 3136 et
936 3075 1145 3140 mori.
1194 3075 1385 3140 homo
1431 3074 1710 3158 pessime
1759 3093 1832 3138 ac
1877 3073 2309 3151 fallacissime,
2357 3071 2676 3155 quomodo
2722 3070 2841 3134 tibi

552 3198 669 3262 ego
718 3178 969 3244 credam
1015 3180 1200 3261 quasi
1246 3200 1398 3246 uera
1444 3180 1702 3260 dicenti,
1763 3199 1910 3246 cum
1959 3179 2284 3246 Christum
2339 3178 2513 3244 dicas
2569 3181 2839 3244 mortem
2880 3186 2926 3224 ὃ

549 3285 836 3367 potuisse
909 3285 1216 3351 mentiri?
1300 3305 1448 3370 ergo
1524 3287 1634 3350 ille
1707 3285 2165 3363 mentiebatur,
2234 3284 2483 3366 quando
2549 3283 2839 3348 dicebat:

554 3394 862 3475 oportet
906 3391 1158 3456 filium
1208 3392 1535 3457 hominis
1585 3392 1832 3457 occidi
1881 3395 1954 3456 et
1996 3391 2230 3458 tertia
2268 3390 2385 3455 die
2421 3408 2840 3475 resurgere,

554 3504 617 3564 et
662 3501 735 3562 tu
782 3518 903 3563 non
956 3499 1245 3562 mentiris
1302 3504 1367 3562 et
1423 3498 1605 3577 dicia,
1663 3503 1737 3564 ut
1792 3499 1911 3563 tibi
1969 3518 2121 3563 uera
2175 3497 2410 3562 <licenti
2455 3496 2840 3562 credamus?

730 3672 795 3726 27
834 3671 964 3726 Luc.
1004 3672 1089 3736 24,
1130 3673 1159 3724 7

624 3797 656 3852 3
691 3796 865 3852 Maria
900 3811 1003 3851 om.
1030 3795 1133 3851 SG
1238 3799 1275 3850 4
1302 3791 1926 3866 credimus—euangelio
1957 3813 2060 3851 om.
2090 3795 2190 3852 SG
2298 3797 2330 3848 6
2362 3811 2498 3864 quur
2525 3795 2576 3848 L
2687 3794 2718 3845 7
2749 3792 2841 3846 ad·

553 3891 729 3941 sumta
767 3887 833 3939 M
842 3887 853 3920 ¹
1000 3887 1031 3939 9
1070 3885 1531 3941 conmendandum
1570 3885 1672 3940 SG
1799 3883 1886 3939 '14
1920 3884 2278 3940 hereticorum
2317 3881 2522 3938 LGSG
2691 3886 2844 3936 ante-

552 3980 801 4048 ponimus
842 3982 981 4044 (mus
1016 3977 1080 4030 in
1112 3975 1248 4043 ras.)
1292 3975 1341 4031 Ο
1443 3977 1509 4029 17
1550 3979 1613 4030 ut
1649 3975 1756 4029 sibi
1792 3974 1826 4028 b
1955 3978 2016 4028 ut
2052 3989 2154 4027 om.
2191 3971 2267 4025 Ρι
2383 3973 2447 4025 19
2482 3971 2710 4026 hebreos
2745 3968 2847 4024 LS

546 4074 673 4137 post
698 4067 890 4120 falsam
920 4067 1001 4122 lit.
1032 4066 1191 4120 ἀναν.
1215 4066 1317 4120 litt.
1337 4066 1401 4118 in
1420 4064 1465 4117 C
1552 4065 1624 4119 20
1639 4063 1997 4118 imortalitate
2022 4061 2071 4116 0
2155 4063 2222 4115 21
2242 4061 2405 4115 inicio
2433 4059 2481 4115 0
2600 4057 2773 4112 omnis
2795 4057 2842 4109 L

550 4158 621 4210 22
659 4156 879 4211 effectus
918 4155 950 4207 b
1094 4170 1151 4223 re
1190 4154 1313 4220 (sed
1348 4199 1365 4223 f
1398 4169 1575 4220 paene
1611 4155 1711 4219 er.)
1751 4151 1797 4206 S
1828 4157 1886 4204 re
1928 4150 1979 4205 G
2053 4149 2122 4203 23
2161 4165 2374 4219 qnoque
2411 4165 2515 4204 om.
2557 4145 2840 4207 GOPSM,

553 4251 622 4311 (s.
652 4247 687 4299 1.
720 4261 786 4299 m.
816 4245 848 4297 2
880 4243 1038 4309 add.)
1068 4243 1121 4296 L
1256 4241 1598 4296 aeconomiae
1626 4239 1847 4294 LCGS¹
1877 4239 2218 4295 *economiae
2247 4241 2302 4304 (a
2339 4243 2431 4305 er.)
2460 4236 2536 4290 M
2640 4235 2844 4305 gratia·

555 4345 605 4404 (e
635 4335 727 4402 er.)
754 4333 808 4386 L
951 4332 1146 4386 fuisset
1174 4331 1213 4410 (i
1240 4347 1283 4386 8.
1316 4332 1373 4399 l.)
1402 4330 1520 4384 GL*
1673 4331 1741 4384 25
1772 4346 1899 4398 ergo
1921 4329 1975 4382 L
2110 4327 2179 4382 28
2217 4344 2346 4382 uera
2375 4329 2424 4398 (e
2449 4343 2495 4380 s.
2525 4325 2583 4394 l.)
2614 4325 2665 4378 L
