3159 4984
959 448 1048 503 Vl.
1107 453 1398 507 Contra.
1455 452 1824 505 Faustum
1881 451 2011 505 lib.
2069 451 2208 505 XVI.
2583 456 2717 521 445

416 646 765 727 peritomen
813 645 877 709 in
927 646 1122 709 sacris
1171 650 1236 709 et
1281 645 1399 711 deo
1458 646 1839 711 amabilibus
1897 650 2188 711 numerat
2241 648 2544 729 iubetque
2602 648 2712 712 cir-

420 751 693 817 cumcidi
755 753 1183 816 masculinum
1254 772 1439 817 omne
1498 749 1680 817 carn'e
1735 754 2052 837 praeputii
2107 755 2392 837 ipsorum
2451 773 2718 836 esseque

415 859 536 924 hoc
602 859 791 923 docet
854 859 1282 924 necessarium
1340 860 1597 944 signum
1653 861 2020 925 testamenti
2077 860 2275 937 illius,
2335 860 2504 941 quod
2560 861 2720 925 deus

418 984 572 1030 suus
650 965 1037 1049 disposuerit
1110 966 1189 1029 ad
1252 966 1602 1043 Abraham,
1681 966 2125 1049 adfirmatque,
2194 967 2364 1050 quod
2428 970 2716 1031 utrorum

364 1090 390 1126 ε
418 1072 698 1138 uirorum
756 1072 1049 1154 quisquis
1104 1091 1229 1137 non
1287 1072 1409 1137 hoc
1465 1073 1837 1156 gestauerit,
1901 1073 2422 1138 exterminabitur
2475 1074 2584 1139 ille
2615 1062 2719 1139 'de

327 1620 381 1659 10

326 2152 379 2191 15

327 2681 383 2720 20

416 1178 587 1243 tribu
627 1198 745 1243 sua
783 1182 848 1243 et
883 1178 1276 1255 hereditatis,
1318 1198 1479 1261 quae
1506 1178 1800 1244 Abrahae
1836 1180 2220 1263 repromissa
2257 1181 2344 1245 sit
2381 1200 2454 1245 ac
2491 1180 2720 1245 semini

420 1286 578 1363 eius,
608 1304 734 1349 non
772 1286 993 1349 ueniet
1029 1285 1093 1348 in
1134 1285 1547 1351 consortium.
1591 1290 1656 1349 et
1690 1285 1814 1350 hoc
1853 1305 2000 1369 ergo
2039 1286 2258 1351 Iudaei
2295 1287 2482 1351 ualde
2522 1286 2718 1351 credi-

306 1401 315 1407 “
420 1392 641 1457 derant
705 1392 1119 1457 adseuerante
1185 1393 1431 1475 Moyse,
1496 1392 1860 1475 idcircoque
1925 1392 2113 1457 fidem
2173 1393 2424 1459 Christo
2489 1393 2720 1457 habere

419 1518 541 1564 non
587 1502 884 1583 poterant
925 1498 1270 1563 infirmanti
1320 1518 1395 1564 ea.
1441 1504 1507 1563 et
1548 1500 1812 1582 insuper
1849 1500 2269 1578 adseueranti,
2310 1500 2479 1583 quod
2517 1500 2716 1582 dupli-

422 1606 579 1671 citer
615 1607 939 1691 gehennae
976 1606 1149 1671 filius
1188 1606 1385 1683 fieret,
1428 1607 1535 1690 qui
1576 1610 1747 1672 esset
1785 1607 2219 1673 circumcisus.
2267 1608 2424 1673 item
2461 1607 2722 1691 Moyses

418 1712 766 1777 carnalium
815 1712 1101 1777 ciborum
1149 1713 1494 1778 sollicitam
1530 1714 1687 1778 facit
1725 1713 2168 1779 discretionem
2211 1718 2275 1779 et
2311 1715 2476 1779 inter
2510 1714 2720 1797 pisces

417 1836 491 1883 ac
554 1819 851 1883 uolucres
912 1821 977 1881 et
1032 1818 1465 1903 quadrupedia
1520 1820 1841 1885 helluonis
1897 1820 1961 1885 in
2015 1821 2278 1886 modum
2334 1820 2723 1904 disceptator

419 1924 601 1989 sedet
644 1924 953 2005 iubetque
1005 1924 1129 1988 alia
1178 1924 1431 2007 quidem
1483 1926 1842 2009 abligurriri
1896 1946 2009 2012 pro
2065 1927 2342 2004 mundiS‚
2401 1926 2527 1991 alia
2569 1946 2720 1993 uero

416 2051 528 2114 pro
574 2030 899 2095 inmundis
948 2049 1026 2094 ne
1076 2030 1358 2115 contingi
1405 2032 1703 2112 quidem:
1773 2052 2040 2115 quorum
2084 2033 2149 2097 in
2215 2035 2393 2115 parte
2455 2052 2719 2117 porcum

418 2138 588 2201 taxat
636 2138 703 2201 et
746 2136 1027 2219 leporem
1080 2140 1145 2201 et
1192 2138 1247 2200 si
1297 2136 1447 2219 quid
1493 2138 1556 2201 in
1605 2138 1891 2220 piscibus
1949 2142 2122 2204 caret
2177 2158 2444 2222 squama
2499 2142 2611 2203 aut
2653 2140 2720 2203 in

419 2243 937 2326 quadrupedibus
984 2243 1291 2326 ungulam
1342 2244 1562 2308 fissam
1611 2264 1732 2309 non
1783 2246 1977 2310 habet
2031 2264 2148 2310 nec
2199 2246 2498 2311 ruminat.
2563 2246 2720 2309 haec

419 2369 567 2433 ergo
624 2348 846 2414 Iudaei
910 2349 1160 2415 fortiter
1225 2350 1629 2415 crediderunt
1693 2352 2010 2416 scribente
2072 2353 2296 2436 Moyse
2357 2351 2722 2435 idcircoque

403 2454 847 2532 Christoiam
895 2456 1145 2521 credere
1196 2476 1321 2521 non
1368 2460 1662 2541 poterant
1705 2458 2194 2523 indifferentiam
2241 2458 2496 2523 docenti
2551 2459 2718 2524 cibo-

417 2581 557 2627 rum
627 2565 692 2627 et
755 2582 793 2627 a.
857 2564 991 2628 suis
1060 2562 1317 2645 quidem
1376 2563 1709 2646 discipulis
1768 2565 1980 2630 omnia
2028 2565 2287 2648 penitus
2341 2565 2717 2641 remouenti‚

422 2669 855 2735 saecularibus
903 2689 1053 2735 uero
1103 2670 1303 2753 uulgo
1354 2671 1726 2735 concedenti
1775 2671 2004 2749 omnia,
2063 2690 2226 2753 quae
2279 2673 2544 2754 possent
2597 2671 2720 2745 edi,

420 2776 609 2857 atque
658 2775 1082 2855 adseueranti,
1124 2776 1299 2859 quod
1348 2796 1457 2842 eos
1503 2778 1664 2841 nihil
1709 2777 1776 2841 in
1813 2796 1884 2842 os
1921 2777 2163 2842 intrans
2200 2778 2536 2861 pollueret,
2574 2778 2724 2860 quia

419 2901 577 2965 quae
626 2882 702 2947 de
752 2901 856 2948 ore
903 2882 1314 2967 inprudenter
1352 2883 1718 2965 procedant,
1761 2902 1834 2949 ea
1871 2885 2007 2949 sola
2045 2884 2192 2959 sint,
2235 2903 2392 2965 quae
2429 2884 2726 2965 polluant

420 2989 763 3055 hominem.
812 2989 970 3053 haec
1016 2991 1207 3071 atque
1256 2990 1380 3053 alia
1432 2990 1640 3054 multa
1685 2990 1893 3074 Moysi
1951 2990 2262 3055 contraria
2305 2990 2522 3054 Iesum
2569 2990 2720 3073 dog-

417 3098 735 3173 matizare,
784 3115 969 3161 nemo
1020 3096 1128 3177 qui
1176 3096 1436 3160 nesciat.

561 3322 593 3375 7
634 3321 769 3379 Gen.
812 3325 893 3389 17,
934 3326 967 3379 9
1006 3342 1125 3396 sqq.
1276 3327 1344 3379 10
1379 3324 1577 3379 Matth.
1623 3324 1708 3387 023,
1748 3324 1816 3377 15
1965 3324 2030 3377 16
2077 3323 2144 3377 cf.
2179 3323 2348 3377 Dent.
2397 3323 2486 3388 14,
2529 3323 2560 3377 3
2598 3340 2718 3393 sqq.

419 3410 488 3465 22
526 3412 591 3467 cf.
628 3411 825 3465 Matth.
866 3414 951 3479 15,
993 3414 1055 3466 11
1098 3431 1213 3484 sqq.

493 3571 518 3623 1
561 3570 869 3627 circumcidi
916 3572 988 3644 (ci
1032 3587 1076 3626 8.
1126 3573 1185 3636 l.)
1232 3572 1281 3626 0
1456 3573 1487 3625 2
1537 3590 1750 3641 carnem
1797 3572 1936 3641 (exp.
1985 3590 2054 3626 m.
2100 3573 2157 3639 2)
2203 3570 2329 3626 LS²
2379 3588 2592 3625 carnem
2634 3570 2722 3625 Gb

414 3659 693 3729 praepucii
718 3658 767 3713 G
908 3676 1168 3731 essequae
1186 3659 1322 3715 Isto
1432 3661 1464 3714 3
1495 3659 1640 3731 qnod
1669 3665 1735 3725 (8.
1767 3660 1802 3715 1.
1835 3676 1905 3714 m.
1936 3662 1992 3729 2)
2017 3660 2066 3715 C'
2155 3662 2202 3727 v4
2231 3660 2609 3730 atfirmatquae
2633 3661 2702 3713 M
2706 3662 2723 3695 ¹

418 3748 678 3817 utrorum]
718 3751 961 3803 utrorum
999 3748 1062 3817 (s.
1104 3750 1137 3803 Ζ.
1176 3750 1202 3801 l
1240 3750 1444 3817 omniu)
1482 3750 1557 3803 M
1587 3766 1687 3803 om.
1734 3748 1783 3802 Ο
1886 3751 1917 3802 5
1955 3751 2058 3803 hoc
2097 3766 2204 3803 non
2234 3748 2404 3805 SMG·
2551 3750 2583 3802 6
2620 3749 2717 3802 ha-

416 3833 617 3890 brahae
655 3835 703 3891 S
806 3838 837 3889 7
876 3839 1054 3907 nonlfl
1097 3840 1180 3906 (eo
1218 3839 1333 3893 uid.
1374 3841 1469 3908 er.)
1514 3838 1563 3891 0
1664 3838 1814 3892 iudei
1857 3838 1904 3893 Ο
2009 3838 2043 3892 8
2091 3838 2446 3893 adseuerante
2497 3838 2554 3908 (d
2598 3854 2722 3906 sup.

418 3940 447 3977 s
471 3942 541 3979 m.
565 3926 617 3993 1)
643 3926 691 3979 O
828 3944 1011 3981 moseo
1038 3927 1260 3981 (3211le
1296 3944 1514 3998 moysee
1532 3926 1644 3981 LO
1765 3918 2020 3999 'idcircoq
2037 3930 2125 3993 ;lll
2143 3927 2219 3981 M
2355 3916 2482 3999 iffi]
2499 3914 2596 3997 {pi
2622 3926 2722 3981 SG

421 4014 487 4068 13
523 4013 817 4085 iubetquae
853 4015 933 4068 Ι)
1078 4016 1360 4086 abliguriri
1401 4014 1602 4071 GSMb
1751 4018 1820 4071 14
1857 4020 2056 4087 partes!
2101 4016 2149 4071 0
2291 4018 2358 4071 16
2402 4034 2513 4071 non
2557 4016 2725 4069 habet

416 4102 599 4158 fissam
634 4102 683 4157 0
787 4106 854 4159 17
884 4104 1034 4159 iudei
1070 4104 1117 4159 G
1237 4122 1419 4159 moseo
1450 4104 1680 4159 M¹SGb
1727 4122 1944 4176 moysee
1973 4106 2082 4161 Lc'
2219 4105 2560 4177 idcircoquae
2588 4105 2723 4161 Εἰθ-

418 4194 489 4248 20
524 4192 888 4247 saecularibus
936 4194 991 4264 (b
1036 4210 1079 4249 s.
1130 4194 1165 4249 1.
1214 4212 1253 4249 a
1297 4211 1364 4250 m.
1420 4195 1466 4258 1)
1514 4193 1567 4246 L
1749 4194 2067 4265 concedenti
2112 4194 2165 4247 L
2392 4194 2514 4248 aedi
2552 4193 2730 4249 SGM

420 4281 541 4359 ²⁸⁸edi
587 4288 639 4347 (a
686 4284 782 4349 er.)
830 4282 886 4335 L
992 4283 1060 4337 21
1100 4282 1269 4337 nichil
1320 4282 1367 4337 G
1472 4283 1540 4337 22
1595 4283 1952 4354 inprudenter
2009 4282 2194 4353 (prius
2229 4300 2256 4337 r
2291 4300 2476 4353 paene
2529 4285 2622 4349 er.)
2669 4282 2728 4335 P

419 4369 744 4441 inpudenter
783 4371 813 4424 b
959 4371 1254 4441 procedant
1293 4373 1345 4441 (a
1382 4388 1500 4441 sup.
1543 4390 1571 4437 e
1612 4390 1650 4427 a
1685 4391 1753 4427 m.
1795 4374 1848 4438 1)
1891 4374 1943 4426 L
2087 4374 2336 4444 polluant
2378 4374 2450 4427 G·¹
