3159 4984
505 465 632 526 642
1224 461 1274 514 S.
1323 460 1600 513 Aureli
1645 460 2083 528 Augustini

595 661 701 723 49.
749 659 913 722 Nam
961 660 1026 721 et
1071 657 1252 734 illud,
1303 655 1472 738 quod
1519 656 2009 721 mendacissima
2056 655 2493 721 criminatione
2530 656 2819 721 Faustus

509 766 783 843 obiecit,
850 764 1156 828 habuisse
1221 764 1385 827 inter
1450 782 1516 826 se
1581 763 1768 826 uelut
1831 764 2134 845 quattuor
2196 765 2407 829 scorta
2469 768 2820 828 certamen.

507 890 818 954 quaenam
870 889 1014 934 eum
1063 869 1143 932 ad
1190 867 1599 933 concubitum
1648 870 1913 950 raperet,
1973 868 2085 932 ubi
2128 867 2251 934 hoc
2295 869 2530 953 legerit
2572 869 2822 934 nescio.

505 978 631 1044 nisi
677 978 839 1043 forte
888 978 951 1041 in
1001 975 1188 1041 corde
1237 994 1353 1040 suo
1400 978 1729 1057 tamquam
1774 974 1838 1039 in
1885 974 2047 1040 libro
2094 975 2475 1038 nefariarum
2532 974 2822 1038 fallacia-

505 1105 669 1161 rum,
718 1084 831 1149 ubi
877 1102 1027 1148 uere
1074 1083 1212 1166 ipse
1263 1083 1679 1158 scortabatur,
1730 1081 1843 1145 sed
1882 1100 2027 1146 cum
2066 1084 2357 1164 serpente
2394 1081 2532 1160 illo,
2573 1079 2649 1145 de
2690 1099 2824 1162 quo
2894 1101 2923 1138 5

507 1191 835 1275 apostolus
891 1190 1161 1254 timebat
1215 1189 1544 1266 ecclesiae,
1604 1207 1794 1270 quam
1850 1188 2161 1272 uirginem
2220 1190 2461 1253 castam
2518 1187 2829 1270 cupiebat

504 1299 614 1362 uni
678 1298 816 1362 uiro
866 1297 1153 1362 exhibere
1212 1296 1484 1372 Christo,
1543 1314 1643 1365 ne,
1704 1295 1875 1360 sicut
1927 1297 2128 1360 Euam
2187 1295 2521 1378 deceperat
2576 1295 2830 1360 astutia

509 1424 645 1481 sua,
697 1406 789 1470 sic
839 1407 904 1469 et
947 1404 1201 1469 illorum
1255 1406 1499 1467 mentes
1555 1421 1593 1465 a
1640 1401 1879 1468 Christi
1934 1402 2229 1468 castitate
2284 1403 2627 1469 auertendo
2686 1422 2833 1466 cor-

507 1513 850 1594 rumperet.
915 1511 1008 1575 ita
1073 1510 1239 1574 enim
1307 1509 1456 1573 huic
1521 1509 1801 1591 serpenti
1866 1509 2053 1574 amici
2120 1512 2273 1574 sunt
2331 1509 2465 1588 isti,
2530 1513 2607 1574 ut
2670 1529 2829 1574 eum

509 1617 908 1701 praestitisse
936 1616 1153 1699 potius
1184 1635 1373 1698 quam
1401 1615 1699 1681 nocuisse
1740 1616 2142 1683 contendant.
2182 1617 2319 1700 ipse
2358 1617 2543 1699 plane
2574 1616 2831 1681 Fausto
2874 1633 2929 1672 ιο

507 1724 830 1807 persuasit
874 1723 1121 1806 pectori
1168 1723 1522 1788 adulterato
1568 1721 1874 1788 falsitatis
1913 1722 2157 1787 semina
2191 1723 2552 1798 infundens,
2589 1726 2666 1786 ut
2706 1723 2831 1786 has

509 1832 674 1895 male
734 1831 1070 1913 conceptas
1128 1828 1478 1893 calumnias
1537 1847 1644 1893 ore
1698 1827 2188 1894 inmundissimo
2244 1832 2493 1912 pareret
2548 1831 2613 1892 et
2665 1828 2831 1892 stilo

512 1936 938 2002 audacissimo
989 1935 1181 1999 etiam
1228 1934 1572 2000 memoriae
1620 1935 2108 2001 commendaret.
2176 1935 2355 1999 nulla
2410 1935 2577 1999 enim
2625 1935 2832 1998 ancil-

509 2045 716 2107 larum
761 2043 974 2106 uirum
1020 2041 1210 2106 Iacob
1260 2043 1336 2106 ab
1385 2042 1587 2105 altera
1630 2041 1859 2124 rapuit,
1906 2041 2084 2105 nulla
2129 2041 2206 2106 de
2251 2041 2429 2107 illius
2476 2041 2831 2106 concubitu

511 2171 658 2216 curn
725 2151 924 2214 altera
981 2149 1285 2233 litigauit.
1351 2147 1496 2212 ideo
1551 2148 1759 2231 magis
1817 2147 1966 2213 ordo
2025 2151 2177 2219 erat,
2236 2149 2385 2230 quia
2438 2148 2637 2213 libido
2696 2168 2831 2214 non
2876 2164 2937 2204 1⁵

513 2260 686 2332 erat;
746 2259 812 2321 et
865 2259 1042 2320 tanto
1098 2255 1342 2320 firmius
1401 2255 1821 2319 seruabantur
1874 2255 2227 2339 coniugalis
2272 2256 2615 2338 potestatis
2658 2255 2832 2332 iura,

517 2367 751 2448 quanto
802 2362 1039 2427 castius
1078 2362 1400 2427 uitabatur
1439 2361 1709 2426 carnalis
1744 2361 2112 2442 cupiditatis
2148 2361 2397 2426 iniuria.
2447 2361 2615 2444 quod
2652 2362 2829 2426 enim

520 2476 584 2536 et
631 2471 709 2534 ab
757 2489 948 2534 uxore
997 2469 1391 2537 conducitur.
1441 2469 1531 2534 ibi
1578 2487 1731 2533 uera
1776 2471 1991 2534 nostra
2034 2469 2476 2534 manifestatur
2522 2468 2831 2534 adsertio.

501 2578 606 2643 ibi
672 2595 783 2660 pro
852 2595 920 2642 se
998 2577 1306 2641 aduersus
1383 2576 1727 2640 maledicta
1789 2575 2305 2640 Manichaeorum
2370 2575 2508 2658 ipsa
2578 2575 2833 2640 ueritas

517 2686 769 2750 clamat.
830 2683 984 2766 quid
1031 2683 1200 2747 enim
1249 2701 1408 2766 opus
1459 2693 1613 2762 erat,
1672 2687 1747 2747 ut
1802 2702 1947 2748 eum
2004 2683 2203 2746 altera
2248 2683 2650 2749 conduceret.
2700 2683 2837 2747 nisi
2876 2697 2941 2736 20

517 2790 666 2873 quia
715 2790 865 2856 ordo
924 2789 1187 2854 alterius
1245 2791 1397 2868 erat,
1455 2793 1531 2853 ut
1587 2789 1667 2854 ad
1721 2808 1861 2854 eam
1914 2789 2183 2854 maritus
2238 2789 2554 2853 intraret?
2618 2807 2835 2871 neque

517 2896 683 2962 enim
743 2896 823 2960 ad
878 2895 1068 2960 aliam
1122 2914 1426 2978 umquam
1496 2896 1894 2965 accessisset.
1969 2895 2094 2960 nisi
2168 2915 2313 2960 eum
2380 2896 2833 2963 conduxisset:

521 3003 636 3068 sed
681 3002 903 3084 utique
949 3001 1139 3066 iustis
1187 3002 1267 3066 ad
1313 3021 1446 3066 eam
1497 3002 1750 3066 uicibus
1798 3001 2159 3075 accedebat,
2217 3002 2293 3066 de
2343 3021 2467 3084 qua
2510 3005 2613 3068 tot
2654 3002 2835 3068 filios

513 3113 965 3193 procreauerat
1010 3111 1076 3172 et
1123 3107 1226 3172 cui
1274 3107 1660 3187 oboedierat,
1710 3111 1785 3172 ut
1830 3107 2019 3172 etiam
2060 3107 2138 3172 de
2178 3107 2411 3173 ancilla
2443 3113 2835 3191 procrearet.

521 3219 588 3279 et
634 3214 710 3278 de
760 3232 884 3295 qua
927 3217 1153 3297 postea
1197 3231 1320 3278 non
1371 3214 1764 3280 conducente
1808 3214 2185 3299 procreauit.
2235 3214 2348 3278 sed
2391 3216 2545 3279 tunc
2580 3215 2839 3280 Rachel
2882 3234 2945 3272 2⁵

519 3325 775 3387 noctem
821 3320 1096 3384 habebat
1141 3320 1204 3383 in
1254 3320 1490 3399 ordine,
1538 3324 1615 3384 ut
1657 3323 1946 3386 maneret
1990 3339 2137 3385 cum
2183 3321 2361 3397 uiro;
2426 3325 2582 3386 tunc
2626 3339 2840 3404 penes

523 3447 660 3492 eam
707 3429 993 3508 potestas
1039 3425 1153 3490 illa
1197 3429 1350 3505 erat,
1400 3425 1476 3490 de
1524 3444 1649 3509 qua
1693 3445 1806 3510 per
1850 3427 2213 3509 apostolum
2269 3447 2393 3492 uox
2448 3431 2617 3492 certe
2672 3429 2841 3492 noui

703 3663 736 3716 9
775 3659 841 3716 cf.
877 3659 930 3714 II
969 3659 1088 3716 Cor.
1132 3661 1212 3726 11,
1251 3659 1285 3713 2
1321 3677 1403 3729 sq.

599 3811 632 3863 2
687 3813 866 3864 scorta
919 3809 998 3878 (sc
1049 3825 1093 3862 a.
1151 3824 1268 3876 exp.
1326 3807 1441 3876 sch)
1493 3807 1546 3862 G
1602 3808 1821 3863 schorta
1865 3808 1993 3863 ,ΕΜ
2120 3811 2157 3864 4
2210 3808 2333 3866 Nisi
2388 3810 2467 3881 (ni
2522 3825 2588 3864 ea:
2641 3815 2735 3878 ne)
2792 3811 2853 3866 S

529 3899 860 3953 fallatiamm
913 3897 961 3952 0
1065 3897 1097 3949 5
1149 3897 1527 3952 schortabatur
1571 3897 1625 3952 L
1761 3900 1792 3951 7
1844 3898 2082 3953 exhiberi
2129 3901 2184 3954 L
2321 3900 2392 3954 10
2434 3899 2743 3969 prestitisse
2792 3901 2851 3954 G

529 3989 696 4043 fausti
731 3987 843 4041 1²³1>
1020 3987 1078 4040 11
1119 3985 1344 4056 pectori]
1382 3987 1653 4057 peccatori
1692 3985 1739 4042 S
1768 3986 2026 4058 p&catori
2068 3987 2122 4042 G
2269 3989 2337 4042 12
2374 4003 2493 4042 *ore
2530 3989 2589 4056 (h
2626 3989 2723 4056 er.)
2764 3989 2845 4041 M

530 4071 1176 4146 pareret—audacissimo
1213 4072 1296 4144 (in
1329 4089 1502 4143 marq.
1539 4091 1609 4128 m.
1646 4075 1771 4144 rec.)
1806 4074 1854 4128 0
2066 4076 2132 4130 17
2172 4074 2469 4147 nitebatur]
2510 4074 2773 4132 utebatur
2802 4078 2845 4130 l>

461 4183 466 4188 ’
537 4190 601 4244 18
646 4205 772 4244 uero
818 4187 928 4242 Lo
1065 4152 1300 4253 adsertio
1349 4187 1396 4242 S
1501 4189 1568 4242 19
1614 4189 2013 4244 manicheorum
2051 4189 2161 4244 Lo
2299 4190 2371 4246 22
2417 4190 2489 4246 ad
2532 4191 2697 4245 aliam
2736 4192 2839 4262 (ad

535 4295 574 4332 ς.
613 4279 672 4344 l.)
711 4275 784 4329 M
940 4292 1234 4346 numquam
1270 4275 1572 4330 L¹OSMG
1753 4278 1823 4332 24
1860 4277 2141 4351 obedierat
2184 4278 2233 4333 0
2388 4279 2459 4334 26
2496 4279 2737 4334 ordinem
2778 4279 2847 4332 1,

533 4373 661 4420 tunc
699 4381 802 4420 om.
848 4363 896 4418 0
997 4364 1065 4418 27
1105 4365 1244 4434 eam]
1286 4381 1445 4434 qnam
1491 4363 1540 4418 0
2232 4375 2241 4384 ·
