3159 4984
462 427 593 489 464
1161 426 1212 479 S.
1268 425 1539 477 Aureli
1599 426 2026 494 Augustini

464 620 589 693 tur,
658 617 765 697 qui
831 637 975 681 eum
1038 618 1293 700 populis
1360 618 1821 684 adnuntiarent.
1890 636 2192 702 magnum
2254 618 2498 700 aliquid
2552 620 2768 683 actum

467 728 567 787 est
612 724 676 787 in
724 744 913 788 usum
964 728 1250 789 nostrum
1302 726 1377 789 de
1424 725 1799 790 infidelitate
1846 716 2373 794 Iudaeorum.'ut
2407 726 2578 790 idem
2618 725 2766 809 ipsi,

401 849 405 853 ’
466 830 575 911 qui
637 830 792 895 haec
856 834 1114 913 propter
1178 851 1246 896 se
1310 851 1433 897 non
1492 832 1797 896 haberent
1851 832 1913 895 in
1973 832 2290 909 cordibus,
2347 834 2604 915 propter
2649 852 2768 897 nos

466 936 772 1001 haberent
816 937 879 1000 in
920 938 1269 1003 codicibus.
1319 957 1435 1002 nec
1469 938 1616 1002 inde
1656 939 2002 1003 auctoritas
2041 939 2172 1003 illis
2209 938 2390 1003 libris
2429 938 2762 1016 minuitur,

470 1043 640 1125 quod
688 1063 723 1106 a
767 1044 1023 1109 Iudaeis
1072 1064 1194 1109 non
1238 1046 1718 1129 intelleguntur,
1776 1046 1972 1109 immo
2023 1048 2088 1109 et
2132 1048 2440 1129 augetur;
2498 1064 2644 1108 nam
2703 1048 2768 1109 et
2841 1068 2870 1105 5

467 1151 607 1233 ipsa
655 1169 873 1214 eorum
922 1149 1196 1215 caecitas
1243 1149 1333 1213 ibi
1378 1150 1701 1232 praedicta
1739 1154 1858 1213 est.
1908 1148 2074 1213 unde
2112 1148 2319 1232 magis
2360 1167 2481 1213 non
2523 1149 2772 1213 intelle-

470 1256 676 1341 gendo
724 1257 1063 1322 ueritatem
1108 1256 1442 1340 perhibent
1486 1257 1929 1321 testimonium
1968 1256 2247 1333 ueritati,
2289 1255 2438 1336 quia
2475 1275 2619 1320 cum
2659 1274 2772 1319 eos

470 1364 667 1429 libros
714 1383 837 1428 non
875 1364 1278 1446 intellegunt,
1319 1381 1356 1425 a
1394 1362 1627 1444 quibus
1665 1383 1791 1428 non
1830 1362 2217 1427 intellecturi
2252 1361 2560 1443 praedicti
2599 1363 2770 1432 sunt,

474 1471 665 1535 etiam
712 1470 861 1535 hinc
910 1490 1019 1535 eos
1068 1487 1326 1535 ueraces
1376 1469 1744 1536 ostendunt.

566 1579 671 1641 22.
738 1577 906 1641 Hinc
953 1580 1054 1641 est
1100 1580 1165 1639 et
1207 1576 1390 1652 illud,
1448 1576 1631 1640 cuius
1688 1576 2106 1661 ambiguitate
2151 1576 2431 1641 Faustus
2487 1574 2770 1638 fallitur:
2815 1599 2871 1637 10

475 1684 779 1748 uidebis
845 1683 1081 1747 uitam
1147 1686 1350 1747 tuam
1407 1683 1858 1766 pendentem
1919 1687 1992 1748 et
2047 1703 2187 1748 non
2247 1682 2506 1747 credes
2565 1681 2776 1744 uitae

474 1794 668 1855 tuae.
738 1809 897 1871 quae
955 1790 1151 1855 uerba
1206 1793 1271 1854 et
1324 1790 1510 1854 aliter
1562 1809 1754 1873 posse
1803 1790 2090 1873 intellegi
2137 1792 2354 1873 potest
2401 1788 2632 1870 aliquis
2685 1787 2777 1851 di-

477 1916 655 1964 cere:
706 1897 781 1961 de
832 1895 1083 1961 Christo
1134 1900 1346 1962 autem
1384 1917 1508 1962 non
1546 1916 1737 1980 posse
1775 1897 2064 1981 intellegi
2103 1916 2217 1961 nec
2253 1896 2534 1960 Faustus
2574 1912 2774 1957 ausus

480 2006 578 2067 est
626 2002 831 2066 dicere
879 2020 995 2066 nec
1052 2001 1391 2083 quisquam
1443 2020 1705 2084 prorsus
1763 2002 2042 2076 audebit,
2101 2003 2224 2067 nisi
2281 2003 2389 2083 qui
2444 1999 2781 2083 negauerit

480 2112 593 2172 aut
630 2106 955 2173 Christum
1002 2127 1142 2172 esse
1192 2108 1391 2172 uitam
1439 2112 1551 2173 aut
1597 2128 1634 2172 a
1669 2107 1922 2173 Iudaeis
1949 2108 2176 2172 'uisum
2217 2126 2357 2172 esse
2395 2106 2776 2189 pendentem
2823 2130 2880 2168 15

481 2219 593 2279 aut
640 2235 750 2281 eos
794 2215 895 2278 illi
938 2234 1065 2280 non
1105 2214 1470 2279 credidisse.
1512 2234 1660 2279 cum
1697 2234 1850 2281 uero
1889 2218 1954 2279 et
1989 2215 2128 2297 ipse
2168 2214 2374 2278 dicat:
2425 2233 2560 2296 ego
2611 2231 2780 2277 sum

483 2322 645 2387 uita
702 2324 767 2387 et
822 2340 965 2385 eum
1021 2321 1403 2404 pependisse
1459 2324 1712 2386 constet
1767 2324 1910 2385 ante
1969 2322 2188 2386 oculos
2243 2339 2366 2385 non
2417 2320 2475 2383 ei
2523 2318 2779 2383 creden-

484 2430 649 2493 tium
692 2429 1095 2505 Iudaeorum,
1145 2448 1267 2491 non
1318 2428 1525 2505 uideo,
1585 2447 1698 2492 cur
1743 2427 2032 2491 dubitare
2081 2427 2423 2491 debeamus
2469 2426 2538 2489 id
2585 2426 2779 2489 etiam

488 2537 564 2601 de
614 2534 865 2600 Christo
916 2534 1249 2616 scripsisse
1294 2533 1501 2603 illum,
1551 2533 1628 2597 de
1677 2553 1800 2616 quo
1851 2532 2144 2597 Christus
2193 2533 2319 2597 ait:
2385 2534 2520 2597 ille
2585 2532 2784 2597 enim

489 2644 575 2708 de
620 2662 731 2707 me
782 2642 1118 2725 scripsit.
1184 2640 1447 2724 proinde
1496 2641 1551 2705 si
1599 2640 1771 2722 quod
1817 2640 2128 2723 scriptum
2177 2643 2312 2704 est:
2381 2639 2784 2704 suscitabo
2821 2664 2882 2704 so

492 2750 600 2814 eis
683 2749 1132 2833 prophetam
1212 2748 1297 2811 de
1374 2746 1746 2811 fratribus
1825 2747 2135 2811 illorum
2211 2747 2539 2811 similem
2613 2745 2785 2821 tibi,

489 2857 819 2923 ostendere
869 2859 1133 2921 conatus
1182 2858 1283 2921 est
1316 2855 1597 2919 Faustus
1645 2874 1766 2919 non
1814 2873 2004 2938 posse
2054 2847 2129 2919 de
2169 2852 2422 2919 Christo
2469 2852 2783 2935 intellegi,

492 2966 640 3045 quia
688 2963 979 3029 Christus
1026 2963 1239 3047 Moysi
1286 2962 1513 3026 similis
1561 2981 1684 3027 non
1735 2964 1850 3039 est,
1901 2964 1967 3025 et
2012 2964 2226 3025 tamen
2275 2980 2348 3024 ex
2395 2960 2566 3023 omni
2609 2962 2790 3041 parte

492 3072 826 3135 conuictus
876 3073 993 3146 est,
1042 3070 1193 3151 quid
1242 3088 1401 3151 opus
1452 3072 1551 3133 est
1595 3068 1658 3131 in
1708 3067 1830 3133 hoc
1875 3068 2243 3133 testimonio
2289 3065 2631 3133 laborare?
2679 3068 2794 3135 aut

494 3181 683 3265 certe.
732 3176 901 3241 sicut
947 3177 1104 3240 dixit
1151 3176 1475 3241 Christum
1525 3175 1800 3239 similem
1848 3194 1971 3239 non
2021 3194 2161 3239 esse
2209 3174 2442 3258 Moysi,
2490 3176 2567 3238 ut
2608 3173 2790 3236 illam
2815 3194 2890 3239 ,ιε

492 3283 812 3349 refelleret
854 3283 1272 3366 prophetiam,
1322 3284 1415 3347 sic
1464 3284 1657 3346 etiam
1717 3285 1792 3347 ut
1846 3282 2010 3346 hanc
2063 3283 2332 3349 refellat.
2393 3280 2568 3344 dicat
2617 3277 2794 3343 Chri-

496 3394 668 3455 stum
732 3409 855 3453 non
924 3408 1063 3454 esse
1129 3390 1331 3453 uitam
1395 3389 1503 3454 uel
1562 3390 1626 3453 in
1696 3394 2041 3471 conspectu
2104 3388 2486 3452 Iudaeorum
2550 3406 2674 3451 non
2737 3386 2797 3447 ei

497 3496 883 3563 credentium
936 3516 1057 3561 non
1104 3497 1501 3579 pependisse.
1572 3516 1721 3561 curn
1771 3499 1984 3559 autem
2041 3496 2164 3559 hoc
2221 3495 2328 3557 ille
2387 3512 2510 3557 non
2571 3491 2800 3555 dixerit

680 3723 745 3775 11
782 3720 947 3776 Deut.
986 3722 1071 3785 28,
1111 3721 1180 3774 66
1298 3722 1360 3773 16
1384 3720 1517 3774 ·loh.
1561 3722 1645 3782 14,
1685 3720 1718 3772 6
1830 3722 1897 3772 19
1935 3719 2052 3773 1011.
2093 3720 2143 3784 5,
2182 3719 2249 3771 47

573 3892 605 3943 2
642 3890 923 3944 iudeorum
955 3890 999 3943 C
1106 3890 1139 3942 3
1176 3906 1233 3944 se
1274 3893 1340 3956 (8.
1383 3891 1445 3957 l.)
1478 3889 1524 3943 S
1628 3848 1852 3943 4slibris
1888 3844 2000 3941 11118
2029 3886 2077 3941 S
2179 3889 2212 3941 5
2239 3885 2418 3940 iudeis
2447 3888 2492 3941 Ο
2633 3884 2801 3937 intel-

501 3980 758 4049 leguntur
774 3983 849 4036 L¹
950 3979 1312 4049 6predictaC
1449 3978 1820 4049 intellegendo
1840 3981 1912 4034 L·
2018 3975 2365 4047 SpredictiG
2465 3977 2530 4029 12
2550 3977 2800 4045 potest—

502 4068 749 4137 intellegi
788 4086 885 4123 om.
928 4067 1044 4127 SG.
1086 4068 1173 4133 (in
1208 4084 1308 4137 my.
1347 4086 1415 4121 m.
1456 4071 1496 4121 2
1534 4068 1693 4133 add.)
1731 4068 1778 4121 G
1889 4069 1950 4121 14
1985 4082 2086 4119 nec
2115 4064 2166 4129 (c
2193 4080 2236 4118 8.
2268 4062 2324 4133 1.)
2355 4063 2403 4118 S
2517 4064 2802 4133 quisquam

505 4162 550 4228 (s
588 4174 722 4210 corr.
763 4174 828 4210 ex
866 4160 913 4222 c)
956 4157 1001 4210 Ο
1194 4158 1256 4209 15
1295 4174 1327 4209 a
1363 4173 1465 4210 om.
1505 4156 1536 4209 b
1729 4156 1794 4209 17
1835 4160 1890 4209 et
1928 4172 2050 4210 eum
2089 4152 2220 4224 quip
2260 4156 2407 4224 (erp.
2443 4172 2512 4208 m.
2553 4156 2618 4221 2)
2657 4152 2712 4205 L
2751 4161 2808 4204 et

506 4263 627 4299 eum
686 4246 776 4315 qui
820 4250 880 4297 0⁴2
937 4249 993 4299 et
1049 4262 1169 4298 eum
1226 4246 1319 4315 qui
1362 4246 1489 4299 GM
1673 4247 1738 4298 18
1791 4244 2073 4299 iudeorum
2125 4246 2168 4295 ('
2348 4244 2415 4297 23
2471 4244 2608 4297 mosi
2658 4242 2806 4297 S¹G¹

507 4336 574 4386 ‘26
613 4334 843 4389 faelleret
878 4332 939 4389 S*
982 4334 1196 4389 falleret
1238 4334 1313 4384 (3²
