3159 4984
489 466 617 547 546
1179 476 1233 528 S.
1288 474 1561 528 Aureli
1622 474 2058 538 Augustini

494 674 570 738 de
616 672 917 737 membris
968 671 1071 736 dei
1116 671 1321 736 uestri
1374 670 1568 734 uictis
1626 663 1816 750 atque
1873 667 2181 732 subiectis
2237 666 2550 731 mundum
2602 666 2798 729 fabri·

491 786 777 853 cantem:
848 782 913 843 et
976 776 1542 861 splenditenentem
1605 774 1906 856 reliquias
1963 773 2306 838 eorundem
2361 774 2800 837 membrorum

490 887 593 951 dei
636 887 837 951 uestri
882 885 1222 949 habentem
1268 883 1334 946 in
1380 900 1574 945 manu
1624 884 1690 945 et
1726 886 1936 965 cetera
1973 881 2186 945 omnia
2222 883 2428 963 capta,
2469 881 2798 962 obpressa.

490 994 821 1076 inquinata.
865 992 1307 1076 plangentem3
1359 996 1425 1055 et
1468 991 1799 1055 Atlantem
1841 989 2192 1067 marimum
2241 989 2464 1055 subter
2507 989 2800 1083 humeris

494 1101 629 1165 suis
680 1118 825 1165 cum
874 1118 945 1164 eo
994 1100 1323 1175 ferentem,
1371 1117 1450 1163 ne
1496 1100 1710 1163 totum
1753 1096 1868 1161 ille
1921 1096 2230 1179 fatigatus
2287 1096 2539 1161 abiciat.
2596 1098 2796 1177 atque

491 1208 585 1271 ita
646 1206 865 1271 fabula
928 1209 1147 1270 uestra
1208 1206 1393 1270 uelut
1446 1205 1511 1268 in
1565 1207 1781 1287 tapete
1837 1202 2150 1268 theatrico
2205 1202 2284 1267 ad
2337 1202 2514 1266 illius
2577 1202 2800 1265 ultimi

500 1314 676 1398 globi
722 1312 1125 1378 catastolium
1174 1312 1503 1395 peruenire
1548 1330 1674 1375 non
1721 1310 1950 1393 possit,
2007 1314 2071 1375 et
2125 1310 2254 1374 alia
2305 1308 2802 1373 innumerabilia

492 1421 729 1504 pariter
771 1421 988 1503 inepta
1036 1422 1100 1483 et
1142 1419 1366 1483 insana
1400 1437 1518 1483 nec
1554 1418 1878 1501 pingendo
1917 1421 2028 1481 aut
2065 1415 2412 1499 sculpendo
2451 1434 2568 1480 nec
2601 1415 2800 1479 inter-

495 1527 801 1611 pretando
851 1526 1303 1591 demonstratis
1352 1528 1417 1591 et
1462 1544 1555 1603 ea,
1605 1544 1750 1589 cum
1801 1524 2056 1590 omnino
2103 1524 2282 1587 nulla
2329 1522 2479 1601 sint,
2537 1521 2804 1585 creditis

487 1640 555 1699 et
616 1634 829 1699 colitis
898 1636 964 1697 et
1016 1633 1280 1716 insuper
1336 1633 1700 1697 christianis
1755 1632 1879 1696 fide
1942 1652 2068 1697 non
2133 1630 2285 1695 ficta
2345 1629 2484 1713 pias
2537 1630 2795 1693 mentes

494 1740 951 1806 mundantibus
1016 1744 1343 1821 tamquam
1407 1742 1648 1803 temere
1715 1738 1990 1803 credulis
2055 1737 2406 1801 insultatis.
2485 1739 2560 1801 ut
2622 1736 2798 1800 enim

488 1848 697 1912 multa
760 1866 885 1912 non
953 1865 1277 1928 quaeram,
1346 1845 1579 1927 quibus
1645 1845 1802 1909 haec
1868 1844 2284 1908 ostendantur
2347 1842 2601 1908 omnino
2667 1862 2798 1907 non

500 1972 663 2027 esse,
715 1952 863 2035 quia
907 1952 1211 2016 subtilius
1269 1951 1738 2033 sublimiusque
1792 1953 2064 2015 tractare
2121 1949 2200 2013 de
2254 1949 2478 2013 mundi
2531 1949 2798 2017 fabrica.

492 2060 615 2125 etsi
676 2059 836 2123 mihi
902 2058 1161 2122 difficile
1223 2076 1349 2123 non
1415 2059 1606 2132 esset,
1675 2060 1847 2121 certe
1910 2056 2101 2121 nimis
2165 2056 2430 2139 longum
2495 2059 2613 2135 est,
2671 2056 2799 2120 hoc

498 2166 677 2230 dico:
727 2166 781 2230 si
827 2165 955 2229 ista
998 2182 1151 2228 uera
1198 2166 1367 2232 sunt.
1409 2163 1511 2227 dei
1556 2164 1916 2229 substantia
1962 2163 2438 2229 commutabilis
2486 2166 2608 2241 est,
2655 2182 2794 2229 cor-

498 2270 847 2354 ruptibiliS‚
897 2268 1405 2351 coinquinabilis.
1452 2268 1576 2333 hoc
1621 2271 1838 2333 autem
1876 2269 2130 2335 credere
2165 2270 2428 2352 plenum
2467 2272 2567 2333 est
2603 2269 2800 2333 sacri-

493 2379 676 2461 legae
723 2377 1027 2441 insaniae.
1093 2376 1208 2441 illa
1252 2375 1453 2460 igitur
1498 2376 1710 2441 omnia
1753 2394 1922 2440 uana
1967 2380 2138 2455 sunt,
2186 2376 2352 2441 falsa
2397 2379 2566 2453 sunt,
2614 2376 2796 2440 nulla

498 2487 669 2549 sunt.
734 2484 996 2567 proinde
1043 2503 1163 2549 uos
1210 2483 1475 2567 paganis
1519 2482 1688 2557 istis,
1738 2484 1849 2566 qui
1893 2484 2094 2567 uulgo
2141 2482 2280 2548 noti
2325 2486 2480 2547 sunt
2523 2486 2590 2548 et
2633 2484 2798 2547 anti-

493 2590 711 2674 quitus
784 2590 1045 2655 fuerunt
1108 2590 1175 2655 et
1232 2590 1299 2654 in
1375 2590 1662 2672 reliquiis
1737 2591 1872 2655 suis
1946 2591 2074 2653 iam
2146 2608 2315 2654 nunc
2389 2590 2797 2660 erubescunt.

490 2716 750 2781 prorsus
818 2697 1161 2763 deteriores
1227 2697 1406 2776 estis,
1473 2696 1644 2779 quod
1705 2696 1805 2761 illi
1869 2697 2090 2763 colunt
2149 2714 2244 2775 ea,
2304 2716 2464 2779 quae
2521 2696 2610 2761 dii
2663 2716 2794 2762 non

492 2808 663 2881 sunt,
711 2823 831 2869 uos
879 2806 1113 2881 autem,
1164 2802 1417 2868 omnino
1465 2821 1627 2884 quae
1675 2823 1797 2868 non
1847 2807 2016 2867 sunt.

584 2912 687 2974 10.
754 2910 979 3004 Itaque
1028 2911 1085 2976 si
1128 2913 1463 2994 propterea,
1506 2929 1628 2975 uos
1674 2910 1917 2993 putatis
1963 2914 2178 2976 tenere
2225 2912 2586 2990 ueritatem,
2644 2912 2799 2995 quia

492 3020 559 3081 et
588 3018 783 3083 errori
809 3036 1201 3101 paganorum
1237 3018 1427 3100 longe
1466 3016 1811 3083 dissimiles
1843 3018 2021 3095 esti8‚
2051 3038 2169 3084 nos
2208 3021 2424 3083 autem
2462 3022 2800 3102 propterea

494 3142 637 3188 esse
700 3124 765 3187 in
832 3142 1059 3202 errore,
1118 3122 1267 3205 quia
1320 3122 1576 3206 longius
1634 3143 1670 3187 a
1723 3123 1910 3189 uobis
1967 3144 2158 3207 quam
2217 3144 2254 3189 a
2308 3126 2572 3211 paganis
2627 3125 2798 3191 forte

496 3230 831 3307 distamuS‚
863 3228 1112 3294 dicatur
1149 3232 1215 3294 et
1247 3232 1539 3294 mortuus
1566 3229 1711 3294 ideo
1741 3250 1957 3309 sanuS‚
1988 3231 2138 3313 quia
2169 3231 2300 3296 iam
2336 3250 2454 3297 nec
2492 3234 2795 3316 aegrotus

497 3338 617 3415 est,
676 3339 742 3400 et
793 3335 937 3401 ideo
993 3336 1508 3420 reprehendatur,
1566 3337 1678 3419 qui
1733 3356 1926 3402 sanus
1983 3341 2102 3416 est,
2163 3339 2312 3421 quia
2364 3339 2638 3405 uicinior
2694 3344 2800 3403 est

496 3445 753 3526 aegroto
801 3460 992 3525 quam
1036 3444 1309 3509 mortuo.
1358 3446 1472 3507 aut
1516 3443 1573 3507 si
1618 3444 1902 3526 plerique
1947 3446 2178 3528 pagani
2215 3464 2340 3511 non
2378 3446 2562 3510 uelut
2599 3446 2797 3530 aegri.

495 3549 609 3614 sed
662 3550 849 3615 uelut
899 3549 1137 3615 mortui
1194 3549 1542 3632 deputandi
1599 3554 1768 3617 sunt.
1829 3551 2126 3615 laudetur
2177 3552 2242 3615 in
2291 3553 2584 3635 sepulcro
2631 3552 2800 3617 cinis

569 3758 597 3812 1
655 3758 817 3813 uictis
870 3775 973 3813 om.
1038 3758 1087 3813 0
1189 3758 1223 3812 2
1281 3776 1462 3813 eorum
1520 3758 1947 3815 demembrorum
2003 3759 2252 3815 L¹SMG
2307 3760 2562 3815 eorumde
2615 3778 2790 3816 mem—

499 3846 713 3901 brorum
756 3848 813 3902 P
986 3846 1329 3903 menbrorum
1380 3848 1429 3903 0
1603 3850 1638 3902 4
1691 3849 2032 3919 stangentem
2077 3849 2126 3905 S
2311 3850 2614 3905 athlantem
2665 3852 2796 3907 C'L2

499 3936 685 3990 subter
740 3936 795 4007 (b
853 3954 934 3991 ex.
988 3954 1023 4007 p
1078 3953 1146 3990 m.
1200 3941 1260 4005 2)
1324 3936 1374 3991 0
1546 3939 1580 3992 5
1635 3937 1723 4008 ne]
1787 3942 1846 3993 et
1909 3938 1954 3994 S
2134 3940 2169 3993 6
2233 3940 2410 4009 tapeti
2471 3938 2522 3994 Ο
2701 3940 2796 4011 ad]

497 4028 555 4079 at
601 4024 753 4081 M¹G
805 4029 903 4080 aut
954 4025 1021 4081 8¹
1194 4028 1225 4079 7
1265 4026 1417 4097 gloui
1469 4026 1702 4082 P¹M¹G
1879 4028 2228 4083 castatolium
2287 4027 2335 4083 0
2385 4029 2706 4099 capitolium
2753 4030 2804 4085 8

496 4114 532 4168 8
586 4114 1015 4184 interprassmmdo
1060 4114 1116 4169 L
1168 4114 1515 4185 interptando
1568 4115 1618 4169 G
1784 4117 1849 4171 16
1905 4117 2168 4188 sacrilege
2213 4116 2266 4171 L
2437 4118 2510 4173 20
2571 4124 2609 4174 n
2663 4135 2796 4174 svn-.-

499 4204 553 4268 (v
590 4217 710 4269 sup.
748 4202 767 4256 i
806 4220 845 4257 a
879 4222 948 4258 m.
986 4206 1037 4270 1)
1080 4204 1129 4258 G
1302 4205 1371 4259 22
1410 4206 1716 4277 ueritatem]
1757 4206 2082 4278 sapientiam
2117 4205 2184 4262 ,5¹1
2367 4207 2437 4261 25
2475 4206 2702 4278 egrotus
2741 4208 2796 4263 L

496 4290 565 4343 26
636 4290 1005 4359 rephendatur
1072 4292 1120 4345 C
1337 4293 1404 4347 27
1480 4298 1670 4364 egroto
1735 4296 1788 4349 L
2003 4296 2121 4366 egri
2184 4296 2237 4349 L
2463 4296 2533 4352 28
2609 4298 2794 4369 sepul·

498 4377 621 4432 chro
659 4378 839 4433 LMG-

2843 1650 2905 1687 1⁰

2841 2178 2902 2217 15

2839 3244 2894 3282 25
