3159 4984
1084 457 1214 512 1111.
1271 458 1564 513 Contra
1617 456 2125 511 Adimantum.
2576 460 2701 521 183

415 653 790 729 necessaria,
857 658 931 717 ut
985 654 1176 717 etiam
1233 654 1309 717 de
1367 654 1580 719 uiduis
1636 653 2027 739 praeceperit
2082 653 2334 717 dicens:
2404 652 2464 716 si
2531 650 2705 734 quis

415 759 681 825 fidelis
730 760 958 825 habet
1002 761 1295 837 uiduaS,
1347 761 1839 826 sufficienter
1885 760 2177 823 tribuat
2211 757 2397 835 illis,
2436 760 2521 820 ut
2556 775 2697 821 non

416 869 783 949 grauetur
827 868 1176 944 ecclesia,
1227 887 1370 949 quo
1426 866 1635 932 ueris
1691 866 1952 931 uiduis
2010 866 2377 931 sufficere
2432 862 2701 947 possit.

415 970 528 1035 sed
564 974 776 1035 tamen
814 972 977 1036 illud
1023 972 1100 1037 de
1135 972 1399 1039 formica
1432 973 1526 1037 ita
1555 973 1843 1056 positum
1882 976 2000 1050 est,
2039 976 2134 1050 ut,
2172 967 2706 1054 quemadmodum

351 1112 377 1149 s
413 1075 526 1140 illa
587 1080 828 1141 aestate
896 1077 1146 1162 colligit
1207 1077 1374 1143 unde
1437 1078 1647 1142 hieme
1710 1081 2035 1162 pascatur,
2103 1078 2196 1143 sic
2259 1076 2703 1159 unusquisque

415 1180 796 1248 christianus
858 1183 923 1248 in
989 1203 1198 1248 rerum
1263 1184 1754 1267 tranquillitate,
1829 1203 2019 1266 quam
2084 1183 2404 1267 significat
2466 1186 2703 1257 aestaS,

416 1292 680 1376 colligat
719 1294 990 1359 uerbum
1037 1294 1157 1374 dei,
1207 1298 1279 1360 ut
1322 1294 1387 1359 in
1435 1295 1821 1359 aduersitate
1862 1300 1924 1359 et
1960 1293 2501 1371 tribulationibus,
2540 1309 2703 1374 quae

417 1398 642 1464 hiemis
705 1400 958 1467 nomine
1025 1402 1480 1487 significant-ur,
1546 1402 1779 1467 habeat
1840 1402 2006 1467 unde
2073 1400 2442 1485 spiritaliter
2495 1397 2701 1463 uiuat.

418 1522 538 1567 non
587 1506 758 1570 enim
802 1506 868 1571 in
913 1526 1074 1590 pane
1123 1507 1260 1573 solo
1306 1507 1476 1571 uiuit
1519 1508 1730 1588 h0m0‚
1790 1508 1901 1573 sed
1954 1508 2019 1572 in
2078 1507 2249 1573 omni
2311 1504 2505 1570 uerbo
2572 1500 2699 1567 dei.

330 1644 384 1683 ιο
419 1610 476 1675 si
521 1617 735 1677 autem
781 1614 902 1680 hoc
949 1633 1058 1679 eos
1103 1618 1344 1694 mouet,
1393 1615 1562 1698 quod
1608 1617 1675 1679 in
1722 1619 1889 1679 terra
1943 1613 2159 1681 condit
2211 1612 2473 1679 formica
2529 1608 2699 1692 quod

419 1719 683 1802 colligit,
731 1720 1084 1785 irascantur
1131 1721 1320 1785 etiam
1366 1720 1464 1785 illi
1509 1721 1829 1800 thesauro,
1878 1740 2066 1804 quem
2116 1718 2409 1785 dominus
2446 1717 2509 1781 in
2548 1736 2697 1801 agro

419 1824 572 1887 dicit
615 1825 970 1891 inuentum.

507 1938 610 2001 25.
651 1938 747 2001 De
795 1958 889 2015 eo,
939 1939 1109 2022 quod
1156 1940 1464 2023 scriptum
1509 1944 1611 2005 est
1654 1940 1718 2004 in
1768 1939 1969 2005 Osee:
2019 1940 2107 2004 da
2150 1937 2315 2003 illis
2363 1939 2701 2000 uentrem

417 2060 736 2108 uacuum
787 2048 860 2109 et
905 2045 1136 2110 ubera
1180 2046 1416 2125 arida3
1467 2047 1853 2113 mortifica
1890 2065 2139 2112 semen
2179 2043 2471 2111 uentris
2508 2043 2701 2126 ipso-

329 2183 381 2221 15
416 2167 604 2227 rum,
671 2170 758 2215 ne
819 2152 1140 2235 pariant.
1217 2156 1282 2217 et
1345 2154 1502 2219 haec
1563 2154 1935 2239 prophetica
2004 2152 2243 2220 locutio
2318 2155 2418 2217 est
2480 2150 2703 2232 utique

417 2256 706 2341 figurata.
737 2278 882 2325 nam
921 2264 988 2325 et
1021 2264 1310 2325 uentrem
1347 2281 1469 2326 non
1511 2282 1805 2327 carneum
1841 2262 2227 2346 intellegunt
2253 2260 2317 2324 in
2348 2255 2703 2341 euangelio,

419 2380 562 2428 cum
611 2366 870 2451 legunt:
917 2368 1238 2432 flumina
1275 2388 1506 2451 aquae
1545 2370 1767 2433 uiuae
1805 2369 2055 2433 fluent
2092 2367 2177 2432 de
2216 2368 2477 2431 uentre
2516 2361 2700 2427 eius.

419 2484 485 2537 et
527 2474 723 2537 ubera
768 2474 1078 2556 quaedam
1122 2473 1398 2539 habebat
1435 2477 1786 2559 apostolus,
1827 2496 1971 2539 cum
2010 2476 2283 2543 diceret:
2335 2477 2453 2541 lac
2489 2473 2702 2539 uobis

417 2584 676 2663 potum
725 2580 916 2655 dedi,
956 2599 1096 2645 non
1137 2599 1382 2646 escam
1419 2586 1488 2647 et
1520 2583 1793 2649 iterum:
1840 2584 2094 2649 factus
2134 2604 2297 2649 sum
2330 2582 2701 2668 paruulus

329 2686 490 2752 suin
556 2687 801 2752 medio
867 2691 1227 2767 uestrum,
1293 2691 1671 2774 tamquam
1737 2692 1800 2756 si
1856 2691 2108 2756 nutrix
2162 2691 2431 2757 fouens
2487 2688 2703 2753 filios

419 2811 618 2859 suos.
657 2796 722 2857 et
760 2794 1022 2860 Galatas
1060 2794 1140 2859 ad
1175 2797 1449 2861 carnalia
1483 2797 1873 2863 declinantes
1907 2800 2141 2863 iterum
2176 2797 2466 2882 parturit,
2504 2796 2705 2861 donec

421 2900 712 2965 Christus
756 2902 821 2965 in
869 2901 962 2967 eis
1007 2901 1331 2967 formetur.
1399 2906 1464 2969 et
1505 2904 1651 2969 ideo
1698 2904 1846 2969 huic
1890 2905 2294 2989 propheticae
2352 2902 2701 2969 sententiae

419 3026 542 3072 non
587 3012 919 3093 repugnat,
968 3010 1139 3092 quod
1179 3010 1560 3076 Adimantus
1606 3012 1827 3094 posuit
1871 3031 1941 3076 ex
1990 3011 2343 3095 euangelio,
2400 3010 2571 3094 quod
2624 3010 2697 3073 in

420 3116 990 3181 resurrectione
1047 3134 1085 3179 a
1135 3118 1462 3182 mortuis
1517 3137 1755 3200 neque
1812 3119 2095 3183 nubent
2148 3136 2385 3200 neque
2432 3136 2701 3182 uxores

331 3254 382 3294 ῃ
427 3221 709 3287 ducent
755 3241 994 3304 neque
1042 3222 1478 3301 morientur,
1529 3224 1659 3289 sed
1708 3230 1883 3289 sunt
1926 3228 2010 3288 ut
2056 3225 2305 3309 angeli
2354 3224 2489 3289 dei.
2555 3242 2701 3288 nam

421 3330 540 3394 hoc
605 3332 704 3393 est
765 3328 988 3411 utique
1054 3328 1226 3412 quod
1289 3330 1612 3413 accipiunt
1674 3333 1865 3395 etiam
1931 3332 2263 3414 spadoneS,
2328 3330 2405 3395 de
2470 3330 2701 3413 quibus

566 3550 592 3603 1
634 3551 660 3603 1
699 3548 836 3602 Tim.
875 3550 926 3614 5,
968 3549 1034 3604 16
1180 3550 1214 3603 9
1248 3549 1414 3604 Deut.
1453 3548 1504 3614 8,
1541 3550 1611 3613 3;
1648 3549 1849 3603 Matth.
1876 3550 1928 3617 4,
1955 3552 1993 3604 4
2104 3548 2168 3603 12
2198 3548 2263 3601 cf.
2292 3548 2491 3603 Matth.
2525 3548 2608 3612 13,
2638 3548 2710 3603 44

424 3637 487 3692 13
546 3637 685 3693 Osee
741 3638 790 3702 9,
853 3640 916 3691 14
1031 3638 1092 3691 17
1150 3638 1267 3693 loh.
1325 3639 1374 3703 7,
1431 3638 1498 3692 3&
1635 3640 1697 3692 18
1734 3638 1761 3692 1
1800 3638 1920 3694 Cor.
1958 3638 2009 3705 3,
2048 3640 2095 3693 2.
2192 3639 2259 3692 19
2297 3639 2322 3692 1
2360 3638 2547 3691 Thess.
2585 3637 2637 3701 2,
2676 3636 2707 3689 7

421 3726 490 3780 22
529 3726 594 3781 cs.
633 3724 753 3781 Gal.
789 3728 842 3793 4,
882 3728 948 3783 19
1057 3730 1125 3782 23
1161 3727 1358 3782 Matth.
1399 3728 1485 3794 22,
1525 3728 1595 3781 30

490 3879 523 3932 2
579 3883 641 3934 ut
697 3880 786 3945 (in
838 3898 1008 3954 marg.
1065 3884 1273 3953 adeor.)
1312 3882 1365 3935 P
1501 3888 1536 3939 4
1593 3886 1693 3957 ita]
1742 3886 1823 3941 ita
1868 3890 1939 3953 (s.
1989 3888 2054 3956 l.)
2092 3888 2147 3941 P
2181 3887 2261 3941 sic
2297 3882 2396 3936 SV
2543 3890 2576 3941 5
2614 3887 2712 3941 illa

1434 3957 1566 3992 hieme

417 3996 632 4101 colligit
691 3996 836 4051 unde
901 4002 1076 4069 estate
1141 4006 1394 4070 pascatur
1463 4003 1540 4057 sic
1602 4002 1661 4057 P
1808 4004 1864 4059 in
1901 4002 2079 4058 hieme
2126 4002 2161 4057 b
2342 4003 2372 4055 7
2418 4002 2473 4056 in
2518 4018 2623 4058 om.
2668 4002 2715 4057 0

418 4111 452 4165 8
505 4113 662 4168 iemis
714 4113 769 4167 P
910 4118 974 4172 11
1013 4118 1147 4172 dicit
1183 4118 1239 4171 in
1277 4134 1407 4188 agro
1455 4118 1509 4173 V
1615 4119 1681 4173 13
1720 4137 1843 4192 osee
1880 4122 1935 4175 P
2051 4121 2116 4175 15
2155 4120 2519 4191 et—flgurata
2556 4122 2711 4187 (unc-

415 4208 644 4275 rubrio.)
681 4210 736 4262 P
925 4207 1174 4279 loquutio
1213 4210 1266 4263 P
1413 4211 1478 4265 16
1514 4210 1851 4281 prefigurata
1891 4210 1949 4265 P
2142 4226 2354 4265 carnem
2416 4208 2467 4263 G
2524 4224 2708 4264 carne-

417 4298 776 4367 umlegnntP
883 4298 950 4354 19
977 4299 1232 4369 paruolus
1264 4303 1316 4367 (o
1346 4316 1483 4356 corr.
1511 4316 1578 4355 a
1604 4308 1661 4369 u)
1682 4300 1739 4354 P
1842 4300 1910 4353 21
1942 4298 2013 4365 sd
2043 4298 2294 4369 galathas
2315 4298 2632 4369 Pgalathas
2662 4296 2717 4353 V

419 4388 488 4441 22
525 4389 837 4460 prophetice
877 4386 1146 4442 sententie
1193 4387 1247 4442 V
1349 4388 1418 4443 25
1455 4390 1758 4443 moriuntur
1800 4388 1877 4444 Cb
2024 4392 2087 4443 ut
2125 4390 2193 4455 (ε.
2233 4388 2295 4456 1.)
2338 4390 2409 4441 11²
