3159 4984
560 437 689 499 382
1250 435 1301 487 S.
1360 433 1636 487 Aureli
1693 433 2119 502 Augustini
2201 442 2206 445 '

557 628 634 693 de
680 629 793 693 illo
842 630 1114 696 credam.
1174 632 1238 694 et
1292 630 1384 695 eis
1438 631 1576 713 ipse
1636 633 1904 695 conatur
1951 608 2104 694 'dare
2169 630 2637 705 auctoritatem,
2704 648 2854 695 cum

560 754 677 819 ego
726 736 851 819 ipsi
897 755 1019 801 non
1070 736 1373 802 credam?

644 844 705 907 5.
774 842 843 908 Si
889 847 1103 908 autem
1149 843 1356 907 famae
1405 842 1481 906 de
1530 840 1782 907 Christo
1841 841 2198 907 credidistis
2246 880 2333 892 -
2379 844 2500 909 hoc
2558 844 2727 909 enirn
2785 848 2852 909 et

555 949 833 1015 Faustus
898 952 1145 1035 magnis
1209 950 1525 1035 angustiis
1593 952 1912 1015 coartatus
1975 954 2376 1016 transeunter
2439 950 2703 1035 adtigit,
2770 972 2848 1017 ne

556 1056 807 1122 scilicet
850 1061 962 1122 aut
1017 1076 1125 1122 eos
1173 1058 1375 1122 libros
1431 1056 1708 1140 proferre
1763 1060 2113 1141 cogeretur,
2171 1078 2439 1140 quorum
2497 1058 2844 1123 auctoritas
2911 1076 2944 1115 ι

554 1165 733 1228 nulla
778 1168 895 1239 est,
943 1166 1057 1228 aut
1100 1164 1181 1229 ad
1229 1183 1336 1229 eos
1375 1164 1702 1248 ligaretur,
1742 1182 2012 1247 quorum
2051 1164 2396 1229 auctoritas
2436 1164 2495 1229 ei
2533 1166 2848 1230 contraria

555 1275 654 1337 est
706 1308 799 1319 -
853 1290 1000 1355 ergo
1060 1271 1115 1335 si
1175 1271 1250 1335 de
1308 1270 1560 1337 Christo
1627 1270 1832 1335 famae
1899 1270 2279 1347 credidisti8‚
2347 1270 2563 1337 uidete
2633 1276 2848 1337 utrum

552 1377 775 1443 idonea
822 1378 1009 1443 testis
1058 1379 1161 1453 sit,
1212 1377 1549 1460 diligenter
1598 1376 2012 1442 considerate.
2053 1396 2176 1459 quo
2223 1397 2344 1443 uos
2390 1379 2845 1462 praecipitetis.

552 1487 721 1550 mala
786 1486 950 1550 enim
1015 1485 1219 1549 multa
1284 1484 1359 1548 de
1424 1484 1611 1549 uobis
1670 1484 1840 1548 fama
1892 1483 2286 1559 disseminat
2345 1486 2451 1550 cui
2499 1486 2672 1550 credi
2719 1506 2845 1551 non

551 1594 773 1657 uultis.
842 1612 1000 1675 quae
1047 1592 1248 1675 igitur
1290 1592 1449 1656 ratio
1499 1595 1600 1657 est
1643 1591 1808 1656 hanc
1863 1591 1940 1655 de
1989 1590 2242 1657 Christo
2297 1592 2470 1656 uelle
2525 1611 2844 1661 ueracem.
2887 1609 2940 1647 ιθ

553 1721 741 1783 quam
808 1701 884 1764 de
949 1700 1135 1764 uobis
1199 1699 1401 1763 uultis
1469 1718 1609 1763 esse
1675 1697 2097 1763 mendacem}>
2163 1697 2368 1781 quid?
2425 1700 2595 1781 quod
2653 1700 2844 1765 etiam

552 1809 755 1873 famae
787 1806 1022 1873 Christi
1060 1804 1511 1871 contradicitis.
1552 1824 1628 1869 ea
1665 1805 1895 1889 quippe
1933 1806 2178 1876 clarior,
2220 1824 2296 1870 ea
2329 1806 2845 1889 praepollentior.

554 1934 736 1979 aures
764 1918 831 1979 et
856 1918 1101 1985 mentes
1132 1917 1198 1977 et
1222 1913 1475 1996 linguas
1509 1912 1794 1978 omnium
1833 1912 2120 1995 gentium
2156 1915 2352 1985 tenet,
2393 1932 2556 1997 quae
2589 1912 2843 1979 Christo

554 2041 626 2086 ex
681 2023 920 2087 semine
977 2020 1186 2085 Dauid
1244 2019 1594 2083 secundum
1651 2018 1994 2101 scripturas
2049 2019 2372 2084 Hebraeas
2430 2020 2842 2085 disseminato

552 2116 771 2211 inplet,
820 2126 988 2209 quod
1032 2126 1124 2191 ibi
1172 2125 1479 2207 scriptum
1528 2128 1627 2189 est
1671 2126 2054 2207 promissum
2101 2125 2390 2190 Abrahae
2439 2129 2506 2190 et
2551 2126 2735 2191 Isaac
2783 2132 2847 2190 et
2885 2142 2936 2181 ιτ»

552 2235 763 2299 Iacob.
812 2234 882 2297 in
932 2234 1217 2298 semine
1263 2236 1393 2297 tuo
1440 2232 1990 2296 benedicentur
2036 2252 2292 2297 omnes
2341 2236 2632 2317 gentes.
2694 2235 2846 2318 quid

554 2361 702 2425 ergo
748 2340 1161 2424 respondem,
1212 2340 1462 2405 cuinam
1510 2340 1587 2405 de
1628 2340 1877 2406 Christo
1919 2341 2330 2419 credideritne,
2371 2340 2604 2423 quibus
2641 2345 2844 2407 testes

552 2448 939 2532 alienigenae
988 2466 1110 2513 non
1156 2448 1459 2530 placent?
1506 2450 1868 2513 nostrorum
1905 2468 2089 2531 porro
2137 2449 2444 2515 librorum
2495 2449 2842 2514 auctoritas

551 2560 650 2621 tot
695 2554 982 2639 gentium
1022 2554 1436 2620 consensione
1473 2572 1586 2636 per
1623 2555 2063 2619 successiones
2103 2556 2560 2638 apostolorum,
2603 2556 2843 2638 episco-

549 2682 775 2747 porum
824 2660 1359 2742 conciliorumque
1404 2660 1697 2724 roborata
1741 2661 1926 2725 uobis
1976 2662 2244 2727 aduersa
2289 2666 2425 2738 est;
2483 2666 2840 2727 uestrorum
2878 2674 2930 2714 ²⁰

551 2772 763 2833 autem
829 2768 1005 2832 nulla
1070 2770 1188 2841 est‚
1255 2766 1403 2848 quia
1449 2768 1514 2830 et
1568 2785 1606 2829 a
1659 2769 1792 2830 tam
1846 2769 2068 2850 paucis
2127 2768 2444 2851 profertur
2490 2772 2557 2833 et
2603 2769 2680 2832 ab
2731 2768 2840 2842 eis,

552 2877 659 2958 qui
708 2876 897 2940 deum
946 2878 1009 2939 et
1057 2873 1376 2939 Christum
1427 2874 1798 2938 mendacem
1845 2875 2082 2941 colunt.
2142 2874 2310 2939 unde
2360 2877 2582 2940 contra
2628 2894 2844 2940 eorum

550 2983 919 3049 mendacem
968 2982 1317 3046 doctrinam
1364 2980 1455 3053 fit,
1514 2981 1640 3044 nisi
1688 2985 1753 3045 et
1797 2982 1921 3064 ipsi
1966 2985 2294 3064 tamquam
2342 2981 2696 3047 imitatores
2746 2982 2845 3045 dei

552 3093 617 3153 et
664 3088 899 3154 Christi
946 3089 1050 3152 sui
1096 3088 1431 3153 mendaces
1480 3090 1849 3154 habeantur.
1895 3089 2067 3154 fama
2102 3109 2254 3155 uero
2295 3090 2486 3154 etiam
2523 3090 2666 3172 ipsa
2703 3107 2843 3153 con-

552 3198 723 3261 sulta
788 3200 852 3259 et
915 3215 1031 3261 uos
1093 3195 1407 3279 pessimos
1462 3196 1659 3260 iactat
1715 3199 1781 3260 et
1836 3195 2162 3261 Christum
2221 3217 2292 3261 ex
2349 3196 2590 3261 semine
2635 3195 2843 3261 Dauid
2877 3204 2929 3244 2⁵

552 3306 769 3368 contra
813 3321 931 3367 uos
977 3302 1337 3384 praedicare
1386 3322 1509 3367 non
1558 3306 1788 3369 cessat.
1855 3323 2082 3369 uocem
2127 3305 2326 3387 patris
2375 3304 2450 3367 de
2499 3303 2673 3368 caelo
2720 3322 2842 3367 non

552 3408 842 3485 audistiS‚
892 3426 1080 3491 opera
1127 3406 1383 3487 Christi,
1434 3409 1668 3491 quibus
1727 3409 1802 3473 de
1859 3428 1928 3474 se
1981 3410 2122 3492 ipso
2177 3410 2661 3487 testificabatur,
2717 3427 2840 3472 non

548 3513 844 3588 uidistis;
896 3513 1166 3589 codices9
1213 3512 1279 3577 in
1326 3514 1557 3596 quibus
1606 3516 1764 3578 haec
1813 3514 2048 3597 scripta
2093 3518 2264 3592 sunt,
2302 3518 2378 3578 ut
2425 3515 2634 3606 specie
2685 3514 2840 3579 chri-

729 3705 795 3758 16
835 3702 967 3762 Gen.
1007 3704 1094 3770 22,
1135 3704 1235 3768 18;
1276 3705 1361 3769 26,
1400 3707 1469 3768 4;
1508 3706 1594 3770 28,
1636 3707 1705 3758 14
1815 3706 1883 3757 27
1923 3704 1990 3759 cf.
2027 3706 2225 3760 Matth.
2265 3706 2316 3771 3,
2357 3706 2458 3771 173
2500 3706 2583 3772 17,
2623 3706 2656 3759 5

620 3828 651 3882 3
690 3829 837 3882 fama
873 3828 905 3881 b
1032 3830 1067 3881 4
1103 3830 1314 3898 magnis
1355 3829 1399 3895 §c
1437 3828 1483 3883 S
1514 3831 1729 3899 magnis
1769 3833 1824 3883 et
1865 3828 1918 3883 G
2063 3830 2295 3899 attingit
2321 3829 2445 3883 L¹S
2570 3831 2600 3882 7
2639 3830 2783 3883 fama
2809 3828 2840 3880 b

548 3918 580 3971 9
620 3916 834 3972 credere
872 3916 905 3970 b
1089 3917 1155 3971 13
1196 3934 1333 3987 quae
1370 3934 1472 3972 om.
1510 3917 1585 3969 L*
1628 3918 1712 3985 (in
1745 3933 1916 3988 mam-9.
1953 3936 2022 3971 m.
2063 3922 2104 3972 2
2139 3922 2266 3987 qua)
2429 3919 2494 3970 14
2531 3916 2758 3987 hebi-eas
2800 3914 2846 3969 0

546 4006 919 4061 disseminatio
980 4005 1137 4060 &Mb
1202 4006 1574 4076 disseminatio
1628 4005 1677 4061 S
1799 4006 1867 4060 15
1905 4007 2100 4077 implet
2163 4005 2216 4059 L
2345 4007 2411 4060 18
2458 4006 2764 4075 alienigene
2801 4003 2848 4058 S

546 4095 611 4146 21
654 4094 781 4163 quia
819 4094 869 4164 (a
906 4110 949 4148 s.
991 4093 1047 4163 l.)
1078 4092 1176 4149 Sc*
1360 4096 1449 4147 eta
1484 4096 1596 4147 tam
1627 4094 1784 4165 (corr.
1815 4110 1880 4149 ex
1907 4098 2166 4161 aetatem)
2205 4094 2303 4149 GP
2468 4094 2554 4148 his
2581 4092 2841 4149 Lscfflb

546 4182 615 4236 23
663 4182 975 4237 mendacem
1026 4199 1128 4236 om.
1182 4182 1229 4235 Ο
1404 4183 1473 4236 25
1522 4187 1579 4236 et
1623 4190 1746 4253 xpm
1797 4184 1876 4250 (et
1917 4184 1982 4237 ὐη
2022 4196 2158 4248 ras.)
2197 4183 2244 4237 S
2383 4182 2589 4237 semine
2635 4188 2690 4248 (e
2722 4182 2842 4236 ini

545 4273 701 4338 corr.)
742 4270 794 4323 L
920 4270 988 4323 26
1026 4269 1299 4339 predicare
1346 4269 1393 4323 0
1532 4270 1648 4325 celo
1695 4270 1742 4324 0
1859 4272 1926 4324 27
1965 4270 2170 4325 auditis
2211 4270 2456 4325 SGMI)
2607 4287 2842 4342 opera—

544 4358 763 4413 uidistis
804 4360 891 4426 (in
925 4374 1097 4424 mara.
1137 4358 1268 4411 add.
1309 4375 1378 4413 m.
1416 4362 1467 4425 1)
1514 4358 1561 4413 Ο
1703 4359 1769 4414 dc
1808 4364 1878 4423 (s,
1919 4360 1981 4424 l.)
2028 4358 2075 4413 0
