3159 4984
479 429 610 490 664
1181 429 1232 478 S.
1291 425 1557 478 Aureli
1622 425 2054 493 Augustini

477 621 688 685 helem
759 625 1113 704 correptuS,
1182 641 1328 686 cum
1395 621 1632 686 diceret
1698 621 1891 686 etiam
1954 623 2091 706 ipse
2164 622 2585 706 „peccaui,“
2658 645 2791 690 non

477 728 711 792 meruit
758 727 995 806 audire,
1038 729 1204 810 quod
1243 727 1472 805 Dauid,
1513 727 1684 809 quod
1730 727 1787 792 ei
1836 728 2131 794 dominus
2177 729 2583 814 ignouisset?
2629 751 2793 795 num

477 855 888 918 personarum
927 837 1208 920 acceptio
1251 837 1349 901 est
1385 836 1555 920 apud
1592 835 1832 900 deum?
1881 836 2068 901 absit.
2117 837 2231 901 sed
2264 837 2329 901 in
2370 836 2567 901 simili
2602 857 2793 910 uoce,

480 960 669 1023 quam
717 961 942 1006 sensus
1005 943 1325 1007 humanus
1390 940 1707 1018 audiebat,
1775 940 2085 1006 dissimile
2136 945 2363 1025 pectus
2414 945 2567 1020 erat,
2615 944 2793 1026 quod

481 1048 736 1112 diuinus
805 1049 1032 1114 oculus
1099 1048 1515 1114 discernebat.
1594 1048 1744 1132 quid
1808 1048 2047 1112 talibus
2116 1047 2416 1114 docemur
2478 1050 2794 1134 exemplis
2867 1072 2899 1110 ε,

479 1154 602 1218 nisi
666 1174 935 1238 regnum
1002 1157 1322 1220 caelorum
1386 1155 1552 1221 intra
1613 1174 1730 1220 nos
1798 1174 1939 1220 esse
1998 1163 2063 1220 et
2119 1155 2196 1220 de
2251 1155 2495 1220 intimis
2549 1157 2795 1221 nostris

481 1261 670 1324 deum
721 1263 925 1326 colere
972 1281 1087 1326 nos
1138 1262 1386 1340 debere,
1433 1265 1508 1326 ut
1554 1281 1625 1326 ex
1675 1262 2061 1327 abundantia
2108 1262 2316 1327 cordis
2355 1282 2427 1328 os
2463 1263 2797 1346 loquatur,

481 1387 605 1432 non
655 1371 868 1433 autem
915 1371 990 1432 ut
1033 1369 1310 1452 populus
1356 1368 1545 1432 labiis
1596 1387 1741 1432 eum
1788 1369 2075 1446 honoret,
2134 1388 2241 1434 cor
2295 1381 2509 1434 autem
2566 1389 2797 1434 eorum

480 1475 669 1558 longe
719 1475 804 1539 sit
851 1475 927 1538 ab
969 1495 1062 1554 eo,
1113 1494 1318 1557 neque
1354 1475 1635 1540 iudicare
1675 1476 1858 1539 aliter
1894 1476 2243 1541 audeamus
2282 1476 2359 1540 de
2396 1476 2798 1541 hominibus

483 1601 756 1664 quorum
801 1581 1360 1647 interiorauidere
1408 1602 1533 1647 non
1590 1601 1959 1665 possumus,
2018 1602 2209 1665 quam
2264 1583 2442 1662 deus,
2502 1583 2609 1665 qui
2666 1583 2802 1646 hoc
2842 1603 2901 1642 ιο

483 1691 699 1770 potest
747 1692 811 1752 et
857 1687 993 1751 falli
1039 1691 1153 1752 aut
1199 1688 1514 1771 corrumpi
1560 1709 1686 1753 non
1732 1692 1967 1772 potest,
2008 1690 2190 1754 cuius
2239 1688 2799 1754 euidentissimam

483 1793 857 1860 sententiam
929 1794 1006 1858 de
1059 1794 1271 1859 Dauid
1336 1814 1481 1858 cum
1548 1794 1801 1858 diuinae
1866 1795 2213 1877 scripturae
2280 1795 2599 1860 contineat
2656 1797 2803 1858 tam

487 1901 780 1966 sublimis
847 1902 1214 1980 auctoritaS,
1279 1902 1556 1965 multum
1615 1900 1878 1966 ridenda
1933 1902 2039 1965 uel
2091 1902 2307 1984 potius
2363 1901 2635 1966 dolenda
2692 1905 2801 1964 est

485 2009 666 2072 aliter
715 2008 992 2073 sentiens
1037 2008 1317 2072 humana
1351 2007 1730 2072 temeritas?
1779 2007 1870 2073 eis
1919 2007 2151 2090 quippe
2200 2007 2434 2072 diuinis
2480 2008 2661 2072 libris
2716 2010 2803 2073 de

485 2114 762 2197 antiquis
809 2114 965 2178 uiris
1017 2114 1396 2178 credendum
1447 2117 1564 2192 est,
1616 2114 1724 2196 qui
1778 2117 1910 2178 tam
1964 2115 2153 2198 longe
2207 2114 2423 2179 futura
2479 2114 2799 2182 dixerunt.
2850 2133 2909 2173 1⁵

447 2275 451 2278 .
486 2238 646 2302 quae
693 2220 1050 2303 praesentia
1093 2239 1261 2286 nunc
1306 2221 1623 2286 uidentur.

761 2324 926 2406 Quid
993 2326 1167 2391 aliud
1232 2327 1294 2391 in
1363 2327 1696 2411 euangelio
1764 2293 2100 2406 discimus,
2168 2348 2313 2394 cum
2382 2329 2601 2395 eadem
2666 2349 2805 2396 uox

484 2328 682 2498 PetrSi
705 2433 962 2497 auditur
1008 2433 1366 2498 confitentis
1408 2433 1734 2498 Christum
1781 2433 1985 2498 filium
2034 2433 2155 2512 dei,
2198 2453 2357 2516 quae
2407 2435 2597 2498 etiam
2645 2435 2802 2501 dae-

487 2540 842 2606 moniorum
890 2540 1065 2622 paria
1129 2541 1342 2620 uerba,
1393 2540 1506 2627 sed
1550 2541 1740 2625 longe
1793 2540 1996 2624 inpari
2057 2541 2243 2607 corde
2303 2542 2801 2608 emittentium?

481 2647 745 2730 proinde
792 2647 856 2713 in
906 2647 1102 2711 simili
1149 2666 1307 2712 uoce
1354 2647 1512 2712 fides
1559 2648 1737 2713 Petri
1788 2648 2106 2721 laudatur,
2167 2649 2641 2714 daemoniorum
2696 2651 2797 2714 in·
2848 2667 2914 2708 κο

483 2753 795 2818 munditia
833 2754 1182 2818 cohibetur.
1253 2773 1289 2818 a
1335 2774 1481 2837 quo,
1541 2755 1664 2820 nisi
1703 2756 1780 2820 ab
1818 2755 1953 2834 illo,
1995 2755 2103 2836 qui
2140 2745 2263 2820 non
2304 2775 2451 2821 aure
2490 2757 2799 2824 humana.

485 2861 598 2924 sed
658 2861 874 2925 diuina
928 2863 1140 2926 mente
1195 2860 1439 2926 radices
1495 2860 1777 2928 internas
1833 2880 2068 2927 uocum
2125 2862 2376 2927 illarum
2433 2867 2654 2928 nosset
2700 2865 2797 2928 in-

487 2969 728 3052 spicere
779 2973 844 3034 et
889 2968 1025 3033 sine
1075 2969 1205 3033 ulla
1250 2969 1530 3033 falsitate
1579 2969 1933 3035 discernere
1956 2974 1987 3034 ⁶?
2037 2989 2225 3055 quam
2271 2971 2461 3034 multi
2509 2971 2675 3035 enim
2731 2976 2799 3036 et

487 3075 595 3139 alii
661 3075 948 3140 homines
1017 3074 1237 3139 dicunt
1321 3073 1647 3140 Christum
1730 3076 1930 3141 filium
2020 3077 2121 3142 dei
2187 3077 2323 3143 uiui
2396 3095 2512 3142 nec
2574 3080 2797 3142 tamen

483 3181 680 3260 Petri,
705 3182 949 3246 meritis
1017 3185 1452 3265 conparantur,
1505 3202 1630 3247 non
1680 3183 1890 3248 solum
1936 3183 2053 3260 illi,
2094 3185 2202 3267 qui
2249 3183 2477 3247 dicturi
2525 3187 2677 3248 sunt
2724 3184 2793 3248 in
2840 3198 2905 3238 8³

484 3287 596 3352 illo
657 3287 796 3352 die:
864 3287 1191 3367 domine,
1259 3289 1551 3355 domine
1619 3292 1684 3354 et
1748 3289 2061 3355 audituri:
2129 3291 2505 3356 discedite
2562 3309 2599 3354 a
2652 3311 2792 3358 me.

495 3394 609 3458 sed
657 3393 848 3458 etiam
895 3395 1012 3470 illi,
1063 3395 1172 3478 qui
1219 3395 1727 3479 segregabuntur
1774 3395 1852 3459 ad
1899 3397 2237 3478 dexteram,
2275 3398 2341 3461 in
2380 3397 2611 3479 quibus
2648 3400 2796 3481 plu·

666 3560 695 3612 1
733 3559 762 3612 1
798 3559 933 3630 Reg.
973 3561 1058 3624 15,
1097 3560 1166 3614 24
1312 3562 1345 3614 3
1385 3559 1452 3615 cf.
1490 3559 1610 3615 Gal.
1648 3565 1697 3626 2,
1738 3564 1770 3615 6
1925 3562 1959 3615 6
2000 3562 2065 3615 cf.
2104 3562 2232 3616 Luc.
2277 3562 2359 3628 17,
2397 3562 2467 3616 28
2652 3563 2681 3614 7
2722 3566 2795 3616 cf.

487 3646 682 3702 Matth.
722 3648 806 3713 12,
847 3648 916 3702 34
1097 3649 1130 3704 9
1169 3649 1234 3705 cf.
1271 3648 1468 3704 Matth.
1511 3651 1593 3716 15,
1632 3649 1667 3704 8
1824 3651 1891 3704 18
1930 3649 1996 3704 cf.
2034 3650 2232 3704 Matth.
2274 3651 2357 3715 16,
2398 3652 2465 3705 16
2613 3652 2681 3705 19
2722 3653 2797 3705 cf.

486 3736 616 3790 Luc.
651 3736 703 3803 8,
741 3736 811 3791 28
921 3739 994 3792 26-
1023 3737 1220 3792 Matth.
1260 3739 1310 3804 7,
1347 3739 1415 3791 22
1453 3755 1538 3809 sq.
1646 3737 1715 3791 27
1754 3738 1820 3792 cf.
1856 3737 2055 3794 Matth.
2094 3739 2181 3799 25,
2218 3739 2290 3792 33

565 3860 590 3914 1
623 3859 728 3930 ipsi
755 3859 804 3914 G
925 3863 958 3916 2
988 3861 1151 3917 dauid
1184 3862 1296 3930 (uid
1324 3865 1388 3917 in
1412 3865 1550 3930 ras.)
1569 3862 1624 3916 L
1757 3860 2031 3932 numquid
2051 3862 2097 3916 C
2221 3863 2255 3916 5
2284 3863 2594 3918 doceremur
2620 3861 2807 3918 SGM

487 3949 812 4014 doceremur
838 3949 994 4005 L2P³
1101 3952 1132 4004 6
1172 3953 1404 4006 celorum
1449 3953 1495 4007 Ο
1604 3953 1635 4006 7
1675 3952 1850 4006 cordis
1884 3969 1928 4007 ε.
1969 3951 2004 4006 Ζ.
2044 3951 2091 4006 S
2234 3969 2293 4006 os
2332 3955 2474 4022 (sup.
2514 3969 2539 4005 s
2578 3976 2647 3997 fv
2686 3951 2799 4006 del.

483 4053 552 4091 m.
582 4038 711 4108 2)L
819 4039 1074 4110 loquatur
1097 4045 1150 4098 (a
1179 4058 1313 4097 corr.
1346 4058 1410 4096 ex
1437 4041 1480 4108 i)
1516 4041 1585 4108 G,
1615 4042 1669 4112 (a
1692 4057 1816 4111 sup.
1838 4056 1958 4110 exp.
1978 4041 2019 4106 i)
2041 4041 2089 4095 δ’
2191 4041 2225 4095 8
2254 4057 2375 4094 eum
2404 4057 2506 4094 om.
2527 4038 2800 4093 LSGMb

485 4171 570 4222 me
563 4119 728 4224 m(secl
761 4153 923 4209 labiis
963 4157 1230 4226 antemos.)
1277 4157 1325 4212 G
1475 4159 1541 4211 13
1577 4155 1824 4226 ridenda]
1862 4155 2051 4210 rienda
2095 4155 2160 4210 0¹
2318 4156 2382 4208 17
2422 4153 2572 4209 aliud
2614 4154 2665 4208 0
2698 4159 2798 4224 (m

485 4259 589 4296 rec.
624 4259 886 4312 superser.
927 4245 1042 4299 scil.
1083 4262 1242 4315 quam
1282 4245 1387 4300 duo
1428 4262 1629 4316 genera
1666 4245 2085 4313 confessionum)
2228 4245 2295 4298 18
2331 4243 2493 4314 petri]
2532 4243 2705 4314 patris
2746 4245 2799 4308 (s

486 4347 528 4384 ε.
571 4332 605 4384 l.
647 4349 684 4384 a
721 4349 788 4387 m.
828 4334 882 4395 2)
927 4333 976 4386 0
1078 4334 1149 4387 22
1184 4334 1399 4390 interna
1436 4351 1655 4388 succum
1692 4333 1769 4388 12¹
