3159 4984
520 496 652 561 470
1227 494 1279 543 S.
1336 490 1613 543 Aureli
1668 490 2101 559 Augustini

522 688 688 762 dere,
739 706 898 769 quae
937 688 1215 753 Faustus
1266 687 1342 750 de
1379 686 1493 750 illa
1532 686 1846 768 scriptura
1881 684 2227 750 refellenda
2263 685 2369 748 uel
2406 684 2831 767 uituperanda

523 795 854 879 delegerit,
904 797 1076 859 recte
1126 812 1163 857 a
1207 794 1391 859 nobis
1440 793 1727 858 debitum
1777 792 2067 877 exigitur,
2106 795 2184 856 ut
2225 792 2346 856 hoc
2393 791 2606 868 etiam,
2655 789 2830 871 quod

518 901 840 985 praecepit
866 901 1124 984 Moyses
1152 900 1658 965 interficiendum
1699 918 1840 964 esse
1876 898 2250 982 prophetam
2281 898 2419 962 siue
2451 897 2826 981 principem.

521 1008 631 1090 qui
680 1027 788 1073 eos
838 1026 875 1071 a
922 1006 1038 1072 deo
1090 1026 1206 1072 suo
1265 1006 1465 1071 uellet
1520 1011 1806 1071 auertere
1863 1005 2201 1087 aliquodue
2257 1005 2598 1088 infringere
2653 1022 2830 1067 man-

518 1114 830 1191 datorum,
881 1113 1293 1179 ostendamus
1342 1112 1423 1177 ad
1469 1112 1952 1178 custodiendam
1999 1112 2211 1180 fidem,
2253 1110 2513 1194 quaein
2555 1110 2828 1175 ecclesia
2897 1128 2930 1166 ⁵

522 1220 757 1286 Christi
805 1220 1093 1290 discitur.
1142 1220 1476 1303 pertinere.
1542 1219 1884 1283 uidebatur
1937 1219 2171 1302 quippe
2229 1219 2339 1282 ille
2400 1218 2630 1302 spiritu
2685 1236 2826 1299 pro-

518 1326 772 1409 phetico
824 1329 891 1391 et
938 1325 1057 1390 deo
1107 1324 1231 1390 sibi
1284 1326 1583 1407 loquente
1641 1324 1882 1389 multos
1940 1327 2413 1389 exsurrecturos
2469 1322 2826 1387 haereticos

524 1432 917 1497 diuersorum
991 1451 1271 1497 errorum
1336 1430 1678 1516 magistros
1745 1430 2084 1496 aduersum
2152 1430 2503 1496 doctrinam
2569 1429 2829 1502 Christi,

522 1539 633 1621 qui
679 1558 801 1605 non
852 1558 999 1603 eum
1050 1538 1377 1603 Christum
1435 1537 1890 1621 praedicarent,
1949 1537 2059 1619 qui
2113 1556 2305 1601 uerus
2362 1539 2461 1601 est
2509 1536 2826 1602 Christus.

517 1646 627 1709 ille
684 1645 848 1709 enim
912 1662 1105 1709 uerus
1163 1647 1282 1721 est,
1331 1644 1439 1726 qui
1486 1663 1598 1726 per
1651 1643 2037 1727 prophetia8‚
2085 1663 2197 1728 per
2243 1644 2512 1708 eundem
2559 1644 2828 1727 Moysen
2868 1660 2926 1699 ιο

521 1754 893 1833 ceterosque
944 1754 1199 1817 sanctos
1250 1752 1387 1815 eius
1434 1752 1644 1834 gentis
1695 1751 1900 1816 editas
1945 1752 2429 1835 praenuntiatus
2479 1754 2596 1815 est.
2655 1749 2831 1832 quis-

522 1858 665 1941 quis
712 1859 927 1940 itaque
977 1858 1175 1922 alium
1224 1857 1449 1923 docere
1495 1859 1717 1934 uellet,
1763 1858 1978 1941 ipsum
2024 1857 2532 1921 interficiendum
2571 1856 2831 1939 Moyses

521 1963 965 2047 praecipiebat.
1038 1963 1193 2047 quid
1258 1966 1472 2028 autem
1540 1982 1710 2029 nunc
1774 1965 1948 2028 aliud
2014 1964 2147 2047 agit
2207 1963 2427 2047 lingua
2493 1962 2830 2029 catholica.

524 2072 647 2136 nisi
712 2075 786 2135 111
852 2071 1125 2155 spiritali
1190 2070 1403 2154 gladio
1470 2070 1806 2153 utriusque
1861 2070 2230 2135 testamenti
2292 2070 2426 2135 acie
2482 2070 2581 2134 bis
2640 2072 2832 2133 acuto

523 2177 981 2242 interficiantur
1042 2196 1284 2255 01111103,
1352 2177 1462 2259 qui
1517 2196 1633 2243 nos
1692 2196 1726 2241 a
1786 2176 1900 2241 deo
1968 2180 2184 2241 nostro
2249 2177 2481 2241 uolunt
2544 2178 2833 2239 auertere
2873 2194 2928 2233 1⁵

525 2284 866 2366 aliquodue
915 2284 1255 2367 infringere
1303 2284 1801 2351 mandatorum?
1857 2283 2022 2348 inter
2068 2301 2228 2365 quos
2274 2283 2606 2366 praecipue
2654 2281 2830 2346 cadit

522 2389 659 2473 ipse
698 2390 1131 2467 Manichacus,
1174 2409 1319 2455 cum
1370 2390 1509 2455 eius
1560 2410 1730 2456 error
1775 2391 2026 2455 adserta
2068 2390 2234 2474 legis
2273 2392 2341 2455 et
2371 2388 2824 2472 prophetarum

522 2496 791 2561 ueritate
848 2496 1200 2579 perimitur,
1260 2497 1539 2563 uolentis
1595 2518 1711 2563 nos
1768 2499 2052 2563 auertere
2115 2516 2152 2560 a
2217 2496 2334 2561 deo
2399 2498 2637 2573 nostro,
2705 2494 2828 2559 deo

522 2602 841 2669 Abraham
907 2607 971 2668 et
1032 2603 1213 2669 Isaac
1280 2607 1344 2668 et
1406 2603 1620 2683 Iacob,
1688 2624 1879 2687 quem
1935 2604 2227 2671 Christus
2294 2601 2692 2677 conmendat‚
2763 2604 2830 2663 et

522 2708 802 2774 uolentis
870 2709 1207 2795 infringere
1275 2710 1575 2775 mandata
1639 2711 1825 2796 legis,
1885 2711 1951 2775 in
2018 2728 2288 2791 quorum
2355 2708 2546 2773 etiam
2600 2708 2830 2791 figuris
2863 2726 2922 2765 ιο

524 2814 849 2881 Christum
896 2816 1345 2900 prophetatum
1395 2836 1534 2882 esse
1585 2817 2053 2901 cognoscimus.

615 2925 718 2986 26.
786 2922 921 2986 Iam
987 2942 1140 2987 uero
1206 2924 1385 2987 illam
1454 2924 1928 3007 conplexionem
1992 2926 2208 2988 utrum
2276 2910 2827 2988 obtunsissimam.

523 3048 599 3093 an
648 3028 1306 3095 fraudulentissimam
1358 3030 1586 3109 dicam,
1634 3030 1887 3107 110301ος
1957 3034 2092 3095 erat
2149 3030 2316 3095 enim
2361 3029 2602 3094 Fausto
2649 3028 2829 3113 inge·

523 3134 706 3198 nium
755 3184 769 3198 .
820 3134 987 3200 unde
1054 3136 1257 3221 magis
1323 3136 1593 3202 arbitror
1666 3155 1814 3202 eum
1877 3138 2176 3201 nebulam
2237 3136 2472 3201 inicere
2537 3135 2829 3201 uoluisse

521 3239 739 3305 minus
816 3240 1073 3306 adtento
1138 3242 1361 3308 lectori
1429 3262 1618 3325 quam
1684 3262 1808 3308 non
1873 3243 2115 3309 uidisse
2183 3244 2352 3326 quod
2416 3242 2660 3317 dicam;
2739 3242 2834 3305 ait
2869 3256 2926 3297 2⁵

522 3346 726 3413 enim:
794 3346 1066 3429 quodsi
1133 3348 1315 3412 haec
1394 3350 1477 3413 de
1538 3349 1848 3415 Christo
1923 3348 2230 3413 minime
2289 3348 2636 3431 scripsit,
2695 3352 2832 3413 aut

520 3451 677 3516 alia
743 3452 1029 3517 dabitis
1097 3457 1226 3517 aut
1291 3455 1505 3518 nulla
1568 3458 1808 3519 erunt.
1877 3454 2034 3519 haec
2089 3454 2437 3538 propositio
2495 3473 2648 3518 uera
2703 3458 2826 3523 031.

522 3558 638 3623 3οᾶ
686 3576 1079 3641 consequens
1128 3563 1281 3638 erat,
1332 3564 1405 3625 ut
1452 3562 1817 3626 ostenderet
1853 3564 1918 3625 et
1953 3560 2110 3625 haec
2150 3561 2226 3625 de
2267 3560 2521 3627 Christo
2561 3562 2826 3625 minime

521 3665 759 3748 scripta
806 3685 945 3730 esse
995 3669 1061 3729 et
1108 3666 1233 3730 alia
1281 3667 1415 3731 dari
1460 3686 1582 3732 non
1631 3686 1841 3751 posse.
1910 3668 2066 3731 nihil
2115 3670 2326 3732 autem
2375 3668 2602 3733 horum
2649 3667 2827 3735 fecit.

600 3876 634 3927 2
670 3878 815 3928 recte
854 3876 957 3927 inc.
998 3891 1040 3930 0.
1071 3878 1153 3927 25
1181 3875 1243 3926 in
1272 3874 1303 3927 b
1466 3876 1501 3927 5
1526 3874 1788 3928 aecclesia
1815 3874 1872 3945 (h
1901 3878 1994 3943 er.)
2023 3874 2098 3927 M
2120 3875 2274 3929 aeda
2308 3876 2355 3929 Ο
2514 3876 2544 3929 7
2585 3892 2832 3931 exusur·

518 3962 853 4019 recturos'L
1038 3962 1307 4017 hereticos
1346 3961 1552 4017 LGSG
1699 3962 1766 4017 12
1812 3979 1989 4017 moses
2039 3962 2142 4019 SG·
2295 3966 2366 4020 13
2401 3964 2740 4035 precipiebat
2777 3965 2832 4019 L

526 4054 594 4106 14
638 4054 747 4105 nisi
796 4052 863 4119 (si
908 4068 952 4105 s.
1005 4052 1061 4119 l.)
1110 4050 1157 4106 S
1305 4052 1421 4121 acie
1456 4052 1531 4104 M
1681 4050 1764 4105 uis
1801 4052 1890 4105 ΜΙ
2035 4058 2196 4107 acuta
2233 4052 2368 4107 ΜΗ*
2517 4055 2584 4108 15
2619 4056 2832 4123 nostro]

524 4158 621 4195 suo
670 4140 771 4196 SG
953 4142 1017 4194 17
1066 4139 1378 4195 manicheus
1426 4138 1582 4194 SLG'-
1775 4144 1980 4195 asserto
2021 4140 2141 4197 86²
2325 4143 2394 4196 18
2429 4143 2678 4197 uolentes
2713 4142 2831 4196 L¹b

530 4230 599 4283 22
638 4229 1063 4299 conplectionem
1101 4228 1194 4282 Μι
1306 4228 1377 4283 23
1413 4244 1483 4283 au
1523 4232 1573 4297 (τ
1613 4228 1742 4283 add.
1780 4246 1850 4283 m.
1890 4233 1950 4297 2)
1991 4229 2579 4303 fraudolentisllsimam
2621 4232 2676 4297 (0
2707 4248 2828 4299 cap.

529 4320 585 4372 et
622 4336 657 4372 u
693 4333 960 4386 super-scr.
998 4334 1067 4373 m.
1107 4321 1167 4387 2)
1208 4317 1261 4371 L
1429 4318 1572 4372 enim
1612 4319 1701 4385 (in
1734 4321 1877 4386 ras.)
1918 4318 1967 4374 S
2122 4320 2190 4373 25
2231 4318 2379 4375 dicat
2416 4319 2480 4375 δ”
2639 4320 2710 4374 28
2748 4321 2830 4388 ut]

530 4422 589 4458 01·
626 4406 717 4471 LK
759 4408 915 4475 (corr.
955 4406 1017 4459 in
1054 4411 1117 4461 ut
1152 4424 1219 4460 m.
1263 4407 1314 4476 1)
1354 4407 1425 4459 M
1539 4407 1610 4459 29
1647 4406 1809 4478 niihil
1851 4410 1992 4477 (exp.
2031 4426 2100 4461 m.
2141 4412 2200 4465 23
2240 4408 2295 4461 L
