3159 4984
476 450 607 513 544
1178 451 1229 502 S.
1288 451 1560 503 Aureli
1619 453 2052 521 Augustini

474 643 769 721 stultitia,
822 644 1114 710 Christus
1170 665 1283 727 per
1338 648 1539 712 solem
1595 648 1939 732 lunamque
1998 649 2316 717 distentus
2372 652 2478 718 hic
2534 655 2780 719 uirtute

472 750 786 827 habitans,
846 753 951 817 hic
1016 753 1327 835 sapientia
1389 773 1505 819 nec
1569 756 1675 821 hic
1736 757 2060 840 perfectus
2125 763 2193 823 et
2253 760 2484 842 plenus
2549 780 2666 826 nec
2711 762 2776 825 in

471 858 605 921 sole
655 858 907 941 sapiens
944 878 1061 923 nec
1097 860 1161 923 in
1197 860 1353 924 luna
1388 866 1790 946 praepotens,
1829 864 2168 947 utrobique
2205 866 2508 949 pulchros
2543 886 2779 950 pueros

472 964 779 1031 subornat
842 966 1387 1049 concupiscendos
1469 969 1727 1035 feminis
1792 971 2184 1056 principibus
2249 974 2654 1038 tenebrarum
2713 978 2780 1039 et

468 1072 775 1138 masculis
811 1074 1111 1156 puellas?
1158 1076 1317 1141 haec
1360 1078 1600 1162 legitis,
1649 1078 1807 1143 haec
1854 1079 2133 1160 creditis,
2181 1081 2341 1148 haec
2387 1082 2654 1161 docetis,
2704 1102 2781 1149 ex
2851 1102 2886 1139 ⁵

468 1178 587 1242 hac
624 1178 748 1244 fide
788 1180 1199 1265 doctrinaque
1230 1184 1476 1261 uiuitiS,
1512 1188 1577 1251 et
1606 1186 1944 1265 miramini,
1977 1189 2126 1271 quia
2157 1189 2251 1254 sic
2281 1188 2776 1255 abominamini!

559 1287 618 1351 9.
670 1286 909 1351 Uerum
958 1290 1014 1353 si
1060 1277 1121 1353 in
1172 1290 1315 1355 istis
1362 1294 1495 1355 tam
1534 1292 1962 1359 eminentibus
2000 1294 2482 1377 notissimisque
2518 1296 2778 1361 lumini-

467 1393 589 1457 bus
640 1394 732 1458 sic
782 1396 1024 1473 erratiS,
1073 1401 1150 1462 ut
1194 1398 1257 1461 in
1307 1399 1399 1463 eis
1446 1418 1571 1463 non
1622 1401 1792 1482 quod
1838 1404 2009 1480 sunt,
2058 1402 2170 1467 sed
2218 1403 2390 1485 quod
2434 1402 2622 1468 uobis
2671 1403 2780 1467 de-

466 1502 868 1567 mentissime
932 1504 1175 1589 fingitis
1242 1506 1539 1585 adoretis,
1609 1508 1761 1590 quid
1817 1509 1894 1575 de
1953 1510 2180 1577 ceteris
2244 1510 2482 1575 uestris
2535 1510 2778 1575 fabulis

467 1606 727 1673 dicam?
793 1610 935 1693 quis
993 1612 1161 1676 enim
1222 1614 1701 1697 splenditenens
1759 1617 2096 1700 suspendit
2147 1618 2459 1682 mundum
2519 1622 2586 1683 et
2630 1620 2779 1702 quis
2821 1638 2882 1675 ω

464 1714 647 1779 Atlas
678 1733 820 1779 cum
853 1716 965 1782 illo
1006 1720 1393 1803 subportat‘?
1432 1723 1590 1788 haec
1630 1727 1694 1789 et
1729 1724 2235 1801 innumerabilia,
2275 1744 2440 1807 quae
2479 1724 2780 1791 similiter

467 1820 774 1901 deliratis,
835 1826 1090 1891 omnino
1166 1846 1289 1893 non
1348 1833 1500 1895 sunt
1556 1835 1621 1895 et
1678 1832 1890 1896 colitis
1949 1850 2040 1897 ea.
2107 1832 2256 1897 hinc
2320 1852 2439 1897 uos
2504 1832 2775 1916 paganis

465 1927 739 1995 dicimus
808 1931 1188 2011 deteriores,
1258 1954 1330 2000 eo
1397 1940 1651 2001 tantum
1717 1939 2000 2016 similes,
2074 1939 2248 2020 quod
2309 1940 2552 2004 multos
2620 1939 2775 2004 deos

467 2035 718 2113 colitis;
788 2056 861 2103 eo
911 2058 1062 2105 uero
1108 2042 1174 2105 in
1223 2043 1502 2125 peiorem
1548 2048 1793 2127 partem
1850 2046 2218 2123 dissimiles,
2277 2046 2447 2129 quod
2504 2045 2601 2109 illi
2655 2065 2772 2129 pro

467 2140 589 2206 diis
638 2162 713 2207 ea
759 2145 997 2223 colunt,
1048 2167 1209 2229 quae
1248 2155 1420 2224 sunt,
1462 2151 1576 2215 sed
1616 2151 1704 2216 dii
1743 2172 1866 2218 non
1907 2156 2094 2230 sunt3
2143 2172 2263 2219 uos
2303 2156 2518 2218 autem
2559 2152 2774 2216 colitis
2817 2170 2874 2207 1⁵

466 2266 559 2325 ea,
630 2269 789 2331 quae
854 2272 972 2319 nec
1038 2254 1127 2319 dii
1192 2276 1309 2321 nec
1378 2258 1620 2340 aliquid
1687 2263 1858 2337 sunt,
1917 2260 2217 2341 quoniam
2275 2276 2537 2342 prorsus
2594 2257 2774 2321 nulla

465 2360 636 2420 sunt.
702 2357 943 2424 habent
988 2362 1245 2443 quidem
1294 2367 1360 2428 et
1402 2364 1500 2429 illi
1556 2366 1864 2447 quaedam
1925 2366 2218 2431 fabulosa
2271 2365 2597 2449 figmenta,
2655 2362 2771 2427 sed

464 2480 609 2527 esse
671 2464 819 2531 illas
884 2467 1135 2533 fabulas
1210 2474 1445 2535 norunt
1500 2475 1566 2537 et
1621 2473 1729 2537 uel
1787 2492 1824 2536 a
1872 2472 2085 2555 poetis
2144 2471 2509 2537 delectandi
2575 2488 2771 2534 causa

454 2567 636 2635 fictas
704 2594 845 2641 esse
913 2579 1219 2645 adserunt
1281 2582 1391 2646 uel
1456 2598 1563 2647 eas
1632 2579 1708 2643 ad
1767 2582 2058 2645 naturam
2115 2599 2327 2645 rerum
2397 2578 2500 2643 uel
2556 2596 2769 2642 mores

453 2682 785 2751 hominum
859 2690 1263 2773 interpretari
1343 2692 1688 2760 conantur.
1767 2692 1940 2755 sicut
2001 2689 2362 2755 Uulcanum
2441 2686 2766 2759 claudum,
2809 2704 2868 2742 20

456 2793 605 2875 quia
650 2794 819 2878 ignis
866 2798 1101 2867 terreni
1146 2800 1364 2862 motus
1414 2798 1730 2863 eiusmodi
1787 2801 1907 2877 est,
1967 2800 2033 2862 et
2076 2798 2428 2864 Fortunam
2491 2813 2768 2861 caecam.

456 2900 625 2982 quod
674 2920 746 2965 ex
791 2902 1034 2969 incerto
1084 2903 1396 2981 accidant,
1437 2922 1599 2986 quae
1647 2904 1914 2968 fortuita
1977 2903 2299 2977 dicuntur,
2348 2905 2412 2967 et
2447 2902 2570 2967 iaia
2607 2900 2772 2965 Fata

453 3006 517 3070 in
569 3008 709 3073 colo
760 3015 825 3073 et
869 3010 1014 3075 fuso
1064 3010 1413 3094 digitisque
1480 3009 1663 3075 filum
1711 3030 1783 3075 ex
1829 3011 1976 3074 lana
2011 3009 2462 3093 torquentibus
2507 3011 2772 3092 propter

454 3113 575 3176 tria
621 3117 931 3197 tempora,
978 3116 1416 3199 praeteritum,
1466 3117 1638 3199 quod
1685 3117 1748 3181 in
1795 3117 1941 3182 fuso
1988 3116 2117 3181 iam
2165 3120 2386 3181 netum
2434 3118 2626 3198 atque
2673 3116 2768 3180 in-

454 3222 756 3285 uolutum
823 3225 941 3299 est,
1008 3242 1329 3305 praesen8‚
1406 3224 1577 3306 quod
1642 3225 1808 3288 inter
1872 3224 2109 3308 digitos
2173 3224 2384 3288 nentis
2448 3222 2767 3299 traicitur,
2813 3240 2870 3279 τε

456 3328 746 3392 futurum
808 3328 873 3393 in
938 3329 1103 3407 lana,
1171 3348 1333 3412 quae
1398 3331 1540 3395 colo
1605 3330 1914 3413 inplicata
1975 3332 2094 3405 est,
2163 3328 2334 3412 quod
2389 3328 2600 3394 adhuc
2656 3348 2773 3413 per

457 3434 695 3518 digitos
742 3416 953 3499 nentis
1000 3435 1079 3499 ad
1125 3435 1343 3500 fusum
1380 3440 1708 3519 tamquam
1746 3457 1860 3519 per
1895 3456 2196 3521 praesens
2234 3436 2314 3499 ad
2352 3436 2770 3519 praeteritum

530 3753 563 3805 2
600 3752 674 3821 et]
716 3756 800 3806 est
836 3751 935 3808 So
1043 3755 1077 3807 3
1114 3752 1425 3823 utrobique]
1462 3709 1681 3823 ntifbiz'
1725 3751 1772 3805 0
1817 3752 1902 3805 uir
1949 3751 2152 3824 ubique
2191 3750 2386 3807 SM¹G
2531 3750 2766 3821 pulcher

457 3858 679 3913 spueros
716 3843 806 3896 M¹
987 3843 1021 3896 6
1058 3840 1251 3896 uibitis
1288 3841 1375 3894 M·
1524 3840 1912 3895 abominamini
1961 3840 2120 3897 S¹M¹
2303 3841 2334 3895 7
2371 3840 2654 3895 liminibus
2695 3839 2762 3895 18¹

458 3931 527 3986 10
565 3930 825 4004 splendisl
858 3934 1052 3985 tenens
1090 3931 1177 4001 (de
1217 3934 1313 3998 er.)
1342 3932 1389 3986 S
1495 3934 1559 3985 11
1591 3931 1808 3986 athlans
1835 3930 2088 3986 LS²MG
2126 3930 2305 3986 athlas
2348 3930 2397 3985 0
2501 3932 2570 3984 12
2607 3929 2764 3999 dely-

456 4021 590 4075 ratis
641 4026 783 4089 (suf.
832 4036 868 4089 y
916 4036 953 4073 a
999 4038 1069 4074 m.
1118 4025 1150 4073 1
1195 4020 1237 4087 i)
1276 4020 1331 4072 L
1367 4018 1629 4090 delyratis
1668 4022 1740 4075 M
1772 4020 2060 4075 declaratis
2098 4019 2198 4076 SG
2383 4021 2452 4074 13
2485 4018 2679 4073 multis
2721 4018 2772 4073 S

459 4110 526 4163 14
563 4109 657 4163 ille
696 4110 787 4163 Ml
933 4111 999 4164 17
1038 4108 1246 4163 habent
1282 4113 1338 4173 (11
1374 4124 1417 4163 8.
1458 4110 1491 4163 l.
1533 4128 1569 4163 a
1607 4126 1675 4163 m.
1712 4112 1764 4173 1)
1803 4108 1852 4164 S
1881 4109 2037 4165 hab&
2080 4110 2132 4164 G
2281 4110 2347 4165 18
2384 4107 2680 4164 dileetandi
2721 4107 2770 4162 S

458 4198 763 4253 delectandi
818 4198 863 4267 (1
908 4215 1029 4267 sup.
1078 4215 1111 4253 a
1154 4214 1224 4254 m.
1274 4202 1325 4264 1)
1377 4198 1429 4253 G
1611 4199 1684 4253 20
1735 4199 2104 4270 interpr-mitari
2152 4198 2336 4255 LMG
2389 4198 2680 4267 interptari
2719 4196 2769 4253 S

458 4288 527 4342 23
573 4286 745 4357 filium
797 4286 846 4341 G
1008 4288 1082 4341 24
1128 4288 1484 4358 praeteritum
1530 4290 1577 4359 (τ
1626 4303 1669 4343 8.
1724 4288 1782 4356 l.)
1829 4288 1902 4342 L¹
1925 4288 2106 4343 G¹M2
2270 4289 2338 4344 25
2386 4287 2638 4342 traicitur
2687 4288 2762 4352 (ci

457 4393 499 4431 a.
541 4378 576 4431 1.
618 4394 654 4431 a
690 4394 758 4432 m.
798 4382 848 4446 1)
894 4376 943 4431 0
1042 4377 1113 4431 27
1151 4378 1365 4442 neentis
1402 4375 1505 4432 LS
1534 4378 1748 4432 nemtis
1787 4379 1840 4443 (9
1878 4380 1972 4447 er.)
2011 4379 2078 4432 M
