3159 4984
920 435 1014 500 VI.
1064 445 1351 500 Contra
1409 444 1776 498 Faustum
1832 441 1962 495 lib.
2017 439 2222 494 XXIII.
2569 441 2690 504 711

409 661 575 706 nunc
630 633 906 718 interim,
965 641 1113 722 quia
1170 641 1245 704 de
1302 640 1632 705 Matthaeo
1687 639 1900 704 uoluit
1955 639 2280 722 disputare
2334 657 2452 703 666
2507 657 2544 702 6
2597 657 2700 702 616

383 752 582 814 totus
648 748 962 812 Matthaei
1022 748 1185 812 liber
1246 748 1397 812 huie
1462 747 1738 812 sermoni
1799 745 1996 810 inseri
2057 749 2292 828 potest,
2356 746 2531 830 legat
2593 745 2701 827 qui

404 856 685 921 uoluerit
732 859 797 920 et
841 856 1077 933 uideat,
1128 855 1666 938 quemadmodum
1710 853 2082 918 Matthaeus
2131 872 2298 931 eum,
2357 872 2546 934 quem
2591 871 2698 936 pa-

403 966 615 1026 rentes
666 961 803 1026 eius
853 964 1340 1027 enumeraturus
1389 960 1546 1024 dicit
1589 959 1792 1024 filium
1841 959 2072 1034 Dauid,
2128 958 2434 1023 narrando
2489 976 2693 1040 usque

274 1115 279 1120 .
351 1092 377 1128 ⁵
406 1069 485 1132 ad
546 1068 911 1152 passionem
976 1067 1631 1149 resurrectionemque
1695 1066 2003 1148 perducat
2064 1085 2180 1130 nec
2246 1065 2440 1130 alium
2508 1084 2698 1148 quam

402 1176 617 1258 ipsum
667 1175 840 1239 dicat
886 1194 923 1238 a
966 1174 1215 1258 uirgine
1262 1173 1465 1238 Maria
1510 1173 1589 1238 (16
1635 1173 1864 1256 spiritu
1919 1175 2138 1238 6611616
2195 1174 2574 1255 conceptum
2632 1174 2697 1236 et

404 1285 645 1370 natum.
715 1282 818 1346 cui
880 1282 973 1346 rei
1040 1281 1301 1345 adhibet
1364 1284 1429 1346 et
1479 1263 1922 1346 testimonium
1979 1280 2054 1345 de
2109 1280 2454 1363 propheta:
2523 1298 2696 1344 6666

402 1390 619 1474 uirgo
671 1389 1005 1473 accipiet
1049 1389 1121 1453 in
1170 1391 1387 1454 utero
1446 1392 1519 1454 et
1573 1388 1821 1471 pariet
1873 1388 2126 1453 filium
2185 1391 2258 1452 et
2311 1388 2698 1453 uocabunt

403 1515 667 1560 nomen
717 1496 883 1560 eius
929 1495 1443 1571 Emmanuhel,
1494 1495 1690 1578 quod
1739 1497 1854 1560 est
1897 1495 2486 1578 interpretatum
2541 1514 2694 1570 „no-

310 1625 363 1663 ιο
400 1603 693 1666 hiscum
761 1603 1033 1666 deus‚“.
1098 1602 1493 1685 eundemque
1563 1603 1958 1685 baptizatum
2015 1621 2052 1665 a
2095 1601 2374 1666 Iohanne
2440 1600 2696 1665 audisse

404 1710 480 1772 de
550 1710 767 1774 caelo:
835 1709 959 1774 hic
1025 1711 1141 1773 est
1204 1704 1424 1773 filius
1490 1728 1700 1773 meus
1756 1709 2120 1788 dilectus,
2178 1709 2251 1773 in
2308 1728 2451 1791 quo
2506 1709 2692 1773 mihi

402 1816 835 1899 conplacui,
895 1816 971 1879 de
1020 1834 1144 1898 quo
1194 1814 1435 1880 dictum
1486 1817 1622 1879 erat
1666 1815 1791 1879 iam
1848 1835 1920 1880 61
1973 1818 2160 1898 partu
2215 1815 2483 1900 uirginis
2537 1834 2692 1892 „no-

399 1923 695 1987 biscum
744 1922 989 1989 deus,“
1042 1921 1170 1986 nisi
1214 1923 1375 1987 forte
1410 1921 1630 1986 uisum
1669 1922 1756 1987 sit
1789 1923 2029 1987 Fausto
2066 1924 2281 1987 minus
2320 1941 2482 2002 6666,
2522 1923 2692 2005 quod

400 2029 609 2094 dictus
661 2032 762 2093 est
808 2028 965 2093 (16116
1015 2047 1206 2112 quam
1253 2028 1423 2110 quod
1471 2029 1681 2094 dictus
1731 2031 1832 2094 est
1873 2029 2048 2094 filius
2088 2029 2208 2094 dei.
2257 2047 2329 2094 ex
2366 2029 2488 2094 1166
2527 2029 2694 2094 enim

307 2159 357 2198 15
399 2135 687 2200 conicere
755 2138 1021 2200 conatus
1087 2137 1187 2199 est
1240 2135 1567 2200 Matthaeo
1625 2155 1750 2201 non
1807 2155 1949 2202 6666
2003 2137 2240 2215 uisum,
2299 2137 2469 2219 quod
2520 2135 2694 2200 filius

398 2242 501 2306 dei
555 2241 767 2306 factus
835 2241 922 2307 sit
977 2242 1102 2308 nisi
1168 2261 1239 2306 ex
1292 2243 1646 2326 baptismo,
1713 2244 1862 2326 quia
1913 2243 2004 2308 ibi
2058 2244 2230 2309 facta
2284 2247 2385 2309 est
2437 2263 2558 2308 uox
2617 2242 2694 2306 (16

399 2349 612 2414 caelo:
678 2349 801 2414 1116
867 2352 985 2414 661
1040 2349 1259 2414 filius
1316 2369 1554 2427 166116,
1615 2369 1760 2416 61161
1814 2351 1986 2416 idem
2043 2351 2443 2434 euangelista
2498 2349 2691 2414 etiam

396 2456 690 2540 superius
757 2456 1121 2522 adhibuerit
1185 2456 1475 2520 diuinum
1542 2476 1615 2522 61
1677 2458 1989 2541 propheta
2051 2457 2513 2534 testimonium,
2576 2456 2692 2520 ubi

393 2562 532 2645 ipse
578 2565 801 2646 partus
849 2563 1120 2647 uirginis
1168 2563 1530 2646 appellatus
1577 2566 1680 2628 est
1733 2563 2163 2638 „nobiscum
2212 2565 2457 2628 deus.“

308 2691 361 2728 ρο
486 2672 546 2734 6.
610 2671 801 2735 Η11116
858 2689 1009 2734 sane
1064 2669 1369 2734 miserum
1434 2669 1633 2734 delire
1697 2670 2021 2753 garrulum
2087 2670 2391 2735 debemus
2455 2670 2690 2734 intueri

394 2779 583 2858 atque
652 2776 991 2841 obseruare
1055 2795 1180 2839 non
1244 2774 1879 2857 praetermittentem,
1943 2775 2057 2839 ubi
2111 2775 2408 2858 potuerit,
2463 2775 2682 2840 lectori

394 2883 911 2965 uaniloquiorum
960 2900 1221 2947 suorum
1272 2880 1461 2944 etiam
1522 2881 1600 2944 de
1649 2881 2102 2964 scripturarum
2149 2861 2536 2946 testimoniis
2584 2902 2688 2946 ne-

389 2989 577 3052 bulas
627 2989 949 3053 offundere
1004 2989 1308 3054 falsitatis
1358 3037 1372 3052 .
1423 2987 1596 3052 sicut
1640 2988 1716 3052 de
1763 2989 2078 3053 Abraham
2129 2988 2304 3064 dixit,
2353 2988 2521 3071 quod
2570 2988 2688 3054 deo

392 3114 515 3160 non
575 3095 928 3160 crediderat
983 3096 1059 3160 de
1109 3095 1264 3160 Sara
1320 3094 1443 3159 sibi
1498 3094 1700 3158 filium
1759 3095 2176 3177 promittenti,
2235 3095 2483 3177 quando
2541 3114 2687 3159 cum

300 3225 351 3263 25
390 3202 621 3267 6661116
668 3203 1035 3277 concubuit,
1095 3221 1240 3280 cum
1289 3201 1604 3284 scriptura
1647 3204 1923 3266 testetur
1967 3202 2248 3266 nondum
2293 3202 2390 3266 illi
2435 3205 2686 3285 partum

390 3309 579 3375 Sarae
646 3309 847 3374 fuisse
911 3309 1340 3392 promissum3
1417 3308 1524 3373 uel
1601 3309 1770 3391 quod
1835 3327 2092 3374 uxorem
2159 3328 2341 3374 suam
2406 3328 2684 3374 sororem

274 3471 289 3491 ,
386 3415 699 3480 mentitus
738 3414 844 3492 sit,
886 3433 1031 3479 cum
1071 3432 1275 3498 genus
1316 3413 1505 3478 Sarae
1541 3433 1855 3496 nusquam
1898 3415 1961 3479 in
1997 3415 2130 3480 illis
2165 3416 2398 3482 litteris
2439 3416 2684 3500 legerit,

388 3520 622 3603 quibus
674 3521 750 3585 de
796 3522 917 3586 hac
963 3540 1031 3584 re
1086 3520 1248 3585 fides
1304 3519 1596 3585 habenda
1651 3525 1786 3599 est;
1854 3525 1920 3587 et
1976 3523 2053 3587 de
2107 3522 2239 3588 filio
2297 3523 2434 3589 eius
2479 3525 2682 3601 Isaac,

568 3712 599 3765 7
626 3711 715 3766 Es,
748 3713 797 3778 7,
826 3713 922 3777 14;
952 3713 1150 3768 Matth.
1176 3713 1311 3778 1‚23
1388 3714 1453 3766 11
1482 3713 1685 3768 Matth.
1714 3713 1766 3780 3,
1790 3713 1852 3766 17
1926 3714 1997 3767 26
2026 3715 2092 3768 cf.
2123 3713 2258 3771 Gen.
2292 3716 2371 3782 16,
2403 3717 2472 3780 43
2506 3717 2678 3781 17,17

385 3800 455 3854 28
492 3799 558 3854 cf.
598 3799 733 3856 Gen.
772 3801 859 3867 12,
900 3801 996 3864 13;
1045 3802 1131 3866 20,
1171 3803 1206 3855 2
1244 3844 1257 3857 .
1301 3803 1368 3856 12

460 3924 483 3977 1
517 3923 761 3978 1116111166
790 3924 845 3978 L
870 3929 1088 3980 matheo
1124 3925 1270 3980 086
1375 3927 1411 3979 2
1436 3927 1672 3981 matthei
1697 3927 1750 3980 L
1775 3927 1979 3983 mathei
2014 3927 2159 3984 086
2267 3930 2301 3983 8
2330 3928 2616 3983 uocabitur
2643 3930 2674 3982 b

388 4013 451 4066 11
490 4011 720 4066 dilectus
756 4029 859 4068 om.
898 4011 1000 4068 SG
1145 4013 1213 4067 12
1252 4014 1337 4083 ex]
1374 4029 1439 4068 66
1472 4013 1527 4068 L
1683 4016 1752 4069 14
1791 4015 1942 4070 dictu
1986 4015 2035 4071 0
2173 4019 2258 4070 est
2295 4017 2450 4084 (alt.)
2489 4031 2591 4073 om.
2637 4017 2685 4072 G

386 4100 452 4154 15
486 4101 730 4156 mattheo
767 4101 822 4156 L
856 4103 1077 4156 matheo
1115 4101 1162 4156 Ο
1341 4103 1407 4157 19
1442 4104 1560 4175 ipse
1598 4121 1700 4160 om.
1739 4104 1841 4160 SG
2045 4105 2116 4160 20
2153 4105 2598 4177 delirogarrulum
2637 4105 2684 4160 S

382 4186 562 4243 delero
606 4189 683 4244 G·
720 4189 897 4245 delere
934 4191 1075 4246 LPb
1112 4191 1295 4248 dolere
1331 4195 1383 4263 (ο
1418 4194 1483 4248 in
1516 4196 1654 4263 rae.)
1691 4195 1766 4248 M
1919 4195 1988 4249 22
2024 4194 2278 4249 nebulam
2323 4194 2372 4249 0
2491 4194 2560 4248 23
2597 4195 2677 4248 of-

379 4275 599 4332 fendere
643 4278 691 4332 0
724 4279 994 4334 effundere
1039 4279 1355 4336 LPSGMb
1507 4282 1577 4336 24
1632 4300 1780 4354 sarra
1833 4283 1882 4339 S
1929 4300 2077 4338 sarra.
2132 4283 2317 4338 LGM
2491 4285 2560 4338 26
2600 4287 2678 4354 (61

380 4365 473 4432 27)
510 4383 693 4421 sarrae
731 4366 780 4423 S
811 4384 987 4422 sarrae
1024 4367 1137 4424 LG
