3159 4984
1545 1029 1654 1094 VI.

740 1151 1073 1219 CONTRA
1117 1152 1520 1219 FAUSTUM
1567 1153 1795 1219 LIBRI
1840 1153 2246 1221 TRIGINTA
2291 1155 2521 1221 TRES.

1331 1274 1549 1329 LIBER
1585 1275 1874 1331 PRIMUS.

545 1424 602 1485 1.
668 1388 965 1489 Faustus
1023 1421 1280 1506 quidam
1335 1422 1460 1487 fuit
1516 1424 1705 1507 gente
1752 1422 1922 1501 Afer,
1981 1424 2243 1489 ciuitate
2300 1422 2744 1499 Mileuitanus‚

380 1552 412 1592 5
457 1530 705 1615 eloquio
755 1530 994 1607 suauis,
1043 1529 1295 1613 ingenio
1345 1528 1634 1606 callidus,
1677 1532 1853 1595 secta
1887 1530 2298 1597 Manichaeus
2347 1550 2421 1597 ac
2465 1550 2579 1615 per
2625 1530 2748 1595 hoc

457 1638 727 1703 nefando
795 1654 1000 1702 errore
1064 1654 1424 1720 pel-uersus,
1491 1654 1791 1701 noueram
1857 1636 1995 1721 ipse
2050 1638 2393 1715 hominem,
2451 1636 2745 1721 quemad-

458 1746 718 1811 modum
785 1762 930 1809 eum
996 1742 1486 1810 commemoraui
1541 1742 1608 1807 in
1662 1742 1845 1808 libris
1904 1743 2387 1809 Confessionum
2442 1762 2741 1808 mearum.

455 1852 560 1918 hic
641 1852 959 1935 quoddam
1031 1849 1332 1915 uolumen
1401 1848 1602 1915 edidit
1665 1852 1974 1917 aduersus
2035 1856 2273 1918 rectam
2340 1852 2743 1917 christianam

460 1958 654 2024 fidem
700 1961 766 2024 et
813 1956 1191 2023 catholicam
1236 1957 1595 2023 ueritatem.
1664 1958 1835 2041 quod
1891 1978 2036 2023 cum
2082 1960 2369 2025 uenisset
2410 1960 2474 2023 in
2520 1977 2745 2023 manus

363 2084 418 2123 ιο
459 2068 710 2131 nostras
774 2066 1139 2147 lectumque
1206 2067 1378 2129 esset
1432 2083 1469 2129 a
1522 2064 1847 2145 fratribus,
1914 2066 2431 2133 desiderauerunt
2493 2069 2559 2130 et
2610 2064 2747 2129 iure
2828 2094 2837 2104 ·

458 2172 762 2251 caritatis,
809 2190 921 2255 per
967 2190 1156 2254 quam
1205 2170 1296 2236 eis
1346 2172 1686 2251 seruimus,
1742 2172 2212 2257 flagitauerunt,
2268 2175 2345 2237 ut
2388 2172 2449 2237 ei
2492 2190 2747 2255 respon-

459 2280 770 2346 daremus.
840 2279 962 2343 hoc
1019 2278 1350 2363 adgrediar
1403 2298 1574 2344 nunc
1625 2278 1689 2344 in
1748 2278 1998 2345 nomine
2044 2282 2233 2362 atque
2282 2277 2593 2344 adiutorio
2642 2276 2747 2341 do-

453 2386 611 2450 mini
668 2387 734 2449 et
789 2383 1132 2449 saluatoris
1187 2383 1389 2449 nostri
1445 2384 1595 2449 Iesu
1654 2383 1911 2461 Christi,
1974 2386 2052 2449 ut
2112 2402 2351 2461 omnes,
2417 2383 2527 2468 qui
2588 2382 2746 2447 haec

456 2493 692 2577 legent,
741 2490 1140 2575 intellegant,
1189 2510 1380 2573 quam
1425 2490 1589 2555 nihil
1636 2490 1723 2556 sit
1769 2493 2028 2555 acutum
2064 2490 2391 2577 ingenium
2430 2493 2495 2556 et
2527 2490 2749 2575 lingua

366 2616 418 2655 1⁵
458 2599 750 2683 expolita,
781 2596 907 2663 nisi
938 2615 975 2661 a
1003 2596 1258 2662 domino
1296 2616 1557 2682 gressus
1594 2596 1868 2663 hominis
1908 2597 2277 2682 dirigantur.
2316 2598 2487 2682 quod
2522 2597 2744 2662 multis

463 2705 655 2769 etiam
709 2703 1090 2771 tardioribus
1149 2706 1215 2769 et
1265 2703 1755 2770 inualidioribus
1810 2706 2065 2771 occulta
2120 2706 2436 2788 aequitate
2494 2704 2744 2769 diuinae

458 2810 928 2877 misericordiae
974 2808 1354 2893 praestitum
1402 2813 1520 2889 est,
1561 2828 1709 2874 cum
1754 2810 1944 2874 multi
1991 2809 2277 2874 acerrimi
2323 2812 2389 2875 et
2432 2809 2745 2875 facundis·

459 2917 606 2983 simi
672 2914 909 2983 deserti
971 2914 1285 2981 adiutorio
1353 2915 1456 2980 dei
1520 2916 1601 2981 ad
1664 2916 1785 2982 hoc
1849 2916 2156 2982 uelociter
2218 2919 2285 2981 et
2344 2914 2747 3001 pertinaciter

459 3025 799 3100 currerent,
854 3023 933 3086 ut
987 3038 1024 3084 a
1079 3019 1366 3086 ueritatis
1422 3020 1531 3085 uia
1582 3021 1839 3106 longius
1902 3023 2277 3087 aberrarent.
2344 3020 2746 3086 commodum

363 3146 418 3187 so
457 3132 672 3199 autem
743 3128 1009 3194 arbitror
1068 3128 1188 3193 sub
1253 3127 1390 3194 eius
1457 3128 1709 3194 nomine
1774 3129 1970 3194 uerba
2025 3128 2161 3194 eius
2216 3146 2447 3213 ponere
2505 3130 2569 3193 et
2624 3128 2743 3193 sub

459 3256 602 3302 meo
647 3234 1124 3319 responsionem
1167 3252 1395 3299 meam.
1487 3303 1492 3309 ,
2474 3312 2481 3327 ¹

545 3344 606 3409 2.
670 3342 1000 3413 FAUSTUS
1047 3340 1238 3406 dixit:
1306 3340 1474 3407 Satis
1531 3360 1845 3425 superque
1890 3342 1957 3406 in
2000 3342 2213 3407 lucem
2257 3341 2387 3407 iam
2432 3340 2743 3407 traductis

455 3450 772 3515 erroribus
810 3468 884 3515 ac
921 3448 1215 3513 Iudaicae
1253 3448 1723 3533 superstitionis
1761 3448 1955 3513 simul
1992 3451 2058 3513 et
2094 3447 2742 3515 semichristianorum

632 3675 663 3728 7
702 3644 946 3731 confess.
984 3674 1019 3730 1.
1059 3674 1106 3728 v
1144 3676 1196 3741 3,
1235 3676 1266 3728 6
1379 3676 1446 3728 15
1484 3674 1550 3729 ef.
1590 3675 1679 3729 Pa.
1717 3674 1803 3735 se,
1842 3675 1911 3729 23

524 3869 558 3921 2
595 3867 870 3925 INCIPIT
913 3856 1036 3923 ΙΤΙῙΞ
1082 3868 1378 3923 AVRELII
1427 3866 1796 3923 AVGVSTIN
1799 3868 1825 3922 1
1876 3864 2165 3923 CONTRA
2204 3855 2491 3949 QVST‘V‘
2520 3866 2741 3923 HERE-

453 3956 680 4013 TICVM
714 3957 824 4025 sol.
871 3961 902 4010 1
945 3956 1126 4011 LPM
1167 3955 1620 4011 AVGVSTlNVS
1667 3953 1959 4011 CONTRA
2002 3955 2281 4011 FAVSTV
2324 3955 2744 4012 HERE'I'ICVM

439 4048 551 4117 sol.
597 4051 618 4099 1
659 4046 786 4113 SG,·
818 4047 982 4101 v'mcr.
1021 4062 1123 4102 om.
1169 4045 1216 4099 Ο
1316 4046 1352 4099 4
1390 4062 1585 4115 genere
1624 4046 1655 4098 b
1838 4044 1971 4101 affer
2006 4044 2135 4099 LM
2254 4045 2291 4097 5
2327 4044 2637 4099 manicheus
2671 4043 2739 4149 αθ,

457 4164 562 4231 (sic
615 4162 839 4232 ubique)
877 4160 930 4214 L
1109 4162 1144 4215 6
1183 4158 1651 4231 quemammodum
1699 4159 1828 4215 LM
1875 4159 2316 4230 quematmodum
2369 4160 2418 4215 G
2466 4175 2740 4229 quemam-

455 4249 674 4306 modum
715 4250 768 4306 G
952 4250 1008 4303 11
1061 4250 1134 4319 ei]
1180 4253 1238 4303 et
1280 4248 1356 4303 M
1533 4250 1599 4303 16
1648 4252 1705 4303 et
1747 4248 2161 4304 inualidioribus
2208 4250 2289 4317 (et
2323 4247 2585 4304 inualidio
2622 4265 2665 4303 s.
2705 4248 2741 4303 Ζ.

453 4356 524 4396 m.
563 4342 628 4403 2)
673 4340 721 4395 0
897 4338 1080 4393 diuino
1117 4336 1172 4393 L
1344 4337 1410 4392 17
1449 4338 1794 4409 praestitum]
1832 4336 2163 4409 praedictum
2204 4338 2305 4394 So
2490 4338 2552 4392 19
2592 4355 2739 4393 cure·

453 4432 576 4483 rent
601 4428 690 4483 M.
805 4431 870 4482 ut
897 4444 929 4481 a
958 4431 1157 4497 (paene
1193 4432 1382 4494 enan.)
1419 4426 1465 4480 Ο
1552 4428 1618 4482 21
1650 4429 1794 4498 meo]
1822 4444 1941 4482 mea
1976 4426 2037 4483 0·
2134 4430 2203 4481 22
2233 4444 2355 4497 cap.
2384 4426 2440 4483 11
2465 4426 2743 4483 LPSMG
