3159 4984
203 1641 312 1681 ·10

269 2183 318 2221 15

853 468 941 522 VI.
1001 467 1289 521 Contra
1343 468 1719 522 Faustum
1781 467 1907 520 lib.
1966 467 2137 521 XXII.
2516 471 2646 532 637

349 664 765 741 defendimuS,
815 664 907 728 sic
973 667 1187 728 autem
1245 664 1320 728 de
1376 664 1568 727 huius
1626 663 1780 727 facti
1843 663 2215 747 purgatione
2283 663 2653 746 satagimus,

349 771 533 852 quasi
579 771 699 836 hoc
747 771 906 835 deus
952 773 1169 836 noster
1225 773 1336 834 aut
1389 770 1526 834 fieri
1580 771 1843 835 iusserit
1898 773 2010 834 aut
2064 769 2303 834 factum
2352 769 2654 851 adproba-

348 878 516 942 uerit
589 881 701 942 aut
754 878 846 941 ita
899 877 1055 942 iusti
1113 878 1402 942 homines
1459 878 1522 940 in
1578 877 1709 941 illis
1770 877 1948 940 libris
2006 878 2421 960 appellentur,
2470 879 2545 940 ut
2602 875 2657 940 si

347 984 671 1049 noluerint
715 1003 996 1067 peccare.
1049 1003 1171 1048 non
1217 984 1484 1066 possint.
1537 1002 1684 1047 cum
1734 1003 1881 1066 ergo
1929 983 1991 1046 in
2041 983 2293 1058 litteris,
2344 1001 2499 1064 quas
2548 981 2659 1046 isti

350 1090 838 1173 reprehendunt,
908 1090 1064 1154 deus
1131 1090 1280 1154 huic
1345 1089 1513 1154 facto
1572 1089 1823 1154 nullum
1878 1089 2163 1154 iustitiae
2219 1089 2658 1153 testimonium

350 1197 762 1280 perhibuerit,
811 1216 937 1278 qua
983 1197 1302 1261 dementia
1345 1196 1727 1261 temeritatis
1774 1196 1921 1260 hinc
1967 1197 2113 1260 illas
2170 1197 2419 1260 litteras
2477 1214 2658 1260 accu-

351 1323 489 1368 sare
538 1303 947 1381 contendunt,
990 1323 1136 1366 cum
1175 1303 1318 1368 aliis
1358 1322 1571 1367 earum
1612 1302 1773 1367 locis
1812 1302 2217 1386 apertissime
2253 1302 2659 1366 inueniantur

354 1411 586 1475 diuinis
650 1411 1006 1493 praeceptis
1071 1411 1198 1475 ista
1259 1410 1629 1492 prohiberi?
1695 1410 1862 1474 unde
1929 1409 1994 1473 in
2050 1409 2164 1472 illa
2218 1429 2284 1472 re
2342 1412 2527 1492 gesta
2583 1407 2661 1471 de

354 1537 539 1601 opere
585 1517 858 1582 filiarum
907 1518 1070 1581 Loth
1118 1519 1368 1581 narrata
1412 1517 1540 1580 ista
1589 1520 1760 1594 sunt,
1821 1536 1943 1582 non
2001 1517 2279 1580 laudata.
2348 1514 2657 1597 quaedam

353 1644 504 1689 uero
563 1624 887 1688 enuntiato
945 1624 1180 1688 iudicio
1241 1623 1362 1701 dei,
1422 1623 1733 1706 quaedam
1792 1624 1988 1688 tacito
2056 1623 2289 1688 narrari
2357 1619 2657 1704 oportuit,

353 1735 427 1796 ut
491 1730 739 1812 quando
806 1731 1139 1812 promitur,
1209 1731 1362 1812 quid
1423 1731 1570 1794 inde
1633 1730 2015 1796 iudicauerit
2071 1730 2249 1805 deus,
2307 1729 2663 1793 instruatur

353 1841 568 1903 nostra
611 1838 941 1921 inperitia;
993 1839 1243 1920 quando
1295 1841 1508 1902 autem
1555 1841 1823 1915 tacetur,
1862 1839 1966 1902 uel
2008 1833 2370 1902 exerceatur
2413 1833 2659 1917 peritia,

355 1948 446 2023 ut,
496 1945 664 2026 quod
716 1946 868 2010 alibi
925 1945 1288 2024 didicimus,
1346 1947 1741 2015 recolamus,
1808 1947 1915 2010 uel
1974 1944 2330 2009 excutiatur
2383 1940 2659 2025 pigritia,

353 2055 447 2130 ut,
498 2052 667 2134 quod
697 2053 997 2130 ,nondum
1044 2054 1366 2123 nouimus,
1413 2054 1831 2135 inquiramus.
1900 2054 2056 2116 deus
2107 2071 2275 2135 ergo,
2327 2049 2437 2132 qui
2482 2048 2667 2111 nouit

359 2161 421 2221 et
468 2158 544 2222 de
593 2149 1169 2242 hominum-opere
1225 2162 1393 2225 malo
1451 2161 1656 2226 facere
1715 2179 1904 2242 opera
1958 2161 2143 2232 bona,
2203 2159 2448 2242 gentes,
2508 2173 2664 2235 quas

356 2264 584 2343 uoluit,
636 2285 708 2330 ex
752 2267 864 2330 isso
915 2267 1156 2331 semine
1205 2268 1602 2350 propagauit,
1652 2287 1776 2331 non
1825 2267 2171 2349 scripturas
2220 2283 2370 2328 suas
2408 2263 2667 2344 propter

357 2370 688 2435 hominum
745 2375 1008 2455 peccata
1064 2373 1412 2438 damnauit.
1479 2373 1757 2456 prodidit
1815 2373 2046 2457 quippe
2104 2373 2251 2448 ista,
2310 2389 2433 2434 non
2489 2367 2661 2442 fecit,

361 2480 426 2540 et
472 2478 752 2542 cauenda
799 2480 1150 2553 admonuit,
1199 2501 1322 2545 non
1369 2481 1704 2564 proposuit
1747 2480 2076 2544 imitanda.

447 2586 552 2648 46.
619 2585 898 2650 Mirabili
954 2606 1103 2652 sane
1158 2589 1531 2670 inpudentia
1583 2590 1865 2654 Faustus
1912 2590 2091 2653 Isaac
2150 2604 2399 2668 quoque
2457 2582 2661 2646 filium

357 2691 646 2756 Abrahae
696 2693 1064 2758 criminatus
1115 2699 1231 2765 est.
1283 2697 1451 2778 quod
1489 2697 1865 2774 Rebeccam,
1909 2715 2068 2778 quae
2106 2714 2261 2759 uxor
2300 2694 2453 2768 erat,
2494 2707 2663 2754 soro-

356 2816 490 2861 rem
535 2799 802 2866 finxerit.
870 2821 1072 2884 genus
1132 2803 1298 2865 enim
1345 2803 1670 2866 Rebeccae
1728 2823 1851 2866 non
1910 2802 2179 2865 tacitum
2238 2802 2357 2878 est,
2416 2800 2480 2861 et
2527 2812 2665 2858 eam

358 2923 468 2985 per
503 2906 903 2971 notissimam
942 2908 1480 2991 propinquitatem
1517 2928 1799 2999 sororem
1840 2909 1977 2973 eius
2014 2907 2215 2972 fuisse
2253 2904 2665 2970 manifestum

360 3013 474 3075 est.
535 3014 609 3076 ut
656 3017 870 3078 autem
919 3017 1162 3079 taceret
1205 3033 1485 3094 uxorem,
1534 3015 1687 3096 quid
1734 3015 1969 3078 mirum
2017 3016 2128 3077 aut
2175 3013 2326 3095 quid
2373 3029 2664 3094 prauum,

227 3155 246 3172 ,
360 3118 415 3182 si
468 3118 758 3184 imitatus
819 3123 919 3184 est
974 3123 1241 3202 patrem,
1301 3140 1447 3186 cum
1504 3122 1725 3185 eadem
1779 3121 2031 3185 iustitia
2090 3118 2483 3194 defendatur,
2544 3135 2666 3197 qua

297 3248 318 3284 ἢ
360 3228 538 3308 pater
602 3226 739 3290 eius
799 3227 875 3291 de
933 3227 1128 3292 simili
1187 3229 1436 3294 obiecto
1492 3229 1857 3311 inculpatus
1924 3228 2223 3292 inuentus
2291 3228 2439 3290 est?
2508 3241 2667 3306 quae

361 3332 560 3415 igitur
602 3353 716 3415 pro
762 3333 1102 3403 Abraham.
1155 3335 1323 3417 quod
1372 3335 1450 3400 ad
1496 3335 1658 3400 hanc
1704 3355 1837 3399 rem
1887 3335 2147 3410 adtinet,
2196 3334 2504 3397 aduersus
2554 3329 2667 3394 cri-

541 3525 606 3576 21
650 3524 716 3578 cf.
757 3525 890 3580 Gen.
928 3527 1016 3588 26,
1058 3527 1087 3578 7
1202 3529 1270 3580 23
1312 3527 1376 3582 cf.
1418 3527 1551 3583 Gen.
1594 3529 1665 3580 ·24

436 3678 463 3730 1
527 3676 624 3744 sic]
679 3692 787 3729 non
845 3676 921 3729 sic
969 3676 1044 3728 M
1311 3677 1677 3746 purugatione
1730 3687 1783 3744 (u
1824 3693 1913 3744 pr.
1960 3693 2005 3729 3.
2058 3678 2093 3730 l.
2146 3693 2182 3745 g
2230 3691 2298 3729 ex
2345 3692 2371 3728 c
2418 3677 2577 3740 corr.)
2628 3673 2675 3727 S

364 3764 395 3816 3
434 3764 774 3835 appellentur
813 3764 886 3830 (el
922 3781 964 3818 8.
1005 3781 1124 3833 erp.
1163 3766 1236 3832 le)
1279 3763 1327 3820 S
1428 3767 1462 3820 5
1497 3764 1936 3836 repraehendunt
1973 3766 2025 3819 L
2134 3765 2167 3818 6
2204 3764 2331 3818 hinc
2372 3763 2427 3833 (n
2462 3779 2506 3816 3.
2538 3763 2573 3816 l.
2612 3761 2667 3814 L

363 3853 396 3906 8
425 3853 694 3923 preceptis
729 3853 776 3906 G
915 3855 1187 3923 prohiberi
1228 3855 1267 3918 (i
1305 3855 1402 3922 fin.
1442 3871 1578 3908 corr.
1620 3869 1685 3908 ex:
1723 3854 1771 3923 e)
1802 3853 1919 3908 SM
2042 3853 2419 3922 unde—opere
2450 3853 2539 3916 (in
2564 3867 2665 3919 my.

361 3945 551 4011 infer.)
591 3941 638 3996 S
783 3945 848 3998 10
887 3943 1082 3997 iuditio
1129 3943 1176 3998 Ο
1316 3944 1383 3997 13
1423 3944 1728 3998 excutiatur
1765 3945 1812 4012 (τ
1848 3959 1892 3996 s.
1932 3959 2052 4012 exp.
2090 3945 2182 4010 m.)
2222 3941 2268 3996 S
2403 3940 2469 3992 15
2508 3955 2668 4009 opere

362 4033 507 4086 hom.
543 4033 686 4087 malo
733 4032 782 4086 0
923 4035 987 4088 18
1037 4033 1336 4086 ammonuit
1373 4032 1599 4088 LSMG-
1744 4032 1882 4086 imit.
1934 4049 2146 4102 propos,
2190 4031 2242 4084 G
2386 4029 2671 4099 proposuit

367 4123 490 4190 (alt.
527 4140 562 4193 p
599 4139 642 4176 3.
685 4123 742 4180 l.)
785 4123 832 4177 S
975 4123 1038 4175 19
1076 4122 1248 4175 filium
1288 4138 1502 4191 quoque
1546 4122 1596 4176 0
1699 4121 1769 4175 20
1804 4121 2027 4174 rebecca
2064 4120 2117 4172 L
2262 4120 2329 4172 21
2369 4119 2597 4172 finxerat
2633 4117 2666 4171 b

365 4211 656 4266 rebecchae
711 4212 763 4264 L
971 4213 1039 4264 22
1096 4211 1414 4265 notissiman
1473 4210 1518 4265 S
1716 4210 2177 4281 propinquitatem
2238 4213 2293 4276 (n
2349 4225 2391 4262 8.
2452 4209 2508 4275 l.)
2569 4207 2669 4261 SG

365 4301 434 4354 23
471 4317 723 4371 ρι’ωςιιιιηι
763 4305 869 4370 (pr.
910 4319 935 4354 r
969 4319 1012 4355 8.
1054 4301 1179 4368 196
1287 4302 1355 4353 24
1393 4305 1577 4371 patae
1600 4301 1645 4354 S
1786 4299 2030 4354 iustitiae
2051 4297 2175 4353 8¹6
2296 4315 2401 4367 qua
2440 4299 2493 4366 (a
2530 4313 2667 4350 corr.

365 4408 431 4444 ex
467 4391 518 4460 e)
557 4391 604 4445 S
707 4393 778 4443 25
813 4390 1121 4460 inculpatus
1161 4389 1198 4452 (l
1235 4404 1276 4440 3.
1318 4390 1375 4456 l.)
1415 4391 1468 4442 L
1992 4425 1995 4430 -
