3159 4984
492 469 623 533 448
1186 464 1237 515 S.
1295 461 1567 515 Aureli
1629 462 2068 525 Augustini

493 660 726 743 piatur,
760 659 813 723 si
855 658 1095 741 aliquid
1135 659 1201 724 in
1241 658 1381 722 eius
1418 655 1601 720 libris
1637 655 1899 737 reperiri
1933 655 2232 738 potuerit,
2273 654 2444 737 quod
2476 654 2806 738 praedicet

497 746 844 843 Christum,
893 765 1005 828 ille
1056 765 1313 847 quidem
1358 783 1483 829 non
1531 762 1909 847 dedignatur
1947 761 2355 845 obprobrium
2394 760 2634 827 domini
2674 762 2796 826 sui.

493 876 547 939 si
596 874 763 939 enim
812 872 1271 955 paterfamilias
1318 870 1679 935 Beelzebub
1728 869 2089 953 appellatus
2137 872 2256 947 est,
2306 872 2542 952 quanto
2589 868 2798 953 magis

493 980 831 1045 domestici
898 978 1072 1043 eius!
1150 977 1264 1043 sed
1342 995 1462 1043 uos
1525 976 1766 1053 uidete,
1833 994 1870 1039 a
1934 975 2168 1058 quibus
2233 976 2364 1041 ista
2428 975 2802 1049 didiceritis,

491 1086 778 1169 profecto
846 1083 1281 1149 sceleratiores
1348 1101 1538 1166 quam
1603 1081 1731 1159 illi,
1800 1082 1908 1165 qui
1975 1081 2229 1146 domino
2295 1082 2388 1145 ita
2452 1082 2798 1147 conuiciati

495 1195 665 1258 sunt.
742 1192 841 1255 illi
908 1190 1075 1255 enim
1142 1210 1265 1254 non
1333 1208 1475 1254 eum
1537 1187 1862 1255 Christum
1929 1208 2072 1254 esse
2139 1188 2480 1254 credebant
2535 1191 2599 1253 et
2651 1188 2796 1253 ideo

488 1299 789 1364 fallacem
853 1299 1200 1383 putabant;
1272 1316 1385 1363 uos
1454 1300 1672 1361 autem
1738 1296 2088 1361 doctrinam
2157 1316 2281 1361 non
2345 1296 2589 1379 putatis
2657 1314 2798 1360 esse

490 1424 806 1484 ueracem,
854 1404 978 1469 nisi
1028 1423 1188 1486 quae
1239 1403 1564 1469 Christum
1617 1403 1811 1467 audet
1854 1402 2216 1485 praedicare
2262 1402 2580 1467 fallacem.

584 1514 687 1577 10.
726 1512 912 1578 Unde
952 1513 1167 1574 autem
1203 1510 1323 1574 tibi
1360 1509 1618 1574 uidetur
1653 1510 1864 1593 legem
1902 1509 2115 1593 Moysi
2148 1508 2309 1573 nihil
2345 1527 2384 1573 a
2418 1512 2808 1593 paganismo·

492 1619 724 1685 distare
745 1619 779 1686 P
844 1637 921 1682 an
972 1616 1121 1700 quia
1164 1616 1499 1699 templum,
1560 1615 1962 1691 sacrificium,
2021 1616 2218 1679 altare
2276 1615 2797 1697 sacerdotemque

492 1724 949 1791 commendat?
1014 1726 1081 1787 at
1144 1722 1303 1788 haec
1369 1724 1582 1787 omnia
1635 1723 1893 1787 nomina
1948 1725 2014 1787 et
2065 1722 2130 1786 in
2187 1741 2355 1787 nouo
2411 1726 2796 1787 testamento

496 1831 914 1914 reperiuntur.
983 1831 1290 1908 soluite,
1348 1830 1576 1912 inquit,
1633 1830 2003 1912 templum
2059 1830 2217 1905 hoc,
2278 1833 2352 1895 et
2405 1829 2479 1893 in
2535 1828 2794 1893 triduo

490 1937 982 2003 resuscitabo
1018 1937 1221 2001 illud
1260 1940 1351 2001 et:
1393 1955 1555 2001 cum
1597 1937 1832 2002 offers
1870 1956 2142 2001 munus
2179 1939 2393 2001 tuum
2431 1937 2519 2000 ad
2559 1936 2798 2000 altare

493 2047 593 2110 et:
660 2044 871 2122 uade,
932 2044 1248 2109 ostende
1306 2046 1378 2107 te
1436 2043 1825 2108 sacerdoti
1884 2047 1957 2108 et
2013 2044 2208 2109 offer
2260 2063 2392 2126 pro
2449 2046 2522 2107 te
2571 2043 2798 2109 sacri-

492 2151 781 2227 ficium,
832 2149 1029 2233 quod
1074 2150 1469 2233 praecepit
1512 2150 1838 2233 Moyses,
1899 2150 1970 2214 in
2029 2150 2561 2216 testimonium
2603 2151 2796 2243 illis:

497 2277 767 2340 quorum
816 2260 1031 2321 autem
1078 2256 1319 2341 figurae
1366 2258 1604 2321 fuerint
1646 2257 1829 2335 istae,
1885 2258 2114 2342 partim
2163 2258 2459 2323 dominus
2505 2258 2643 2341 ipse
2691 2258 2798 2321 de-

492 2366 830 2441 monstrat,
900 2381 1045 2428 cum
1107 2364 1422 2448 templum
1489 2364 1768 2446 corporis
1835 2364 1938 2429 sui
1999 2365 2241 2447 templo
2306 2364 2406 2427 illi
2471 2367 2798 2445 conparat.

492 2470 723 2553 partim
768 2469 1119 2553 apostolica
1157 2470 1441 2536 doctrina
1478 2470 1966 2553 cognoscimus;
2015 2472 2384 2553 templum
2433 2470 2624 2535 enim
2675 2470 2798 2535 dei

492 2580 843 2642 sanctum
886 2580 1023 2651 est,
1064 2576 1173 2641 ait
1210 2578 1632 2661 apostolus,
1683 2576 1881 2659 quod
1918 2578 2111 2642 estis
2149 2597 2288 2642 uos
2329 2580 2428 2641 et:
2479 2578 2798 2643 obsecro

488 2684 752 2766 itaque
801 2702 943 2749 uos
990 2702 1121 2765 per
1164 2684 1770 2748 misericordiam
1821 2684 1959 2761 dei,
2017 2686 2102 2749 ut
2159 2684 2584 2750 exhibeatis
2643 2703 2796 2749 cor-

461 2810 673 2873 ·pora
717 2794 981 2855 uestra
1037 2790 1367 2855 hostiam
1414 2790 1689 2866 uiuam,
1751 2794 2110 2861 sanctam.
2170 2792 2304 2856 deo
2360 2792 2792 2877 placentem

492 2902 556 2961 et
621 2900 831 2962 cetera
886 2897 1275 2962 huiusmodi.
1342 2897 1604 2980 proinde
1667 2898 1784 2962 illa
1847 2899 2058 2963 omnia
2122 2899 2420 2983 figurae
2485 2902 2796 2965 nostrae

490 3004 821 3082 fuerunt,
871 3004 1043 3069 sicut
1084 3004 1254 3069 idem
1296 3004 1453 3068 dicit
1490 3006 1554 3069 et
1593 3022 1780 3088 saepe
1822 3006 2446 3070 commemorandum
2483 3007 2603 3083 est,
2643 3005 2798 3088 quia

488 3130 615 3177 non
654 3111 1000 3176 daemoniis
1040 3110 1513 3189 exhibebantur,
1546 3111 1661 3176 sed
1697 3112 1808 3176 uni
1845 3130 1997 3177 uero
2033 3112 2178 3190 de0,
2211 3112 2321 3195 qui
2355 3111 2509 3178 fecit
2546 3114 2799 3177 caelum

490 3220 557 3281 et
600 3220 854 3295 terram,
902 3237 1025 3283 non
1072 3220 1401 3301 tamquam
1439 3217 1754 3303 indigenti
1788 3219 2050 3298 talibuS,
2091 3219 2206 3284 sed
2241 3222 2530 3302 tempora
2565 3219 2792 3284 distin-

488 3324 713 3408 guenti
761 3327 824 3388 et
868 3324 1115 3390 iubenti
1161 3325 1539 3408 praesentia,
1585 3344 1699 3408 per
1744 3344 1905 3408 quae
1953 3326 2344 3409 significaret
2387 3326 2622 3391 futura.
2670 3346 2792 3391 uos

492 3433 726 3501 autem.
786 3432 895 3513 qui
950 3435 1026 3496 ut
1084 3433 1404 3498 seducatis
1462 3434 1527 3498 et
1594 3432 1927 3517 decipiatis
1990 3433 2224 3499 idiotas
2285 3433 2798 3517 inperfectosque

668 3676 702 3727 4
725 3674 790 3729 cf.
810 3674 1007 3729 Matth.
1030 3676 1115 3741 10,
1139 3674 1206 3730 25
1300 3676 1367 3729 12
1398 3676 1513 3729 Ioh.
1544 3676 1596 3742 2,
1629 3677 1696 3730 19
1790 3676 1858 3730 13
1885 3677 2082 3731 Matth.
2115 3676 2163 3741 5,
2196 3678 2266 3731 24
2361 3678 2428 3730 14
2453 3674 2650 3729 Matth.
2673 3675 2725 3741 8,
2753 3680 2792 3730 4

492 3762 559 3817 18
596 3764 624 3817 I
663 3762 781 3818 Cor.
821 3764 871 3830 3,
910 3765 977 3817 17
1091 3766 1157 3819 19
1195 3766 1351 3819 Rom.
1394 3765 1478 3829 12,
1519 3766 1549 3817 1
1663 3766 1732 3817 22
1771 3766 1798 3815 1
1836 3765 1956 3821 Cor.
1999 3767 2082 3830 10,
2123 3768 2157 3819 6

564 3917 592 3967 1
648 3916 879 3983 reperire
923 3915 997 3969 θ’
1052 3916 1311 3987 repperiri
1356 3916 1405 3970 0
1451 3916 1725 3988 repperire
1762 3917 1838 3970 L¹
1985 3918 2018 3969 2
2075 3916 2401 3987 dedignatur
2457 3918 2498 3985 (i
2543 3932 2585 3969 s.
2635 3917 2693 3983 l.)
2749 3916 2800 3971 Ο

488 4007 585 4073 3ἷί
622 4007 681 4073 di
715 4021 799 4073 sui
838 4020 869 4073 b
978 4022 1012 4075 3
1048 4020 1343 4077 beelzebub
1382 4024 1537 4094 (med.
1570 4040 1598 4077 e
1626 4040 1667 4078 a.
1700 4024 1758 4091 l.)
1790 4023 1844 4078 L
1951 4028 1988 4079 5
2023 4023 2276 4079 coniciati
2310 4023 2357 4077 G
2391 4022 2682 4077 conuiciati
2709 4022 2792 4075 L¹

491 4109 523 4161 7
543 4108 778 4178 putastis
804 4108 929 4164 628
1067 4110 1100 4164 8
1122 4110 1287 4165 audet
1307 4114 1464 4180 (corr.
1485 4129 1547 4166 ex
1566 4112 1762 4181 aridet)
1793 4112 1840 4167 G
1969 4114 2002 4167 9
2021 4112 2188 4167 nichil
2217 4112 2264 4167 0
2359 4114 2425 4166 11
2456 4110 2524 4165 ad
2543 4110 2794 4166 L¹M¹G¹

494 4198 560 4251 12
596 4200 977 4268 repperiuntur
1013 4200 1290 4255 L1S¹GM
1377 4202 1443 4256 16
1480 4202 1585 4255 iste
1617 4202 1648 4255 b
1740 4202 1810 4255 20
1851 4203 2110 4257 exibeatis
2141 4202 2226 4255 Μ’
2319 4202 2387 4255 21
2417 4202 2696 4255 uiuentem
2725 4200 2792 4255 15¹¹

490 4286 559 4339 23
588 4304 716 4357 sepe
751 4288 800 4342 0
822 4306 949 4359 sepe
980 4289 1027 4343 S
1167 4290 1237 4343 24
1264 4292 1417 4360 uero]
1442 4290 1559 4345 uiro
1580 4290 1828 4345 LSGM¹
1964 4290 2137 4346 celum
2164 4290 2212 4344 0
2349 4291 2417 4344 26
2445 4288 2722 4361 presentia
2750 4288 2800 4341 Ο

492 4374 559 4427 27
596 4374 789 4430 iziotas
828 4376 941 4443 SG,
984 4380 1139 4449 (corr.
1179 4396 1244 4433 ez:
1278 4379 1499 4447 idiotas)
1542 4379 1618 4431 M

2843 1630 2904 1669 10

2836 2162 2894 2201 15
