3159 4984
926 452 1016 506 VI.
1075 451 1363 507 Contra
1418 452 1793 505 Faustum
1850 451 1982 506 lib.
2037 452 2182 506 XXI.
2557 459 2687 521 579

396 653 530 715 est:
581 651 1075 733 corrumpunt
1120 667 1363 713 mores
1409 650 1647 713 bonos
1696 648 2103 731 conloquia
2145 648 2360 723 mala,
2401 651 2467 711 et
2503 648 2688 721 illud,

395 757 563 840 qued
628 758 694 821 et
758 756 881 822 sibi
944 756 1214 839 quisque
1282 755 1581 821 seductor
1648 756 1770 823 sit:
1839 755 1965 838 qui
2031 756 2278 820 autem
2335 758 2558 838 putat
2612 773 2688 818 se

396 882 563 929 esse
611 863 922 946 aliqu-id,
974 883 1137 928 cum
1186 862 1378 926 nihil
1426 862 1547 939 sit,
1598 880 1677 927 se
1721 862 1970 946 ipsum
2029 862 2351 939 seducit,
2411 865 2476 926 et
2529 861 2692 926 illud

397 971 471 1035 de
528 970 631 1035 dei
682 970 987 1048 uindicta,
1047 970 1217 1053 quod
1272 987 1465 1053 supra
1520 970 2056 1034 commemoraui:
2123 969 2449 1033 tradidit
2509 969 2692 1033 illos

347 1079 583 1142 5deus
639 1078 711 1141 in
770 1078 1168 1161 reprobum
1225 1096 1549 1153 sensum,
1608 1079 1692 1139 ut
1745 1075 2054 1153 faciant,
2105 1095 2291 1159 quae
2339 1096 2480 1141 non
2531 1094 2693 1141 con-

394 1186 733 1250 ueniunt.
801 1184 893 1248 ita
939 1188 1004 1248 et
1049 1184 1112 1248 in
1158 1182 1484 1249 ueteribus
1530 1183 1732 1249 libris,
1793 1201 1938 1246 cum
1993 1183 2448 1265 praedixisset:
2509 1182 2691 1248 deus

396 1294 709 1357 mortem
757 1310 899 1356 non
945 1292 1135 1355 fecit
1180 1309 1313 1355 nec
1357 1291 1702 1355 laetatur
1736 1290 1809 1353 in
1847 1290 2281 1373 perditione
2319 1290 2690 1365 uiuorum,

396 1399 585 1483 paulo
654 1400 839 1481 post,
905 1396 1228 1473 inuidia,
1293 1397 1529 1479 inquit,
1600 1396 1892 1461 diaboli
1949 1414 2147 1463 mors
2205 1396 2566 1460 introiuit
2618 1396 2692 1459 in

400 1505 647 1569 orbem
695 1507 1084 1568 terrarum.
1152 1505 1217 1567 et
1269 1520 1490 1567 rursus
1550 1503 1626 1567 de
1679 1503 1822 1587 ipsa
1873 1506 2098 1581 morte,
2157 1522 2236 1567 ne
2283 1521 2352 1567 se
2399 1501 2688 1569 homines

313 1632 363 1667 10
402 1614 573 1675 extra
618 1612 871 1693 culpam
918 1613 1259 1694 ponerent,
1326 1609 1516 1693 inpii
1572 1613 1822 1673 autem
1877 1609 2224 1673 manibus
2286 1612 2360 1673 et
2411 1608 2693 1683 uerbiS‚

398 1714 623 1801 inquit,
673 1717 1194 1783 arcessierunt
1247 1716 1458 1780 illam
1534 1720 1608 1781 et
1665 1716 2195 1781 existimantes
2254 1716 2468 1779 illam
2527 1716 2694 1779 ami-

402 1844 560 1889 cam
627 1825 1143 1899 defluxerunt3
1210 1823 1363 1887 alibi
1422 1826 1675 1887 autem:
1741 1823 1932 1889 bona
1997 1825 2071 1887 et
2124 1824 2347 1900 mala,
2409 1822 2568 1886 uita
2625 1824 2699 1886 et

401 1951 631 2009 mors,
701 1930 1025 1995 diuitiae
1094 1934 1166 1995 et
1221 1934 1628 2014 paupertas
1685 1950 1722 1993 a
1779 1929 2073 1996 domino
2132 1930 2267 1995 deo
2328 1934 2523 1996 sunt.
2591 1928 2697 1994 hic

400 2038 750 2122 perturbati
813 2037 1104 2103 hemines
1169 2058 1294 2104 non
1358 2037 1746 2121 intellegunt
1799 2037 1863 2101 in
1919 2056 2046 2103 uno
2104 2036 2452 2119 eodemque
2512 2055 2696 2119 opere

314 2166 361 2203 15
400 2148 568 2211 malo
624 2164 750 2209 non
804 2147 1028 2229 postea
1083 2148 1507 2227 consequente
1566 2145 1708 2221 alia,
1768 2162 1929 2227 quae
1983 2144 2328 2208 manifesta
2384 2143 2521 2221 erit,
2581 2144 2692 2209 sed

402 2252 675 2335 quadam
722 2252 1020 2317 continuo
1079 2252 1421 2316 comitante
1476 2251 1764 2316 uindicta
1819 2250 1992 2315 aliud
2049 2252 2263 2316 uenire
2322 2252 2398 2315 de
2455 2250 2696 2316 astutia

404 2359 751 2435 suadentiS,
791 2358 964 2423 aliud
1003 2358 1079 2423 de
1116 2358 1399 2441 nequitia
1424 2358 1724 2437 uolentis,
1757 2358 1931 2423 aliud
1962 2358 2037 2422 de
2065 2358 2316 2423 iustitia
2343 2358 2696 2441 punientis:

404 2484 547 2530 cum
595 2465 887 2531 diabolus
935 2466 1244 2549 suggerit,
1280 2465 1470 2531 homo
1508 2465 1848 2543 consentit,
1889 2464 2046 2529 deus
2086 2464 2341 2529 deserit.
2396 2464 2692 2546 quocirca

400 2573 466 2637 in
515 2591 700 2656 opere
764 2572 953 2651 malo,
999 2572 1066 2636 id
1132 2574 1232 2637 est
1291 2572 1725 2639 excaecatione
1780 2570 2152 2643 infidelium,
2193 2572 2247 2636 si
2282 2571 2695 2654 intellegatur

318 2699 369 2736 20
406 2682 471 2743 et
498 2678 788 2743 diabolus
824 2679 1081 2761 propter
1117 2676 1424 2742 suadendi
1458 2676 1946 2762 malignitatem,
1985 2681 2061 2741 ut
2098 2678 2192 2743 sic
2231 2676 2696 2760 distinguatur:

408 2785 591 2850 deus
656 2784 886 2849 huius
952 2784 1269 2863 saeculi,
1336 2803 1459 2850 non
1523 2783 1685 2847 mihi
1749 2783 2005 2847 uidetur
2059 2783 2426 2849 absurdum.
2493 2801 2695 2864 neque

409 2892 575 2956 enim
632 2892 768 2956 sine
822 2891 1254 2956 additamento
1311 2890 1546 2956 dicitur
1601 2890 1805 2968 (16116,
1864 2910 2010 2955 611111
2058 2890 2424 2973 adiungitur
2471 2888 2696 2953 huius

408 2998 720 3075 saeculi,
767 2997 836 3063 id
882 2996 987 3063 est'
1027 2997 1360 3062 hominum
1402 2996 1722 3080 inpiorum
1775 3015 1902 3062 non
1962 2997 2088 3061 nisi
2142 2996 2204 3060 in
2265 2996 2386 3062 hoc
2443 2994 2699 3060 saeculo

404 3104 625 3170 florere
662 3105 1055 3181 uolentium;
1094 3104 1447 3169 secundum
1485 3103 1656 3186 quod
1693 3103 1926 3167 dicitur
1964 3106 2028 3168 et
2064 3102 2306 3167 malum
2348 3102 2702 3176 saeculum,

320 3230 372 3269 ²³>
411 3212 581 3277 sicut
617 3211 925 3295 scriptum
966 3214 1100 3275 est:
1140 3212 1224 3273 ut
1269 3210 1633 3275 eximeret
1669 3229 1800 3275 nos
1841 3210 1925 3275 de
1963 3210 2356 3293 praesenti
2397 3208 2703 3274 saeculo

410 3318 765 3403 maligno.
833 3318 961 3382 tale
1018 3320 1121 3383 est
1176 3318 1339 3382 enim
1399 3320 1465 3381 et
1516 3316 1718 3380 illud:
1785 3335 2099 3399 quorum
2162 3316 2344 3382 deus
2409 3320 2703 3389 uenter:

412 3426 534 3490 nisi
592 3428 763 3490 esset
814 3424 905 3488 ibi
963 3443 1293 3507 quorum,
1351 3425 1526 3490 nullo
1583 3423 1773 3489 modo
1830 3423 2104 3489 diceret:
2175 3423 2358 3489 deus
2415 3426 2702 3489 uenter.

414 3551 528 3597 nec
572 3532 637 3596 in
683 3532 930 3615 psalmo
977 3531 1307 3595 daemonia
1350 3533 1616 3615 possent
1671 3530 1759 3595 dii
1813 3531 2135 3615 appellari,
2192 3530 2320 3595 nisi
2375 3529 2708 3595 adderetur

414 3639 737 3722 gentium;
814 3638 907 3704 sic
973 3638 1139 3703 enim
1203 3638 1511 3722 scriptum
1581 3641 1716 3702 est:
1784 3638 2132 3720 quoniam
2199 3637 2304 3701 dii
2368 3638 2708 3721 gentium

326 3772 379 3811 30
415 3744 823 3811 daemonia.
871 3744 975 3809 hic
1014 3748 1227 3809 autem
1264 3763 1380 3809 nec
1418 3744 1602 3809 deus
1639 3745 1870 3809 huius
1910 3742 2205 3809 saeculi
2243 3763 2360 3809 nec
2398 3763 2710 3825 quorum

598 3981 623 4033 1
662 3980 691 4034 I
728 3980 847 4035 Cor.
888 3978 971 4045 15,
1010 3980 1079 4033 33
1224 3980 1258 4031 2
1297 3976 1417 4033 Gal.
1455 3980 1507 4045 6,
1546 3980 1579 4033 3
1729 3982 1764 4033 4
1807 3980 1960 4035 Rom.
2003 3980 2052 4045 1,
2091 3978 2160 4034 28
2305 3980 2339 4033 6
2387 3978 2510 4049 Sap.
2553 3980 2600 4045 1,
2643 3980 2709 4034 13

322 4099 325 4102 ·
416 4071 449 4123 8
496 4070 621 4140 Sap.
667 4070 719 4131 2.
766 4069 837 4121 24
1018 4068 1087 4123 10
1138 4067 1262 4138 Sap.
1314 4068 1362 4134 1,
1413 4068 1479 4121 16
1664 4068 1730 4121 12
1764 4068 1908 4123 Eccl.
1949 4070 2032 4135 ll,
2077 4070 2140 4122 14
2323 4068 2392 4122 ‘25
2431 4066 2548 4122 Gal.
2591 4068 2637 4133 l,
2675 4070 2711 4119 4

417 4159 485 4213 26
522 4158 664 4213 Phil.
704 4158 753 4223 3,
787 4158 852 4211 19
962 4158 1031 4211 29
1067 4156 1157 4212 Ρ6.
1196 4156 1283 4221 95,
1327 4157 1359 4214 5

491 4284 555 4337 10
595 4282 753 4353 culpa
788 4282 842 4335 L
954 4283 1017 4336 11
1055 4280 1389 4335 accesieruut
1424 4279 1526 4335 SG
1560 4284 1906 4337 accerserunt
1948 4282 1979 4335 b
2100 4281 2168 4335 12
2206 4280 2541 4336 defluxerunt
2577 4286 2630 4348 (x
2665 4298 2706 4337 8.

420 4374 453 4427 l.
494 4391 529 4427 a
566 4389 635 4427 m.
673 4372 723 4442 1)
762 4371 807 4425 S
914 4372 982 4425 19
1020 4372 1105 4425 est
1141 4370 1215 4440 (st
1252 4369 1382 4423 add.
1420 4384 1462 4423 6.
1504 4370 1538 4423 l.
1576 4386 1646 4423 m.
1690 4370 1752 4439 2)
1785 4369 1840 4423 L
1989 4370 2330 4425 excecatione
2369 4370 2450 4441 (ce
2484 4386 2529 4425 ε.
2570 4370 2628 4433 l.)
2671 4370 2718 4424 S

2507 4475 2604 4528 37*
