3159 4984
484 461 614 524 594
1192 456 1244 509 S.
1304 454 1575 508 Aureli
1631 452 2068 522 Augustini

481 652 547 716 in
594 652 855 729 alienos,
904 668 1071 713 nunc
1120 651 1185 713 et
1226 648 1289 712 in
1340 666 1514 725 ειιοε,
1552 666 1721 712 nunc
1767 646 2185 729 perimentem
2229 646 2408 710 milia
2453 646 2786 711 hominum

484 759 563 824 ob
602 758 773 822 leuia
809 756 1065 840 quidem
1104 758 1215 820 aut
1250 755 1428 819 nulla
1464 753 1828 829 commissa,
1857 772 2023 817 nunc
2062 753 2254 817 etiam
2293 752 2787 819 comminantem

484 868 829 929 uenturum
867 883 935 928 se
972 863 1105 928 fore
1145 882 1291 927 cum
1330 861 1543 945 gladio
1582 864 1650 925 et
1683 861 2074 943 parciturum
2111 859 2370 937 nemini,
2417 878 2541 923 non
2586 860 2788 928 iusto,

483 992 609 1037 non
655 970 1013 1054 peccatori:
1070 970 1225 1046 fieri,
1281 969 1562 1051 inquam,
1621 968 1854 1051 potuit,
1913 970 1988 1030 ut
2033 968 2099 1029 et
2145 966 2222 1030 de
2271 965 2373 1031 dei
2417 966 2788 1031 hominibus

479 1079 919 1155 mentirentur,
968 1076 1076 1159 qui
1125 1076 1201 1141 de
1250 1076 1366 1141 deo
1414 1076 1553 1158 ipso
1601 1076 1780 1138 tanta
1833 1073 2247 1156 proteruitate
2301 1072 2553 1137 mentiti
2607 1076 2784 1139 sunt.

486 1185 600 1251 sed
645 1204 763 1250 uos
812 1185 1167 1251 consentite
1214 1183 1569 1257 nobiscum,
1617 1185 1694 1246 ut
1736 1184 1992 1265 portent
2037 1182 2376 1265 scriptores
2423 1180 2678 1245 crimen.
2730 1180 2785 1243 si

487 1292 688 1356 uultis
738 1291 958 1356 eodem
1002 1289 1257 1355 liberari
1300 1289 1663 1373 prophe-tas,

573 1402 632 1462 5.
696 1398 997 1480 Alioquin
1052 1416 1255 1478 neque
1311 1396 1425 1459 illa
1478 1415 1594 1461 nos
1653 1395 1728 1460 de
1783 1395 2104 1461 Abraham
2161 1394 2554 1477 scripsimus,
2611 1394 2788 1475 quod

484 1504 805 1569 habendae
852 1503 1049 1587 prolis
1095 1503 1317 1567 insana
1368 1502 1642 1587 flagrans
1699 1502 1996 1585 cupidine
2054 1504 2118 1566 et
2173 1501 2312 1577 dec,
2371 1501 2480 1582 qui
2533 1500 2600 1564 id
2655 1499 2790 1563 iam

486 1612 609 1677 sibi
657 1612 733 1676 de
782 1612 933 1675 Sara
977 1612 1245 1695 coniuge
1290 1611 1687 1693 promiserat.
1744 1610 2004 1673 minime
2065 1610 2326 1674 credens
2384 1628 2528 1673 cum
2573 1608 2784 1692 pelice

488 1719 819 1783 uolutatus
859 1718 946 1782 sit
982 1718 1100 1782 sub
1140 1718 1527 1782 conscientia
1558 1755 1646 1765 -—
1680 1736 1804 1798 quo
1854 1716 1941 1781 sit
1985 1716 2386 1781 inhonestius
2413 1752 2502 1762 —
2531 1714 2786 1779 uxoris:

486 1844 603 1889 nec
632 1824 802 1907 quod
828 1823 1213 1889 matrimonii
1251 1824 1353 1888 sui
1379 1824 1840 1889 infamissimus
1869 1822 2252 1888 nundinator
2278 1822 2448 1887 idem
2481 1822 2791 1885 auaritiae

484 1950 557 1995 ac
583 1930 825 1994 uentris
854 1948 1045 1994 causa
1076 1929 1323 1995 duobus
1351 1930 1631 2011 regibuS,
1653 1928 2022 1993 Abimelech
2057 1932 2120 1993 et
2147 1928 2479 2005 Pharaoni,
2510 1927 2792 1993 diuersis

482 2036 875 2120 temporibus
922 2038 1339 2100 memoratam
1384 2035 1602 2101 Saram
1651 2035 1984 2119 coniugem
2033 2054 2214 2099 suam
2273 2053 2552 2098 sororem
2607 2052 2788 2098 men·

484 2143 665 2217 titus.
724 2143 870 2223 quia
928 2144 1061 2205 erat
1114 2140 1559 2225 pulcherrima,
1617 2142 1682 2205 in
1740 2142 2148 2206 concubitum
2207 2141 2600 2217 uenditanit;
2669 2160 2792 2205 nec

487 2247 658 2330 quod
720 2248 885 2312 Loth
946 2248 1151 2331 ipsius
1216 2248 1410 2312 frater
1472 2248 1548 2312 de
1609 2248 1886 2313 Sodoma
1948 2249 2255 2313 liberatus
2323 2267 2469 2313 cum
2535 2247 2794 2312 duabus

492 2354 745 2418 filiabus
794 2354 927 2419 suis
972 2354 1037 2417 in
1084 2358 1301 2419 monte
1350 2355 1698 2419 concubuit
1742 2392 1828 2401 —
1877 2354 1984 2437 qui
2031 2354 2364 2419 honestius
2412 2354 2678 2419 arsisset
2725 2356 2794 2419 in

492 2461 769 2527 Sodoma
829 2461 965 2525 ictu
1030 2461 1317 2526 fulminis
1374 2480 1561 2543 quam
1619 2462 1683 2525 in
1739 2464 1956 2526 monte
2021 2462 2316 2545 flagrauit
2377 2462 2792 2527 inconcessae

484 2566 767 2632 libidinis
813 2568 1068 2632 flamma
1106 2604 1191 2615 —-
1231 2568 1343 2631 sed
1390 2587 1506 2632 nec
1544 2568 1714 2650 quod
1750 2568 1931 2633 Isaac
1970 2567 2189 2633 eadem
2225 2569 2390 2651 patri
2427 2588 2543 2633 suo
2584 2570 2794 2653 gessit

484 2693 557 2739 ac
602 2674 777 2756 paria
824 2694 971 2757 erga
1014 2674 1369 2739 Rebeccam
1425 2675 1760 2758 coniugem
1820 2694 2002 2740 suam
2055 2675 2300 2759 fingens
2349 2678 2414 2739 et
2456 2676 2594 2759 ipse
2641 2694 2790 2741 eam

484 2800 783 2857 sororem,
850 2800 977 2863 quo
1041 2800 1153 2863 per
1216 2781 1423 2864 ipsam
1488 2781 1739 2845 uiueret
1800 2782 2102 2864 turpiter;
2180 2801 2295 2846 nec
2361 2782 2529 2863 quod
2593 2782 2794 2847 Iacob

484 2887 655 2952 filius
706 2888 843 2953 eius
887 2888 1058 2952 inter
1093 2888 1333 2952 Rachel
1372 2890 1436 2951 et
1471 2888 1650 2951 Liam
1690 2888 1848 2952 duas
1887 2906 2217 2972 germanas
2257 2908 2502 2953 sorores
2543 2908 2792 2953 earum-

484 3013 604 3075 que
644 2994 931 3078 singulas
972 2994 1245 3059 famulas
1285 2997 1587 3076 quattuor
1623 3013 1888 3060 uxorum
1919 2995 2180 3060 maritus
2213 2998 2536 3077 tamquam
2567 2996 2794 3061 hircus

484 3102 820 3177 errauerit,
886 3104 961 3164 ut
1025 3104 1199 3166 esset
1263 3100 1495 3166 cotidie
1560 3101 1726 3165 inter
1788 3104 2089 3184 quattuor
2161 3106 2370 3167 scorta
2444 3106 2793 3167 certamen.

482 3226 790 3289 quaenam
839 3226 985 3271 eum
1037 3207 1396 3271 uenientem
1436 3207 1511 3271 de
1551 3226 1699 3291 agro
1739 3208 1908 3291 prior
1945 3207 2024 3272 ad
2062 3209 2472 3274 concubitum
2511 3216 2790 3293 raperet.
2869 3230 2889 3257 ³

663 3400 723 3451 11
768 3400 833 3453 cf.
872 3396 1004 3451 Gen.
1050 3398 1133 3463 16,
1174 3400 1206 3450 2
1245 3414 1361 3467 sqq.
1494 3398 1558 3451 14
1597 3398 1662 3453 cf.
1703 3398 1837 3453 Gen.
1876 3399 1962 3460 20,
2002 3400 2068 3463 2;
2113 3400 2192 3463 12,
2237 3402 2302 3454 13
2438 3402 2502 3454 17
2541 3402 2607 3455 cf.
2649 3402 2792 3465 Gen,

485 3488 565 3551 19,
607 3487 675 3540 33
714 3491 770 3541 et
798 3488 866 3540 35
979 3486 1047 3540 20
1088 3486 1153 3540 cf.
1198 3486 1329 3541 Gen.
1370 3487 1455 3551 26,
1497 3488 1527 3540 7

554 3628 581 3679 1
622 3626 677 3679 in
716 3628 863 3697 suos]
902 3644 1025 3680 suos
1064 3629 1116 3681 L
1270 3628 1662 3697 perhimentem
1703 3630 1761 3697 (h
1796 3646 1838 3685 3.
1880 3632 1914 3685 l.
1951 3647 2020 3684 m.
2059 3634 2089 3682 1
2127 3630 2280 3697 add.)
2323 3630 2368 3683 G
2473 3632 2505 3683 2
2557 3632 2792 3686 comini-

481 3717 690 3769 tantem
728 3714 772 3768 C
914 3716 946 3769 3
986 3714 1062 3785 se]
1102 3715 1149 3768 si
1188 3715 1219 3769 b
1368 3716 1505 3771 sorte
1542 3717 1732 3773 LSGb
1771 3718 1913 3772 fon-e
1955 3722 2003 3787 (τ
2043 3722 2135 3786 er.)
2177 3719 2250 3771 M
2364 3720 2396 3771 9
2437 3718 2654 3789 fragans
2695 3722 2789 3773 ,Μ’

487 3790 618 3900 quid
656 3832 723 3883 M
758 3786 883 3901 qiud
922 3834 979 3897 (u
1019 3832 1115 3895 er.)
1161 3832 1205 3885 0
1290 3833 1355 3886 10
1392 3848 1537 3885 sarra
1574 3832 1686 3886 LG
1732 3850 1885 3903 sarra
1923 3832 2014 3889 (Ἠ
2116 3850 2275 3887 uxore
2322 3834 2354 3887 b
2467 3836 2530 3888 11
2580 3838 2792 3889 consci-

480 3920 627 3973 entia
662 3920 711 3990 (e
750 3936 887 3974 corr.
928 3935 989 3973 ex
1028 3930 1091 3976 ω)
1134 3919 1182 3976 S
1322 3937 1425 3990 quo
1465 3921 1544 3975 ed.
1578 3922 1884 3975 Mam-ina.-
1921 3922 2067 3991 quod
2103 3923 2196 3978 zib.
2227 3923 2259 3977 b
2372 3924 2438 3977 12
2477 3924 2790 3978 infamosis-

480 4008 644 4062 simus
674 4007 705 4061 b
818 4010 883 4062 13
922 4007 1243 4063 abimelech
1276 4009 1323 4063 G
1462 4012 1531 4063 14
1568 4026 1766 4063 sarram
1797 4011 1849 4064 L
1999 4014 2062 4065 15
2101 4012 2388 4065 concubitu
2417 4013 2505 4067 Lb
2651 4030 2789 4084 uen—

479 4095 685 4150 dicauit
722 4099 752 4148 b
901 4099 965 4151 17
1016 4098 1257 4169 arsisset]
1312 4100 1548 4153 misisset
1596 4099 1705 4151 LP
1747 4102 2034 4154 mansisset
2082 4100 2114 4154 b
2263 4100 2329 4155 18
2381 4101 2604 4155 sodoma
2643 4106 2696 4155 et
2737 4103 2794 4156 P

477 4185 589 4238 ictu
644 4202 745 4239 om.
792 4184 922 4239 GSb
1143 4189 1198 4239 et
1250 4186 1567 4241 fulminibus
1609 4188 1641 4241 b
1744 4248 1751 4255 ‚
1859 4188 2111 4259 flagrauit
2139 4190 2214 4242 P¹
2395 4190 2704 4245 inconcesse
2735 4191 2790 4244 L

482 4274 548 4327 19
586 4274 729 4327 isaac
768 4275 807 4343 (i
850 4291 1029 4343 paene
1071 4278 1252 4329 emm.)
1294 4274 1344 4327 L
1524 4278 1594 4331 20
1631 4294 1700 4346 pa
1737 4277 1815 4330 ria
1855 4276 1903 4330 S
2077 4278 2144 4331 23
2177 4282 2409 4347 quatuor
2441 4278 2494 4332 G
2523 4282 2789 4349 quaftum·

482 4357 529 4418 (τ
557 4364 647 4429 er.)
684 4362 731 4415 (J
870 4364 1063 4432 hyrcus
1106 4364 1205 4417 LS
1350 4365 1421 4417 24
1460 4366 1684 4419 cottidie
1719 4366 1821 4420 LS

2835 1626 2890 1663 10

2837 2156 2890 2195 15

2833 2689 2890 2727 2⁰
