3159 4984
441 407 566 469 170
1134 404 1186 457 S.
1243 404 1516 457 Aureli
1571 403 2009 474 Augustini

441 599 722 683 spiritua,
791 619 978 681 quem
1044 600 1415 685 lugentibus
1480 600 1676 677 misit,
1725 621 1871 666 cum
1936 602 2013 667 ab
2080 618 2296 667 eorum
2343 601 2547 667 oculis
2592 601 2729 683 ipse

442 706 834 771 ascendisset
907 706 971 771 in
1047 708 1314 773 caelum.
1392 709 1754 775 consolator
1832 710 2001 774 enim
2080 708 2375 773 tristibus
2454 707 2733 771 mittitur

442 812 789 877 secundum
838 812 1016 879 illam
1056 816 1346 880 eiusdem
1382 815 1623 882 domini
1660 816 2077 881 sententiam:
2125 814 2328 880 beati
2374 816 2729 899 lugentes

442 919 792 1000 quoniam
830 920 981 1003 ipsi
1020 922 1641 987 consolabuntur.
1678 922 1816 1005 ipse
1854 922 2047 986 etiam
2084 922 2274 986 dixit:
2313 924 2491 985 tunc
2527 920 2733 1003 luge-

440 1026 627 1090 bunt
673 1025 828 1091 filii
875 1028 1160 1111 sponsi,
1209 1048 1374 1093 cum
1421 1030 1508 1092 ab
1575 1028 1685 1093 eis
1751 1029 2055 1093 ablatus
2102 1028 2339 1093 fuerit
2384 1046 2729 1111 sponsus.

439 1131 502 1196 in
549 1133 663 1197 illo
713 1152 860 1218 ergo
909 1134 1090 1203 libro.
1139 1135 1251 1199 ubi
1299 1136 1693 1219 apertissime
1741 1136 2003 1218 spiritus
2052 1138 2332 1211 sanctuS,
2380 1154 2567 1217 quem
2625 1133 2733 1199 do-

443 1238 653 1303 minus
720 1241 1181 1307 consolatorem
1244 1243 1638 1325 promiserat,
1704 1242 1957 1312 uenisse
2024 1240 2399 1319 declaratur,
2454 1240 2731 1324 legimus

443 1344 520 1409 ad
567 1346 946 1411 sententiam
992 1347 1166 1412 Petri
1211 1348 1518 1414 cecidisse
1563 1348 1852 1415 homines
1899 1350 1965 1414 et
2008 1350 2295 1413 mortuos
2343 1365 2484 1412 esse
2520 1346 2731 1411 uirum

443 1454 508 1515 et
551 1470 828 1521 uxorem.
877 1454 988 1537 qui
1049 1455 1302 1519 mentiri
1366 1456 1505 1521 ausi
1569 1460 1747 1521 erant
1811 1455 2063 1539 spiritui
2108 1457 2349 1521 sancto.
2407 1454 2576 1536 quod
2622 1453 2733 1519 isti

441 1578 670 1642 magna
735 1561 1038 1626 caecitate
1104 1562 1490 1646 uituperant,
1559 1582 1705 1628 cum
1770 1562 1835 1628 in
1900 1560 2276 1646 apocryphis
2341 1580 2453 1645 pro
2502 1578 2731 1643 magno

441 1684 626 1748 opere
671 1666 890 1750 legant
935 1672 1000 1732 et
1041 1669 1224 1742 illud,
1273 1669 1442 1754 quod
1489 1670 1566 1735 de
1614 1670 1905 1754 apostolo
1940 1670 2183 1735 Thoma
2220 1665 2731 1741 commemoraui,

443 1775 509 1837 et
569 1772 772 1856 ipsius
837 1774 1008 1839 Petri
1073 1776 1268 1841 filiam
1331 1776 1741 1860 paralyticam
1806 1776 2037 1840 factam
2084 1774 2377 1859 precibus
2424 1772 2619 1857 patris
2670 1776 2733 1837 et

441 1878 762 1944 hortulani
808 1880 1002 1945 filiam
1052 1882 1132 1946 ad
1174 1901 1426 1965 precem
1471 1882 1675 1965 ipsius
1722 1880 1897 1945 Petri
1942 1898 2083 1947 esse
2130 1883 2465 1955 mortuam,
2520 1884 2587 1944 et
2638 1898 2733 1944 re-

441 1983 774 2067 spondent.
805 1985 975 2067 quod
1005 1986 1127 2053 hoc
1157 1987 1248 2053 eis
1287 1987 1675 2072 expediebat,
1716 1991 1789 2051 ut
1826 1990 1890 2051 et
1924 1986 2037 2050 illa
2072 1986 2429 2051 solueretur
2461 1985 2735 2069 paralysi

447 2095 511 2154 et
557 2090 653 2154 illi
699 2097 1086 2159 moreretur:
1145 2098 1360 2159 tamen
1417 2096 1496 2159 ad
1550 2114 1769 2179 preces
1817 2094 2091 2178 apostoli
2136 2093 2379 2159 factum
2426 2111 2565 2157 esse
2610 2112 2733 2158 non

445 2200 698 2280 negant.
750 2199 890 2280 quis
939 2204 1150 2265 autem
1199 2201 1330 2266 illis
1379 2202 1534 2266 dixit
1577 2221 1738 2277 „non
1778 2199 2149 2285 expediebat
2206 2199 2507 2283 gentibus
2544 2198 2732 2282 inpiis

442 2302 776 2378 interfici⁶,
825 2325 982 2389 quas
1028 2308 1292 2372 traditas
1341 2328 1480 2373 esse
1529 2307 1837 2372 diuinitus
1876 2306 1940 2371 in
1979 2324 2202 2370 manus
2248 2304 2469 2389 populi
2513 2304 2733 2370 Iudae·

445 2428 624 2473 orum
670 2410 1014 2478 inridentes
1060 2414 1273 2477 mirari
1319 2433 1388 2479 se
1434 2414 1733 2499 fingunt?
1800 2432 1943 2477 cum
2000 2414 2214 2476 autem
2262 2412 2373 2476 illa
2416 2431 2542 2478 non
2589 2409 2732 2477 odio

445 2517 557 2581 sed
601 2518 765 2583 bono
813 2519 1019 2583 animo
1068 2520 1342 2603 apostoli
1386 2520 1669 2585 fecerint.
1718 2519 1883 2584 unde
1921 2518 2031 2582 isti
2070 2517 2455 2582 conuincunt
2492 2516 2733 2581 animos

444 2622 726 2687 uirorum
801 2624 1201 2709 spiritalium,
1259 2626 1369 2707 qui
1431 2627 1496 2690 in
1559 2626 1671 2691 illo
1736 2624 1971 2708 populo
2036 2624 2310 2698 fuerunt,
2376 2622 2549 2705 quod
2622 2641 2731 2689 eos

446 2728 726 2807 oderant,
775 2732 886 2814 qui
929 2752 1040 2816 per
1083 2734 1256 2817 ipsos
1305 2732 1520 2797 diuina
1561 2732 1811 2797 iustitia
1857 2731 1933 2796 de
1979 2730 2099 2795 hac
2164 2730 2297 2794 uita
2356 2729 2735 2795 iubebantur

445 2835 673 2901 auferri
695 2842 725 2901 ‘r
776 2841 1158 2923 conpescant
1202 2839 1416 2923 potius
1471 2838 1895 2903 temeritatem
1934 2855 2115 2902 suam
2155 2838 2219 2899 et
2255 2854 2381 2901 non
2419 2833 2736 2918 decipiant

448 2942 772 3026 inperitOS,
821 2946 1052 3027 quibus
1118 2948 1230 3010 aut
1275 2964 1400 3009 non
1447 2947 1636 3010 uacat
1680 2945 1889 3028 legere
1937 2947 2049 3007 aut
2094 2944 2321 3008 nolunt
2364 2942 2575 3025 legere
2622 2943 2733 3005 aut

443 3068 740 3133 per-uerso
787 3050 996 3115 animo
1043 3052 1270 3136 legunt
1332 3054 1396 3115 et
1461 3070 1585 3116 non
1631 3049 1971 3117 intendunt
2016 3053 2081 3114 et
2124 3047 2623 3114 misericordiam
2668 3047 2735 3110 et

445 3155 850 3222 seueritatem
899 3157 1000 3221 dei
1045 3157 1378 3239 utriusque
1425 3157 1793 3223 testamenti
1828 3155 2061 3221 litteris
2100 3153 2541 3221 commendari.
2588 3170 2735 3229 nam

620 3346 652 3400 3
683 3346 862 3401 Matth
912 3348 962 3413 5,
993 3350 1026 3401 5
1142 3347 1394 3403 4Matth.
1425 3349 1474 3407 9.
1508 3348 1574 3402 15
1695 3348 1725 3401 7
1754 3347 1877 3403 Act.
1904 3348 1955 3412 2,
1984 3348 2019 3401 4
2156 3348 2189 3401 9
2220 3346 2287 3400 cf.
2317 3344 2436 3401 Act.
2466 3346 2517 3411 5,
2551 3344 2577 3397 l
2612 3359 2729 3413 sqq.

515 3507 550 3558 4
587 3504 771 3575 etiam]
812 3511 994 3561 autern
1032 3506 1080 3562 S
1218 3506 1350 3561 dicit
1393 3507 1474 3561 Tb
1618 3472 1753 3561 tunc
1775 3509 1825 3575 (c
1860 3521 1931 3561 m.
1970 3508 2011 3561 2
2046 3504 2247 3573 adeor.)
2275 3502 2328 3559 G
2446 3503 2479 3556 5
2517 3501 2732 3556 ablatus

442 3596 606 3649 fuerit
661 3594 729 3649 ab
785 3595 864 3649 eis
918 3612 1146 3667 sponsus
1202 3595 1234 3649 b
1349 3596 1415 3650 10
1469 3594 1717 3664 apocrifls
1776 3598 1935 3663 (corr.
1989 3610 2056 3649 ex
2108 3592 2381 3664 arporfisis
2416 3591 2490 3659 P)
2530 3588 2735 3645 SGVP

443 3710 702 3781 apocryfis
745 3710 797 3765 G
993 3676 1192 3783 magna
1232 3710 1310 3767 (3²
1421 3678 1651 3780 ll⁰pere
1709 3712 1762 3779 (ο
1816 3726 1884 3763 m.
1924 3708 1957 3763 3
1996 3708 2150 3777 add.)
2188 3708 2257 3772 P,
2295 3723 2399 3762 om.
2440 3702 2733 3762 GTGSVb

449 3799 515 3853 12
543 3799 882 3871 paraliticam
911 3800 1078 3855 filiam
1119 3801 1164 3853 V
1261 3798 1965 3873 paralyticam—hortulani
1994 3796 2067 3851 fil.
2094 3813 2199 3852 om.
2228 3795 2277 3851 S
2405 3796 2653 3867 precibus
2682 3792 2736 3845 P

445 3916 514 3969 13
533 3915 892 3970 ortulaniPG
905 3914 948 3967 ν
973 3916 1231 3984 fortulani
1255 3915 1426 4018 (haer.)
1453 3914 1505 3969 G
1617 3914 1682 3968 14
1702 3880 1811 3985 1117!
1833 3916 1991 3982 (corr.
2012 3912 2285 3977 exulum
2392 3908 2613 3981 paralisi
2633 3908 2735 3964 σν

447 4030 512 4083 16
551 4030 694 4101 quis]
734 4029 864 4100 quid
911 4030 964 4084 V
1101 4030 1169 4085 20
1209 4046 1343 4100 quos
1379 4028 1458 4083 1²³
1590 4028 1656 4082 21
1698 4030 1813 4100 per]
1851 4031 2009 4099 ppter
2036 4028 2067 4081 b
2203 4025 2548 4098 iubebantur]
2578 4024 2731 4079 uide-

443 4116 644 4173 bantur
709 4120 792 4187 (in
854 4136 1024 4190 mary.
1091 4122 1170 4173 ar.
1236 4117 1488 4188 iubebst)
1555 4118 1589 4173 b
1751 4118 1820 4172 22
1861 4122 2177 4189 capescant
2219 4116 2271 4171 G
2310 4118 2601 4188 capescant
2654 4114 2735 4169 1²⁸

445 4238 500 4287 et
553 4250 655 4289 om.
695 4234 748 4287 V
902 4234 970 4288 23
998 4234 1178 4307 legero
1206 4234 1398 4289 nolunt
1437 4234 1486 4288 V
1626 4234 1693 4288 24
1732 4192 2037 4300 adtendunt
2069 4231 2147 4288 6²
2174 4230 2468 4287 attendunt
2500 4227 2731 4286 TGSVb

443 4323 512 4375 25
551 4322 832 4378 ueritatem
878 4322 926 4377 0

2769 1588 2823 1625 10

2769 2121 2823 2162 15
