3159 4984
471 443 597 506 710
1160 440 1211 492 S.
1267 437 1541 492 Aureli
1598 436 2030 506 Augustini

471 631 545 696 de
595 651 719 715 quo
766 631 989 696 Iudaei
1034 650 1219 715 reges
1270 669 1350 677 —
1403 630 1517 696 sed
1564 649 1636 694 ex
1682 629 1852 693 tribu
1902 627 2080 707 Leni,
2135 627 2306 692 unde
2362 628 2776 694 sacerdotes:

468 739 638 820 quod
693 740 906 822 ipsum
962 739 1171 821 palam
1230 741 1349 815 est,
1408 737 1554 819 quia
1611 735 1832 800 eadem
1897 737 2143 818 patrem
2204 735 2500 801 habuerit
2563 753 2780 800 sacer-

469 846 683 911 dotem
732 846 1048 928 quendam
1095 845 1350 910 nomine
1397 842 1702 920 Ioachim,
1754 841 1937 907 cuius
1981 842 2296 906 tamenin
2335 842 2454 907 hac
2510 861 2780 926 genera-

464 951 639 1017 tione
686 953 864 1015 nulla
909 969 1182 1033 usquam
1228 949 1449 1013 habita
1492 948 1733 1012 mentio
1773 951 1891 1012 est.
1941 948 2259 1029 quomodo
2300 968 2449 1033 ergo
2488 949 2568 1012 ad
2603 949 2778 1013 hanc

464 1058 799 1122 Dauiticae
830 1057 1224 1141 cognationis
1261 1055 1620 1139 prosapiem
1649 1055 1851 1119 Maria
1884 1055 2197 1138 pertinere
2237 1055 2502 1132 dicetur,
2537 1055 2604 1119 in
2641 1074 2782 1138 qua
2857 1077 2894 1116 5

468 1183 607 1229 eam
654 1184 773 1228 nec
818 1166 1066 1247 patrem
1112 1162 1347 1227 habere
1395 1161 1618 1226 uideas
1665 1180 1782 1226 nec
1825 1162 2178 1226 maritum?
2227 1181 2300 1226 ac
2342 1181 2457 1244 per
2491 1162 2613 1227 hoc
2649 1181 2778 1226 nec

463 1271 575 1335 ille
624 1271 835 1335 Dauid
890 1271 1065 1335 filius
1124 1270 1263 1346 erit,
1323 1269 1614 1352 quisquis
1671 1289 1742 1334 ex
1800 1268 2022 1333 eadem
2077 1268 2381 1346 nascitur,
2445 1269 2572 1333 nisi
2626 1269 2778 1334 eius

465 1377 632 1442 hanc
680 1377 1071 1461 genetricem
1119 1377 1213 1441 sic
1262 1375 1609 1442 admoneas
1655 1375 1911 1459 Ioseph,
1960 1379 2034 1440 ut
2080 1374 2218 1440 eius
2275 1377 2388 1439 aut
2439 1375 2572 1440 filia
2625 1396 2778 1460 pro-

448 1484 655 1562 betur
702 1488 815 1548 aut
864 1484 1107 1549 coniux.

558 1595 616 1654 5.
684 1591 1153 1661 AUGUSTINUS
1200 1589 1563 1674 respondit:
1622 1589 1814 1653 Fides
1863 1589 2179 1654 catholica
2225 1588 2572 1670 eademque
2619 1607 2778 1672 apo·
2825 1609 2892 1648 ιο

464 1697 695 1762 stolica
742 1700 844 1762 est
891 1697 1217 1762 dominum
1273 1698 1565 1762 nostrum
1622 1698 1688 1760 et
1742 1695 2129 1760 saluatorem
2173 1695 2390 1760 Iesum
2439 1694 2774 1760 Christum

465 1806 531 1867 et
603 1803 809 1868 filium
884 1803 987 1867 dei
1063 1821 1205 1867 esse
1272 1802 1625 1867 secundum
1691 1801 2094 1866 diuinitatem
2159 1804 2224 1867 et
2285 1801 2492 1866 filium
2553 1801 2774 1866 Dauid

464 1910 817 1975 secundum
869 1928 1157 1974 carnem:
1209 1908 1379 1992 quod
1422 1909 1515 1973 ita
1558 1909 1902 1992 probamus
1951 1927 2024 1972 ex
2071 1908 2460 1992 euangelicis
2509 1911 2576 1972 et
2617 1927 2774 1992 apo-

468 2017 714 2082 stolicis
780 2016 1015 2080 litteris
1038 2067 1052 2094 ‚
1121 2019 1196 2080 ut
1258 2033 1444 2080 nemo
1510 2014 1724 2098 possit
1787 2014 2216 2080 contradicere
2278 2014 2772 2098 probationibus

466 2123 741 2202 nostris,
809 2122 934 2187 nisi
1001 2122 1110 2205 qui
1173 2122 1335 2205 ipsis
1399 2122 1637 2186 litteris
1705 2121 2120 2198 contradicit,
2199 2140 2323 2186 11011
2399 2121 2568 2186 sicut
2639 2123 2774 2187 sibi
2822 2145 2885 2183 15

458 2229 741 2294 Faustus
805 2229 932 2294 iste
997 2229 1331 2312 proposuit
1384 2228 1600 2294 nescio
1658 2247 1845 2310 quem
1899 2245 2105 2311 pauca
2155 2228 2355 2292 uerba
2407 2227 2641 2294 dixisse
2703 2233 2772 2292 et

461 2339 683 2400 contra
729 2335 1014 2400 eiusdem
1063 2335 1291 2400 Fausti
1336 2334 1712 2418 uersipelles
1761 2333 2035 2398 astutias
2085 2335 2260 2398 nulla
2303 2337 2528 2416 postea
2579 2335 2768 2398 testi-

460 2443 673 2507 monia
706 2441 1077 2527 protulisse.
1127 2442 1297 2525 quod
1344 2461 1463 2526 ego
1512 2460 1662 2506 cum
1707 2441 1937 2518 fecere,
1985 2441 2148 2505 nihil
2194 2442 2252 2506 ei
2299 2441 2468 2524 quod
2504 2461 2769 2525 respon-

459 2548 607 2612 deat
636 2547 991 2613 remanebit
1026 2548 1151 2614 nisi
1188 2549 1372 2626 illud,
1414 2567 1538 2630 quo
1576 2547 1713 2611 uim
1759 2546 2319 2612 manifestissimae
2365 2547 2660 2612 ueritatis
2700 2548 2766 2612 in

458 2655 785 2738 seripturis
810 2655 1045 2734 sanctis
1067 2674 1357 2739 expresse
1377 2653 1664 2719 inludere
1685 2656 1876 2737 atque
1909 2654 2147 2718 euitare
2180 2656 2461 2732 conatur,
2492 2657 2568 2717 ut
2595 2654 2766 2720 falsa
2805 2679 2871 2718 so

454 2761 569 2825 illa
616 2765 680 2826 et
726 2761 959 2826 diuinis
1010 2761 1338 2826 codicibus
1384 2761 1655 2826 inmissa
1698 2761 2098 2843 respondeat.
2148 2779 2336 2842 quam
2376 2760 2765 2825 dementiam

456 2867 892 2951 furiosamque
938 2869 1522 2952 praesumptionem
1561 2870 1630 2932 et
1665 2867 1996 2932 audaciam
2033 2867 2161 2931 iam
2201 2867 2496 2950 superius
2530 2867 2600 2932 in
2637 2868 2768 2933 hoc

458 2993 663 3058 opere,
714 2977 1021 3056 quantum
1062 2975 1354 3040 sufficere
1392 2974 1609 3040 uisum
1649 2977 1768 3050 est,
1807 2973 2122 3050 refutaui3
2171 2992 2287 3038 nec
2324 2973 2546 3038 eadem
2585 2992 2768 3057 repe-

456 3083 591 3143 tere
632 3082 901 3162 oportet,
942 3082 1016 3142 ut
1050 3080 1313 3145 modum
1354 3081 1666 3146 sermonis
1707 3079 1899 3144 etiam
1939 3080 2320 3164 cogitemus,
2370 3080 2522 3163 quid
2558 3080 2769 3166 igitur

460 3203 621 3267 opus
670 3188 772 3249 est
818 3185 1105 3267 dispersa
1148 3205 1260 3269 per
1306 3185 1656 3268 scripturas
1707 3204 1925 3251 omnes
1973 3205 2274 3268 quaerere
2330 3191 2523 3270 atque
2581 3187 2766 3253 colli·
2801 3212 2864 3251 2⁵

459 3309 607 3375 gere
657 3290 1045 3368 testimonia,
1096 3291 1328 3374 quibus
1378 3295 1599 3357 contra
1644 3291 1844 3357 istum
1891 3293 2233 3375 probemus
2279 3293 2345 3358 in
2389 3293 2569 3358 libris
2627 3313 2766 3358 ma-

455 3397 659 3461 ximae
691 3397 1067 3479 diuinaeque
1098 3398 1498 3464 auctoritatis
1530 3398 1802 3463 eundem
1833 3399 1958 3464 dici
1985 3399 2191 3464 filium
2226 3399 2328 3464 dei
2354 3399 2766 3485 unigenitum

456 3522 706 3586 semper
750 3503 940 3567 deum
979 3504 1149 3587 apud
1187 3504 1397 3582 deum,
1438 3505 1548 3586 qui
1587 3505 1820 3570 dicitur
1866 3506 2058 3570 etiam
2105 3504 2282 3571 filius
2318 3506 2530 3571 Dauid
2571 3526 2764 3590 prop-

454 3614 553 3674 ter
599 3613 925 3693 acceptam
972 3611 1237 3675 sormam
1289 3611 1459 3675 serui
1508 3631 1581 3674 ex
1627 3612 1875 3696 ungine
1923 3612 2124 3676 Maria
2161 3612 2430 3697 coniuge
2466 3613 2762 3695 Ioseph?

506 3821 556 3872 -l
598 3818 748 3874 iudei
777 3817 878 3874 ΒΘ
907 3819 1087 3874 11111331
1115 3820 1168 3874 L
1276 3819 1311 3874 3
1346 3819 1619 3890 iobachim
1648 3819 1702 3873 L
1809 3822 1844 3874 4
1871 3819 2078 3874 nullam
2106 3821 2161 3874 L
2267 3821 2301 3873 5
2329 3821 2634 3890 prosapiem
2662 3822 2742 3875 M
2745 3827 2760 3860 ¹

456 3908 489 3962 8
529 3908 846 3977 genitricem
881 3907 1130 3964 GSGMb
1276 3925 1588 3963 ammonens
1614 3907 1888 3964 LS¹M¹G
2013 3907 2047 3962 9
2085 3908 2314 3962 coniunx
2343 3909 2389 3964 0
2511 3910 2579 3963 10
2615 3909 2759 3980 Gap.

452 3997 596 4052 XLV
619 3996 896 4051 LPSMG
976 3997 1279 4066 Agustinus
1299 3999 1352 4053 L
1425 3997 1755 4067 eademquae
1775 3995 1946 4052 SMG
1964 3995 2294 4066 eademquae
2315 3998 2370 4068 (a
2388 4013 2458 4052 m.
2479 4001 2517 4052 3
2535 4003 2684 4066 erp.)
2705 3999 2766 4053 P

457 4086 520 4139 11
553 4087 657 4155 est]
688 4086 973 4140 confitetur
1000 4086 1032 4140 b
1179 4085 1247 4140 17
1276 4086 1606 4156 uersipellaes
1641 4086 1690 4141 G
1721 4086 2026 4157 uersipellis
2047 4086 2080 4140 b
2227 4085 2296 4140 18
2317 4086 2393 4141 eis
2413 4085 2759 4142 8¹¹6me

455 4175 536 4232 ei*
575 4177 622 4243 (3
661 4177 755 4242 er.)
802 4173 850 4228 Ο
1022 4174 1387 4246 respondeant
1423 4175 1455 4229 b
1622 4176 1690 4230 19
1743 4174 2183 4230 manifestissime
2220 4173 2399 4230 SGM
2553 4177 2627 4230 20
2663 4193 2758 4230 ex-

452 4279 635 4332 presse
692 4262 737 4315 C
940 4262 1006 4314 21
1062 4262 1427 4333 respondeant
1482 4263 1528 4317 Ο
1577 4263 1943 4336 respondeant
1997 4263 2030 4317 b
2231 4263 2301 4317 22
2366 4263 2645 4319 audatiam
2713 4265 2764 4318 0

454 4351 524 4404 23
561 4351 767 4404 uisssum
810 4353 855 4416 (s
893 4353 986 4416 er.)
1033 4351 1081 4404 Ο
1184 4353 1252 4405 26
1289 4353 1516 4407 maxime
1554 4350 1657 4406 Ls
1761 4353 1829 4406 27
1868 4353 2160 4423 diuineque
2197 4353 2252 4406 L
