3159 4984
416 449 500 510 66
1105 443 1156 496 S.
1215 443 1487 496 Aureli
1544 443 1983 512 Augustini

421 637 581 702 n'mo
631 636 949 721 gliscebat
996 636 1424 700 adulescentis
1473 635 1844 699 animositas
1895 636 1958 699 et
1994 634 2248 718 inpetus
2290 655 2441 700 suos
2480 637 2541 700 in
2581 657 2715 720 per-

415 743 696 808 uicaciae
741 763 1044 828 magnum
1091 745 1333 807 malum
1379 742 1789 826 inprudenter
1826 742 2114 825 urgebat.
2165 742 2335 824 quod
2373 743 2717 807 altercandi

424 870 624 934 genus
674 850 825 933 quia
869 853 1017 934 post
1063 870 1283 915 eorum
1330 849 1722 914 auditionem
1770 849 2110 932 adgressus
2169 867 2358 924 eram,
2418 849 2716 932 quicquid

423 958 489 1021 in
539 977 610 1022 eo
658 958 780 1022 uel·
817 957 1265 1039 qualicumque
1310 956 1565 1039 ingenio
1613 957 1721 1019 uel
1777 955 1917 1019 aliis
1972 955 2355 1019 lectionibus
2411 961 2715 1039 poteram,

425 1065 580 1130 solis
628 1065 760 1129 illis
806 1064 1230 1129 libentissime
1287 1063 1665 1126 tribuebam.
1734 1063 1825 1125 ita
1883 1081 1951 1125 ex
2008 1061 2263 1125 illorum
2324 1063 2717 1126 sermonibus
2790 1087 2819 1127 5

427 1171 610 1237 ardor
671 1171 736 1234 in
805 1170 1167 1248 certamina,
1235 1189 1308 1234 ex
1373 1170 1789 1233 certaminum
1854 1171 2166 1251 prouentu
2224 1188 2401 1234 amor
2453 1169 2517 1233 in
2572 1169 2720 1234 illos

427 1277 661 1342 cotidie
728 1278 1103 1343 nouabatur.
1175 1296 1245 1340 ex
1312 1296 1436 1357 quo
1505 1275 1850 1350 accidebat,
1917 1277 1990 1338 ut
2054 1275 2357 1357 quicquid
2422 1275 2719 1350 dicerent,

427 1385 604 1450 miris
653 1384 1034 1466 quibusdam
1081 1383 1308 1460 modia,
1357 1401 1480 1446 non
1531 1383 1678 1464 quia
1725 1382 2023 1458 sciebam,
2073 1381 2185 1445 sed
2233 1382 2381 1463 quia
2427 1383 2722 1465 optabam

425 1511 650 1556 uerum
691 1510 853 1568 esse,
901 1511 1012 1574 pro
1061 1509 1215 1556 uero
1264 1489 1695 1572 adprobarem.
1745 1490 1836 1552 ita
1880 1489 2121 1552 sactum
2162 1491 2279 1564 est,
2320 1492 2394 1553 ut
2430 1490 2721 1571 quamuis

422 1597 836 1680 pedetemtim
885 1600 1078 1680 atque
1130 1599 1333 1673 caute,
1384 1600 1593 1660 tamen
1645 1596 1755 1661 diu
1802 1614 2099 1678 sequerer
2133 1596 2421 1660 homines
2459 1595 2721 1659 nitidam
2768 1618 2824 1659 ιο

427 1704 731 1786 stipulam
778 1704 1027 1768 uiuenti
1077 1702 1322 1766 animae
1370 1701 1815 1786 praeferentes,

523 1811 626 1874 12.
696 1809 935 1874 Uerum
984 1811 1160 1873 esto:
1207 1827 1333 1872 non
1379 1810 1663 1890 potera-m
1708 1807 1821 1871 illo
1870 1810 2153 1890 tempore
2200 1807 2527 1871 sensibilia
2571 1807 2726 1872 haec

428 1915 505 1979 ab
550 1915 1102 1998 intellegibilibuS,
1154 1916 1431 1979 carnalia
1491 1914 1741 1980 scilicet
1796 1916 1873 1979 ab
1932 1914 2325 1997 spiritalibus
2383 1913 2725 1978 diiudicare

427 2023 616 2102 atque
667 2021 1042 2088 discernere.
1092 2042 1216 2086 non
1267 2025 1403 2084 erat
1449 2021 1699 2097 aetatis,
1750 2041 1873 2087 non
1923 2020 2316 2104 disciplinae,
2353 2040 2477 2085 non
2518 2020 2726 2084 cuius-

429 2128 573 2192 dam
621 2128 811 2191 etiam
862 2128 1364 2203 consuetudinis
1415 2148 1538 2194 non
1588 2128 1867 2193 ullorum
1916 2127 2186 2209 denique
2230 2127 2602 2192 meritorum
2638 2163 2729 2174 —-
2772 2149 2829 2186 ιε,

431 2253 554 2299 11011
604 2232 769 2296 enim
816 2232 996 2314 parui
1045 2231 1262 2316 gaudii
1307 2233 1761 2315 felicitatisque
1806 2251 1908 2296 res
1958 2235 2059 2296 est
2092 2255 2217 2294 -ε
2264 2232 2436 2296 itane
2472 2230 2729 2295 tandem

437 2358 516 2403 ne
563 2337 728 2402 illud
776 2338 1030 2420 quidem
1080 2339 1351 2422 arripere
1395 2343 1702 2422 poteram,
1744 2339 1912 2421 quod
1957 2339 2023 2402 in
2072 2339 2352 2403 omnium
2399 2339 2729 2403 hominum

436 2445 672 2510 iudicio
723 2445 958 2510 summi
1006 2444 1106 2509 dei
1151 2445 1405 2529 legibus
1451 2448 1678 2510 natura,
1722 2445 1863 2528 ipsa
1908 2446 2292 2511 constituit?

531 2549 758 2630 Quiuis
807 2551 973 2615 enim
1019 2551 1330 2628 homines»,
1371 2571 1531 2634 quos
1575 2552 1766 2616 modo
1814 2571 1851 2615 a
1897 2552 2217 2617 communi
2252 2571 2445 2616 sensu
2484 2551 2733 2634 generis

435 2657 698 2723 humani
744 2659 920 2721 nulla
969 2657 1352 2741 disrupisset
1395 2659 1691 2736 amentia,
1733 2678 1892 2740 quae
1930 2658 2173 2722 uellent
2210 2658 2289 2722 ad
2323 2657 2730 2722 iudicandum
2774 2686 2835 2726 ao

437 2763 654 2829 studia
691 2763 1096 2842 detulissent,
1127 2765 1480 2845 quamlibet
1513 2764 1894 2848 inperitiam,
1926 2768 2501 2847 quantamcumque
2539 2764 2733 2828 etiam

431 2870 821 2947 tarditatem,
889 2870 1090 2934 uelim
1157 2871 1438 2954 experiri,
1506 2871 1660 2952 quid
1725 2871 1884 2935 mihi
1947 2871 2401 2954 responderent
2461 2870 2731 2954 roganti,

439 2981 653 3042 utrum
707 2977 798 3042 eis
844 2995 1143 3060 peccasse
1181 2977 1523 3052 uideretur,
1564 2977 1639 3041 de
1681 2979 1864 3042 cuius
1904 2977 2271 3044 dormientis
2308 2996 2501 3042 manu
2539 2977 2733 3059 scrip-

517 3186 544 3239 1
598 3185 994 3240 adholescentis
1032 3188 1086 3240 A
1127 3185 1499 3252 adulescentes
1537 3187 1607 3239 M
1642 3185 2001 3242 adolescentis
2038 3187 2113 3241 ΒΙ
2260 3188 2451 3256 inpetu
2504 3202 2629 3239 suos
2666 3185 2743 3239 M

437 3301 644 3371 impetu
683 3317 779 3354 suo
821 3301 863 3354 S
1008 3301 1303 3372 peruicatie
1340 3302 1461 3355 MA
1499 3302 1799 3372 paruicacie
1838 3303 1870 3356 b
1961 3303 1995 3356 2
2034 3301 2267 3373 urgebat
2300 3303 2356 3354 A
2390 3300 2655 3371 uergebat
2693 3301 2739 3354 S

435 3417 467 3470 3
492 3414 823 3469 auditionem
847 3416 1095 3469 eorumA
1155 3416 1309 3470 eaB²
1369 3417 1438 3470 4
1423 3434 1480 3470 111
1501 3415 1585 3486 eo]
1606 3433 1725 3470 meo
1740 3415 1885 3470 Msb
1950 3419 1983 3472 5
2002 3417 2193 3484 tribuae
2213 3419 2295 3472 Βῖ
2357 3417 2390 3471 6
2406 3419 2635 3488 ,puentu
2654 3416 2737 3468 Α2

439 3520 614 3557 armor
643 3505 685 3557 S
783 3503 839 3557 in
867 3520 969 3558 om.
998 3503 1103 3557 BA
1139 3508 1207 3572 (s.
1234 3505 1298 3572 l.)
1375 3504 1406 3557 7
1444 3503 1750 3608 1110111111111111·
1780 3509 1871 3573 (ua
1898 3521 2032 3560 corr.
2062 3524 2131 3560 m.
2162 3511 2201 3560 2
2230 3523 2293 3560 ex
2331 3509 2417 3575 ue)
2457 3505 2513 3559 Β
2546 3522 2736 3558 moue—

431 3617 595 3672 batur
630 3617 763 3672 ASb
911 3618 1204 3673 accedebat
1239 3619 1342 3673 Mb
1380 3618 1674 3685 accedebat
1706 3620 1787 3673 B²
1950 3625 2010 3674 ut
2051 3625 2119 3686 (8.
2160 3623 2195 3676 Ζ.
2233 3639 2302 3675 m.
2334 3623 2398 3688 2)
2428 3621 2483 3674 Β
2564 3620 2597 3674 8
2636 3619 2737 3673 ob-

431 3705 616 3760 tabam
653 3706 836 3812 Alf-{11
869 3705 1100 3760 obstaba
1137 3708 1169 3761 b
1377 3709 1448 3764 10
1501 3707 1839 3779 pedetentim
1897 3709 1996 3763 AS
2203 3712 2263 3764 11
2325 3708 2621 3780 stippulam
2678 3710 2732 3761 A

436 3821 504 3875 12
551 3837 737 3875 uerum
785 3838 893 3875 non
941 3829 1186 3892 poteram
1233 3823 1342 3877 ista
1379 3824 1432 3876 A
1479 3840 1667 3927 {ffmm
1721 3825 1803 3878 ita
1850 3825 1893 3877 S
1929 3841 2119 3879 uerum
2164 3825 2274 3878 ista
2314 3823 2436 3878 B²b
2570 3823 2729 3894 haec]

432 3935 532 3989 hec
561 3952 623 3989 ac
653 3939 703 3988 A
731 3953 833 3991 om.
873 3936 948 3990 Sb
1045 3939 1108 3992 13
1140 3937 1412 3992 diudicare
1433 3938 1507 3990 M
1537 3937 1775 3993 iudicare
1804 3939 1885 3992 B²
1962 3941 2029 3992 14
2048 3939 2343 3994 dissernere
2372 3939 2447 3992 M
2568 3941 2735 3994 etatis

437 4053 594 4114 (corr.
635 4066 700 4104 ex
736 4055 874 4121 etas)
906 4056 959 4107 A
1141 4055 1208 4106 15
1245 4019 1626 4110 non'I'fflox-um
1662 4055 1717 4106 A
1901 4057 1965 4109 16
2002 4056 2083 4108 ita
2122 4056 2153 4108 b
2339 4056 2403 4109 17
2443 4051 2617 4126 quida
2655 4055 2737 4108 Β2

435 4165 508 4218 20
537 4163 830 4234 dirupisset
849 4169 880 4221 b
1025 4134 1203 4223 nell-nt
1219 4168 1380 4222 A²B²
1405 4167 1581 4222 uelint
1611 4168 1642 4221 b
1716 4169 1780 4222 21
1815 4175 1872 4224 et
1900 4169 2201 4239 quamlibet
2231 4175 2309 4238 (et
2338 4170 2468 4224 add.
2496 4187 2566 4224 m.
2597 4173 2655 4238 2)
2678 4171 2737 4224 B

435 4255 925 4327 quantumcumque
983 4259 1148 4311 etiam
1205 4257 1463 4310 tarditate
1502 4257 1557 4308 Β
1703 4258 1771 4310 22
1810 4259 2007 4313 uellem
2046 4259 2192 4312 MB²
2346 4257 2737 4329 responderent

437 4369 558 4434 (ent
594 4383 658 4421 ex
693 4369 776 4423 int
811 4387 946 4425 corr.
984 4389 1052 4426 m..
1093 4372 1146 4439 2)
1177 4372 1231 4424 Β
1340 4372 1409 4425 23
1449 4328 1526 4436 eis
1565 4372 1643 4424 B²
