3159 4984
924 494 1013 549 VI.
1072 492 1366 549 Contra
1420 493 1794 548 Faustum
1851 494 1978 549 lib.
2035 494 2262 549 XVIIII.
2608 498 2743 561 525

438 710 577 755 esse
627 694 1031 759 contenditis.
1098 692 1267 758 unde
1318 710 1465 775 ergo
1512 690 1662 755 illae
1710 694 1926 755 amant
1973 708 2010 754 a
2055 710 2122 754 se
2169 690 2441 755 alienam
2499 692 2733 765 lucem,

434 798 583 863 illae
641 802 856 864 autem
911 800 1075 865 hanc
1132 796 1484 863 auersando
1542 815 1660 861 sua
1713 796 1929 879 potius
1987 794 2226 879 origine
2285 796 2734 863 delectantur?

436 922 511 967 an
559 904 863 971 mundius
911 909 1261 971 nascuntur
1304 923 1565 969 muscae
1613 904 1678 967 in
1725 900 1942 968 fetidis
1992 903 2224 968 cloacis
2265 922 2454 986 quam
2493 904 2732 969 blattae

434 1010 497 1075 in
546 1012 833 1077 obscuris
882 1012 1195 1077 cubiculis
1217 1015 1249 1075 Ρ

370 1134 395 1171 5
526 1122 629 1184 25.
696 1120 833 1183 Iam
889 1139 1041 1185 uero
1098 1120 1283 1194 illud,
1343 1118 1511 1200 quod
1566 1118 1846 1200 antiquis
1914 1118 2156 1181 dictum
2225 1121 2359 1183 est:
2429 1119 2732 1184 oculum

434 1244 561 1309 pro
613 1226 858 1303 oculo,
908 1226 1209 1290 dentem
1255 1245 1385 1308 pro
1436 1225 1678 1299 dente,
1720 1224 2036 1306 quomodo
2087 1224 2470 1289 contrarium
2517 1224 2730 1303 habet,

436 1333 607 1414 quod
654 1332 745 1396 ait
792 1332 1123 1398 dominus:
1196 1352 1330 1416 ego
1380 1334 1632 1396 autem
1682 1331 1848 1398 dico
1898 1331 2118 1396 uobis
2168 1350 2306 1396 non
2363 1331 2728 1396 resistere

433 1440 655 1515 malo;
724 1439 855 1504 sed
922 1439 985 1503 si
1051 1439 1218 1521 quis
1284 1442 1357 1502 te
1422 1437 1901 1522 percusserit
1957 1437 2028 1500 in
2085 1437 2466 1501 maxillam
2525 1442 2728 1502 tuam

436 1546 835 1625 dexteram,
876 1545 1149 1629 praebe
1197 1545 1319 1609 illi
1369 1550 1443 1610 et
1488 1546 1803 1609 alteram
1845 1548 1910 1608 et
1948 1548 2175 1621 cetera,
2217 1544 2729 1627 quandoquidem

344 1666 393 1703 10
433 1658 497 1718 et
540 1654 705 1718 illud
752 1653 1086 1735 antiquum
1133 1652 1211 1717 ad
1268 1652 1696 1736 reprimendas
1749 1652 2038 1717 flammas
2097 1651 2386 1716 odiorum
2443 1652 2726 1717 saeuien-

429 1760 719 1842 tiumque
764 1760 1193 1825 inmoderatos
1242 1759 1486 1825 animos
1533 1759 1938 1823 refrenandos
1983 1759 2076 1823 ita
2119 1762 2528 1842 praeceptum
2577 1763 2728 1823 est?

430 1868 573 1949 quis
622 1867 790 1931 enim
836 1866 1095 1931 tandem
1141 1866 1327 1929 facile
1378 1868 1715 1930 contentus
1775 1870 1876 1929 est
1928 1870 2180 1930 tantum
2233 1884 2532 1948 reponere
2589 1866 2724 1930 uin-

430 1973 657 2051 dictae,
727 1975 1035 2055 quantum
1102 1972 1351 2056 accepit
1412 1972 1732 2037 iniuriae?
1805 1992 2010 2037 nonne
2075 1972 2371 2037 uidemus
2435 1972 2728 2037 homines

426 2080 659 2143 leuiter
701 2080 914 2143 laesos
960 2078 1173 2144 moliri
1220 2078 1499 2155 caedem,
1540 2078 1718 2143 sitire
1759 2079 2131 2163 sanguinem
2171 2078 2402 2161 uixque
2439 2080 2724 2144 inuenire

338 2196 388 2235 1⁵
426 2187 491 2249 in
538 2186 725 2249 malis
772 2186 1014 2250 inimici
1069 2186 1237 2251 unde
1296 2187 1660 2251 satientur?
1727 2186 1870 2269 quis
1925 2205 2141 2271 pugno
2196 2206 2540 2270 percussus
2599 2206 2722 2251 non

426 2296 538 2357 aut
598 2292 837 2357 iudicia
903 2294 1180 2357 concitat
1242 2294 1306 2357 in
1374 2293 1842 2359 damnationem
1911 2294 2076 2372 eius,
2144 2294 2252 2375 qui
2316 2293 2722 2378 percusserit,

426 2402 556 2477 aut,
606 2399 661 2464 si
706 2400 846 2482 ipse
891 2404 1291 2483 repercutere
1339 2400 1521 2477 uelit,
1568 2404 1780 2465 totum
1827 2400 2174 2477 hominem,
2236 2400 2290 2465 si
2347 2418 2469 2464 non
2531 2400 2722 2465 etiam

423 2505 552 2570 telo
602 2505 813 2587 aliquo
864 2507 1133 2587 arrept0.
1171 2506 1404 2589 pugnis
1453 2506 1862 2589 calcibusque
1911 2506 2294 2571 contundit?
2341 2507 2490 2571 huic
2528 2506 2728 2590 igitur

421 2612 851 2677 inmoderatae
909 2632 979 2677 ac
1034 2632 1148 2695 per
1200 2613 1321 2678 hoc
1376 2614 1652 2679 iniustae
1709 2614 1941 2679 ultioni
1994 2615 2094 2678 lex
2157 2614 2402 2679 iustum
2459 2613 2720 2678 modum

338 2728 390 2766 ²⁰
426 2718 627 2802 figens
684 2738 952 2801 poenam
1008 2718 1266 2783 talionis
1322 2720 1624 2799 instituit,
1682 2720 1804 2785 hoc
1862 2724 1979 2798 est,
2027 2724 2102 2784 ut
2149 2720 2402 2802 qualem
2451 2720 2720 2802 quisque

420 2825 643 2889 intulit
686 2826 1003 2903 iniuriam,
1044 2826 1173 2890 tale
1214 2826 1604 2910 subplicium
1640 2827 1896 2908 pendat.
1946 2826 2206 2910 proinde
2249 2826 2550 2891 oculum
2588 2845 2720 2907 pro

423 2932 664 3005 oculo,
715 2931 1013 2995 dentem
1059 2952 1186 3015 pro
1238 2932 1459 2996 dente
1508 2953 1632 2998 non
1679 2933 1905 3004 fomes,
1955 2934 2068 2998 sed
2102 2933 2289 2996 limes
2328 2932 2558 2998 suroris
2597 2936 2716 3009 est,

420 3058 543 3103 non
590 3042 667 3103 ut
710 3039 795 3105 id.
848 3039 1015 3121 quod
1066 3040 1347 3122 sopitum
1395 3042 1549 3116 erat,
1609 3040 1760 3105 hinc
1819 3040 2286 3109 accenderetur.
2345 3040 2459 3105 sed
2505 3060 2582 3104 ne
2627 3039 2712 3105 id.

422 3146 590 3228 quod
639 3146 917 3223 ardebat,
966 3147 1135 3210 ultra
1181 3146 1640 3225 extenderetur,
1677 3148 2017 3230 inpositus.
2066 3151 2166 3213 est
2203 3146 2371 3211 enim
2408 3146 2714 3229 quaedam

340 3256 393 3295 ²⁵
422 3253 594 3317 iusta
639 3253 925 3317 uindicta
978 3254 1274 3335 iusteque
1335 3254 1605 3319 debetur
1641 3255 1718 3332 ei,
1760 3255 1868 3337 qui
1905 3254 2097 3318 suerit
2128 3274 2360 3338 passus
2398 3255 2710 3319 iniuriam.

596 3464 627 3515 5
664 3464 756 3516 Ex.
800 3462 884 3523 21,
925 3463 993 3515 24
1030 3462 1227 3517 Matth.
1268 3465 1318 3525 5,
1358 3464 1427 3516 39

490 3614 516 3665 1
566 3613 659 3666 ille
712 3612 759 3665 Ο
938 3614 971 3665 2
1015 3610 1109 3665 ille
1163 3610 1339 3665 GGM
1514 3612 1849 3666 aduersando
1896 3613 1943 3667 0
2119 3614 2150 3667 3
2197 3615 2276 3684 in]
2324 3616 2368 3667 82
2414 3615 2486 3668 L¹
2537 3631 2598 3668 ex
2635 3614 2711 3667 L²

416 3702 661 3767 clotcacis
704 3702 751 3755 G
784 3701 981 3755 cluacis
1023 3699 1151 3754 612¹
1189 3700 1385 3755 cloacis
1424 3702 1480 3771 (u
1519 3716 1656 3755 corr.
1691 3702 1756 3755 in
1793 3703 1844 3768 ο)
1886 3702 2031 3755 ML²
2172 3702 2348 3757 blatte
2385 3702 2460 3755 Μ
2489 3702 2637 3774 blatq
2677 3704 2709 3757 b

417 3792 445 3842 7
483 3791 734 3845 resistere
777 3791 844 3857 (si
879 3806 923 3845 s.
963 3788 1019 3859 Ζ.)
1052 3788 1142 3843 CS
1246 3789 1279 3841 8
1316 3792 1642 3859 percusserit
1677 3794 1734 3844 te
1767 3792 1811 3843 C
1919 3793 1950 3846 9
1989 3792 2228 3847 dextram
2273 3792 2320 3845 0
2469 3790 2632 3862 prebe
2668 3792 2718 3845 G

415 3880 483 3933 10
520 3879 848 3951 diripiendas
894 3879 957 3934 5'1
1102 3878 1429 3933 senientiam
1467 3882 1519 3933 L
1631 3880 1694 3934 11
1736 3896 1769 3933 a
1804 3884 2056 3951 precepto
2097 3888 2180 3935 est
2219 3882 2249 3935 b
2362 3882 2430 3935 12
2467 3879 2708 3951 tandem]

388 3968 748 4033 tantumdem
793 3968 915 4022 0²6
1058 3970 1273 4022 tantum
1310 3984 1411 4021 om.
1458 3968 1505 4021 0
1643 3986 1902 4040 reponere
1939 3970 2016 4023 L¹
2197 3972 2265 4024 13
2303 3970 2502 4040 accipit
2527 3971 2706 4025 L¹Mb

411 4058 695 4128 141euiter
714 4056 762 4112 S
782 4057 981 4112 leuiter
1009 4058 1049 4125 (i
1077 4074 1121 4111 8.
1152 4060 1213 4125 l.)
1239 4060 1287 4113 G
1390 4060 1573 4113 cedem
1592 4058 1749 4114 LSG
1893 4060 2034 4113 sitiri
2053 4059 2176 4115 8¹6
2285 4062 2350 4115 15
2369 4060 2640 4113 sacientur
2665 4060 2712 4113 0

413 4148 478 4200 16
519 4146 918 4201 damnationem
957 4146 1101 4217 (dam
1140 4164 1277 4202 corr.
1319 4166 1383 4203 ex
1420 4147 1543 4203 dem
1568 4166 1640 4203 m.
1670 4150 1720 4219 1)
1756 4149 1803 4203 0
1911 4150 1976 4203 17
2004 4164 2346 4219 repercutere
2375 4154 2463 4219 (cu
2491 4165 2534 4203 ε.
2566 4150 2625 4216 l.)
2664 4150 2714 4203 G

412 4236 478 4290 19
513 4236 717 4291 iniuste
755 4235 856 4291 SG
991 4237 1061 4291 20
1099 4254 1327 4306 paenam
1364 4237 1489 4292 8¹6⁷
1627 4239 1696 4291 22
1730 4238 1924 4293 limene
1962 4238 2169 4293 L¹MG
2202 4238 2360 4293 limes
2400 4241 2447 4306 (s
2483 4256 2527 4293 ε.
2566 4238 2624 4307 1.)
2663 4238 2710 4294 S

411 4328 494 4379 est
546 4342 649 4381 om.
706 4326 751 4380 C
893 4328 961 4379 24
1015 4326 1286 4397 inpositus
1334 4326 1399 4382 8¹
1454 4327 1696 4398 inposita
1754 4330 1808 4395 (u
1864 4328 1928 4380 in
1979 4342 2093 4383 ras.
2151 4334 2274 4382 tres.
2332 4328 2438 4381 litt.
2495 4332 2587 4395 cr.)
2653 4329 2704 4382 G

408 4414 644 4486 inposita
683 4418 767 4469 est
804 4414 849 4468 G
955 4416 1024 4471 25
1062 4417 1329 4486 iustaeque
1375 4416 1422 4470 0
