<?xml version="1.0" encoding="UTF-8"?>
<!DOCTYPE html PUBLIC "-//W3C//DTD XHTML 1.0 Transitional//EN"
    "http://www.w3.org/TR/xhtml1/DTD/xhtml1-transitional.dtd">
<html xmlns="http://www.w3.org/1999/xhtml" xml:lang="en" lang="en">
 <head>
  <title>
</title>
<meta http-equiv="Content-Type" content="text/html;charset=utf-8" />
  <meta name='ocr-system' content='tesseract 3.04.00' />
  <meta name='ocr-capabilities' content='ocr_page ocr_carea ocr_par ocr_line ocrx_word'/>
</head>
<body>
  <div class='ocr_page' id='page_1' title='image "./corpusscriptoru27wissgoog_0262.png"; bbox 0 0 3159 4984; ppageno 0'>
   <div class='ocr_carea' id='block_1_1' title="bbox 474 390 2041 462">
    <p class='ocr_par' dir='ltr' id='par_1_1' title="bbox 474 390 2041 462">
     <span class='ocr_line' id='line_1_1' title="bbox 474 390 2041 462; baseline -0.01 -1"><span class='ocrx_word' id='word_1_1' title='bbox 474 398 604 461; x_wconf 84' lang='lat'>254</span> <span class='ocrx_word' id='word_1_2' title='bbox 1164 395 1215 447; x_wconf 83' lang='lat' dir='ltr'>S.</span> <span class='ocrx_word' id='word_1_3' title='bbox 1274 393 1545 447; x_wconf 85' lang='lat' dir='ltr'>Aureli</span> <span class='ocrx_word' id='word_1_4' title='bbox 1603 390 2041 462; x_wconf 76' lang='lat' dir='ltr'>Augustini</span> 
     </span>
    </p>
   </div>
   <div class='ocr_carea' id='block_1_2' title="bbox 469 584 2865 3460">
    <p class='ocr_par' dir='ltr' id='par_1_2' title="bbox 469 584 2865 3460">
     <span class='ocr_line' id='line_1_2' title="bbox 469 584 2754 671; baseline -0.002 -20"><span class='ocrx_word' id='word_1_5' title='bbox 469 586 675 671; x_wconf 90' lang='lat' dir='ltr'>magis</span> <span class='ocrx_word' id='word_1_6' title='bbox 723 587 1072 670; x_wconf 87' lang='lat' dir='ltr'>nuncupari</span> <span class='ocrx_word' id='word_1_7' title='bbox 1115 586 1321 671; x_wconf 77' lang='lat' dir='ltr'>possit</span> <span class='ocrx_word' id='word_1_8' title='bbox 1358 604 1544 669; x_wconf 90' lang='lat' dir='ltr'>quam</span> <span class='ocrx_word' id='word_1_9' title='bbox 1586 585 2009 669; x_wconf 88' lang='lat' dir='ltr'>euangelium.</span> <span class='ocrx_word' id='word_1_10' title='bbox 2059 604 2131 649; x_wconf 88' lang='lat' dir='ltr'>ac</span> <span class='ocrx_word' id='word_1_11' title='bbox 2168 584 2437 667; x_wconf 89' lang='lat' dir='ltr'>denique</span> <span class='ocrx_word' id='word_1_12' title='bbox 2473 584 2754 661; x_wconf 85' lang='lat' dir='ltr'>Marcus,</span> 
     </span>
     <span class='ocr_line' id='line_1_3' title="bbox 472 689 2747 777; baseline -0.001 -21"><span class='ocrx_word' id='word_1_13' title='bbox 472 690 582 774; x_wconf 92' lang='lat' dir='ltr'>qui</span> <span class='ocrx_word' id='word_1_14' title='bbox 646 692 1114 777; x_wconf 69' lang='lat' dir='ltr'>generationem</span> <span class='ocrx_word' id='word_1_15' title='bbox 1179 691 1450 755; x_wconf 89' lang='lat' dir='ltr'>scribere</span> <span class='ocrx_word' id='word_1_16' title='bbox 1513 710 1637 756; x_wconf 91' lang='lat' dir='ltr'>non</span> <span class='ocrx_word' id='word_1_17' title='bbox 1704 690 1971 767; x_wconf 81' lang='lat' dir='ltr'>curauit,</span> <span class='ocrx_word' id='word_1_18' title='bbox 2039 689 2152 755; x_wconf 85' lang='lat' dir='ltr'>sed</span> <span class='ocrx_word' id='word_1_19' title='bbox 2213 689 2747 773; x_wconf 74' lang='lat' dir='ltr'>praedicationem</span> 
     </span>
     <span class='ocr_line' id='line_1_4' title="bbox 470 794 2757 882; baseline -0.002 -20"><span class='ocrx_word' id='word_1_20' title='bbox 470 801 717 863; x_wconf 89' lang='lat' dir='ltr'>tantum</span> <span class='ocrx_word' id='word_1_21' title='bbox 784 797 900 863; x_wconf 90' lang='lat' dir='ltr'>filii</span> <span class='ocrx_word' id='word_1_22' title='bbox 968 797 1088 873; x_wconf 87' lang='lat' dir='ltr'>dei,</span> <span class='ocrx_word' id='word_1_23' title='bbox 1155 796 1324 879; x_wconf 92' lang='lat' dir='ltr'>quod</span> <span class='ocrx_word' id='word_1_24' title='bbox 1388 799 1488 863; x_wconf 89' lang='lat' dir='ltr'>est</span> <span class='ocrx_word' id='word_1_25' title='bbox 1542 796 1966 882; x_wconf 82' lang='lat' dir='ltr'>euangelium,</span> <span class='ocrx_word' id='word_1_26' title='bbox 2022 795 2170 861; x_wconf 88' lang='lat' dir='ltr'>uide</span> <span class='ocrx_word' id='word_1_27' title='bbox 2229 814 2417 879; x_wconf 87' lang='lat' dir='ltr'>quam</span> <span class='ocrx_word' id='word_1_28' title='bbox 2474 794 2561 859; x_wconf 90' lang='lat' dir='ltr'>sit</span> <span class='ocrx_word' id='word_1_29' title='bbox 2614 813 2757 859; x_wconf 89' lang='lat' dir='ltr'>con-</span> 
     </span>
     <span class='ocr_line' id='line_1_5' title="bbox 470 900 2759 987; baseline -0.003 -17"><span class='ocrx_word' id='word_1_30' title='bbox 470 906 760 987; x_wconf 86' lang='lat' dir='ltr'>petenter</span> <span class='ocrx_word' id='word_1_31' title='bbox 810 922 1109 968; x_wconf 85' lang='lat' dir='ltr'>exorsus:</span> <span class='ocrx_word' id='word_1_32' title='bbox 1178 903 1681 987; x_wconf 86' lang='lat' dir='ltr'>euangelium,</span> <span class='ocrx_word' id='word_1_33' title='bbox 1739 902 1965 987; x_wconf 88' lang='lat' dir='ltr'>inquit,</span> <span class='ocrx_word' id='word_1_34' title='bbox 2022 904 2197 968; x_wconf 91' lang='lat' dir='ltr'>Iesu</span> <span class='ocrx_word' id='word_1_35' title='bbox 2256 901 2545 969; x_wconf 77' lang='lat' dir='ltr'>Christi</span> <span class='ocrx_word' id='word_1_36' title='bbox 2598 900 2759 965; x_wconf 89' lang='lat' dir='ltr'>filii</span> 
     </span>
     <span class='ocr_line' id='line_1_6' title="bbox 473 1009 2853 1095; baseline -0.002 -20"><span class='ocrx_word' id='word_1_37' title='bbox 473 1010 610 1088; x_wconf 81' lang='lat' dir='ltr'>dei,</span> <span class='ocrx_word' id='word_1_38' title='bbox 658 1013 733 1075; x_wconf 91' lang='lat' dir='ltr'>ut</span> <span class='ocrx_word' id='word_1_39' title='bbox 776 1010 923 1075; x_wconf 89' lang='lat' dir='ltr'>hinc</span> <span class='ocrx_word' id='word_1_40' title='bbox 972 1010 1127 1076; x_wconf 88' lang='lat' dir='ltr'>satis</span> <span class='ocrx_word' id='word_1_41' title='bbox 1174 1010 1545 1093; x_wconf 83' lang='lat' dir='ltr'>abundeque</span> <span class='ocrx_word' id='word_1_42' title='bbox 1594 1010 1892 1093; x_wconf 83' lang='lat' dir='ltr'>adpareat</span> <span class='ocrx_word' id='word_1_43' title='bbox 1936 1009 2377 1095; x_wconf 78' lang='lat' dir='ltr'>genealogiam</span> <span class='ocrx_word' id='word_1_44' title='bbox 2432 1027 2555 1073; x_wconf 89' lang='lat' dir='ltr'>non</span> <span class='ocrx_word' id='word_1_45' title='bbox 2614 1025 2755 1073; x_wconf 89' lang='lat' dir='ltr'>esse</span> <span class='ocrx_word' id='word_1_46' title='bbox 2825 1030 2853 1069; x_wconf 79' lang='lat'>⁵</span> 
     </span>
     <span class='ocr_line' id='line_1_7' title="bbox 473 1114 2760 1202; baseline -0.001 -21"><span class='ocrx_word' id='word_1_47' title='bbox 473 1116 902 1201; x_wconf 88' lang='lat' dir='ltr'>euangelium.</span> <span class='ocrx_word' id='word_1_48' title='bbox 969 1137 1240 1201; x_wconf 89' lang='lat' dir='ltr'>namque</span> <span class='ocrx_word' id='word_1_49' title='bbox 1299 1121 1363 1182; x_wconf 92' lang='lat' dir='ltr'>et</span> <span class='ocrx_word' id='word_1_50' title='bbox 1414 1118 1479 1182; x_wconf 90' lang='lat' dir='ltr'>in</span> <span class='ocrx_word' id='word_1_51' title='bbox 1534 1117 1675 1201; x_wconf 89' lang='lat' dir='ltr'>ipso</span> <span class='ocrx_word' id='word_1_52' title='bbox 1721 1117 2048 1183; x_wconf 88' lang='lat' dir='ltr'>Matthaeo</span> <span class='ocrx_word' id='word_1_53' title='bbox 2094 1120 2242 1202; x_wconf 90' lang='lat' dir='ltr'>post</span> <span class='ocrx_word' id='word_1_54' title='bbox 2284 1116 2611 1182; x_wconf 91' lang='lat' dir='ltr'>inclusum</span> <span class='ocrx_word' id='word_1_55' title='bbox 2658 1114 2760 1178; x_wconf 93' lang='lat' dir='ltr'>Io·</span> 
     </span>
     <span class='ocr_line' id='line_1_8' title="bbox 471 1220 2752 1310; baseline -0.001 -25"><span class='ocrx_word' id='word_1_56' title='bbox 471 1224 744 1289; x_wconf 90' lang='lat' dir='ltr'>hannem</span> <span class='ocrx_word' id='word_1_57' title='bbox 798 1224 862 1288; x_wconf 89' lang='lat' dir='ltr'>in</span> <span class='ocrx_word' id='word_1_58' title='bbox 919 1243 1233 1289; x_wconf 83' lang='lat' dir='ltr'>carcerem</span> <span class='ocrx_word' id='word_1_59' title='bbox 1287 1228 1441 1291; x_wconf 88' lang='lat' dir='ltr'>tunc</span> <span class='ocrx_word' id='word_1_60' title='bbox 1493 1225 1736 1310; x_wconf 90' lang='lat' dir='ltr'>legitur</span> <span class='ocrx_word' id='word_1_61' title='bbox 1780 1224 1995 1290; x_wconf 88' lang='lat' dir='ltr'>Iesum</span> <span class='ocrx_word' id='word_1_62' title='bbox 2051 1222 2338 1306; x_wconf 90' lang='lat' dir='ltr'>coepisse</span> <span class='ocrx_word' id='word_1_63' title='bbox 2392 1220 2752 1306; x_wconf 89' lang='lat' dir='ltr'>praedicare</span> 
     </span>
     <span class='ocr_line' id='line_1_9' title="bbox 475 1330 2755 1417; baseline -0.002 -23"><span class='ocrx_word' id='word_1_64' title='bbox 475 1330 875 1415; x_wconf 90' lang='lat' dir='ltr'>euangelium</span> <span class='ocrx_word' id='word_1_65' title='bbox 904 1331 1101 1416; x_wconf 90' lang='lat' dir='ltr'>regni.</span> <span class='ocrx_word' id='word_1_66' title='bbox 1143 1350 1291 1417; x_wconf 89' lang='lat' dir='ltr'>ergo</span> <span class='ocrx_word' id='word_1_67' title='bbox 1331 1332 1633 1414; x_wconf 89' lang='lat' dir='ltr'>quicquid</span> <span class='ocrx_word' id='word_1_68' title='bbox 1670 1335 1814 1397; x_wconf 90' lang='lat' dir='ltr'>ante</span> <span class='ocrx_word' id='word_1_69' title='bbox 1852 1331 1974 1396; x_wconf 90' lang='lat' dir='ltr'>hoc</span> <span class='ocrx_word' id='word_1_70' title='bbox 2010 1333 2331 1395; x_wconf 89' lang='lat' dir='ltr'>narratum</span> <span class='ocrx_word' id='word_1_71' title='bbox 2370 1330 2488 1406; x_wconf 85' lang='lat' dir='ltr'>est,</span> <span class='ocrx_word' id='word_1_72' title='bbox 2528 1344 2755 1413; x_wconf 89' lang='lat' dir='ltr'>genea-</span> 
     </span>
     <span class='ocr_line' id='line_1_10' title="bbox 471 1432 2758 1521; baseline -0.002 -21"><span class='ocrx_word' id='word_1_73' title='bbox 471 1436 684 1521; x_wconf 90' lang='lat' dir='ltr'>logian</span> <span class='ocrx_word' id='word_1_74' title='bbox 734 1456 876 1501; x_wconf 89' lang='lat' dir='ltr'>esse</span> <span class='ocrx_word' id='word_1_75' title='bbox 924 1439 1191 1513; x_wconf 88' lang='lat' dir='ltr'>constat,</span> <span class='ocrx_word' id='word_1_76' title='bbox 1231 1457 1354 1502; x_wconf 88' lang='lat' dir='ltr'>non</span> <span class='ocrx_word' id='word_1_77' title='bbox 1395 1438 1816 1521; x_wconf 89' lang='lat' dir='ltr'>euangelium.</span> <span class='ocrx_word' id='word_1_78' title='bbox 1866 1438 2143 1520; x_wconf 88' lang='lat' dir='ltr'>alioquin</span> <span class='ocrx_word' id='word_1_79' title='bbox 2192 1436 2343 1519; x_wconf 93' lang='lat' dir='ltr'>quid</span> <span class='ocrx_word' id='word_1_80' title='bbox 2395 1432 2758 1518; x_wconf 86' lang='lat' dir='ltr'>inpediebat</span> 
     </span>
     <span class='ocr_line' id='line_1_11' title="bbox 475 1538 2861 1629; baseline -0.002 -22"><span class='ocrx_word' id='word_1_81' title='bbox 475 1547 541 1607; x_wconf 90' lang='lat' dir='ltr'>et</span> <span class='ocrx_word' id='word_1_82' title='bbox 583 1543 982 1608; x_wconf 89' lang='lat' dir='ltr'>Matthaeum</span> <span class='ocrx_word' id='word_1_83' title='bbox 1038 1563 1270 1627; x_wconf 90' lang='lat' dir='ltr'>ponere</span> <span class='ocrx_word' id='word_1_84' title='bbox 1311 1545 1819 1629; x_wconf 86' lang='lat' dir='ltr'>‚euangelium</span> <span class='ocrx_word' id='word_1_85' title='bbox 1855 1544 2031 1609; x_wconf 91' lang='lat' dir='ltr'>Iesu</span> <span class='ocrx_word' id='word_1_86' title='bbox 2072 1543 2356 1611; x_wconf 84' lang='lat' dir='ltr'>Christi</span> <span class='ocrx_word' id='word_1_87' title='bbox 2392 1540 2555 1605; x_wconf 86' lang='lat' dir='ltr'>filii</span> <span class='ocrx_word' id='word_1_88' title='bbox 2593 1538 2761 1617; x_wconf 88' lang='lat' dir='ltr'>dei&#39;,</span> <span class='ocrx_word' id='word_1_89' title='bbox 2798 1553 2861 1592; x_wconf 75' lang='grc' dir='ltr'>ιο</span> 
     </span>
     <span class='ocr_line' id='line_1_12' title="bbox 472 1646 2761 1736; baseline -0.001 -24"><span class='ocrx_word' id='word_1_90' title='bbox 472 1648 596 1713; x_wconf 91' lang='lat' dir='ltr'>nisi</span> <span class='ocrx_word' id='word_1_91' title='bbox 643 1650 792 1732; x_wconf 90' lang='lat' dir='ltr'>quia</span> <span class='ocrx_word' id='word_1_92' title='bbox 834 1649 1172 1733; x_wconf 90' lang='lat' dir='ltr'>inprobum</span> <span class='ocrx_word' id='word_1_93' title='bbox 1216 1650 1472 1733; x_wconf 87' lang='lat' dir='ltr'>putauit</span> <span class='ocrx_word' id='word_1_94' title='bbox 1517 1651 1958 1736; x_wconf 86' lang='lat' dir='ltr'>genealogiam</span> <span class='ocrx_word' id='word_1_95' title='bbox 2014 1668 2241 1715; x_wconf 87' lang='lat' dir='ltr'>uocare</span> <span class='ocrx_word' id='word_1_96' title='bbox 2300 1646 2707 1731; x_wconf 89' lang='lat' dir='ltr'>euangelium</span> <span class='ocrx_word' id='word_1_97' title='bbox 2730 1648 2761 1709; x_wconf 78' lang='lat' dir='ltr'>P</span> 
     </span>
     <span class='ocr_line' id='line_1_13' title="bbox 472 1756 2756 1841; baseline -0.002 -21"><span class='ocrx_word' id='word_1_98' title='bbox 472 1758 854 1839; x_wconf 87' lang='lat' dir='ltr'>quapropter</span> <span class='ocrx_word' id='word_1_99' title='bbox 900 1757 956 1821; x_wconf 90' lang='lat' dir='ltr'>si</span> <span class='ocrx_word' id='word_1_100' title='bbox 1000 1756 1128 1822; x_wconf 90' lang='lat' dir='ltr'>iam</span> <span class='ocrx_word' id='word_1_101' title='bbox 1172 1757 1292 1821; x_wconf 90' lang='lat' dir='ltr'>tibi</span> <span class='ocrx_word' id='word_1_102' title='bbox 1340 1756 1712 1822; x_wconf 88' lang='lat' dir='ltr'>distinctum</span> <span class='ocrx_word' id='word_1_103' title='bbox 1762 1757 1918 1822; x_wconf 89' lang='lat' dir='ltr'>satis</span> <span class='ocrx_word' id='word_1_104' title='bbox 1966 1761 2085 1835; x_wconf 82' lang='lat' dir='ltr'>est,</span> <span class='ocrx_word' id='word_1_105' title='bbox 2124 1756 2294 1841; x_wconf 92' lang='lat' dir='ltr'>quod</span> <span class='ocrx_word' id='word_1_106' title='bbox 2338 1772 2543 1837; x_wconf 91' lang='lat' dir='ltr'>usque</span> <span class='ocrx_word' id='word_1_107' title='bbox 2589 1770 2756 1818; x_wconf 89' lang='lat' dir='ltr'>nunc</span> 
     </span>
     <span class='ocr_line' id='line_1_14' title="bbox 471 1858 2764 1948; baseline 0.002 -22"><span class='ocrx_word' id='word_1_108' title='bbox 471 1861 812 1945; x_wconf 81' lang='lat' dir='ltr'>ignorasti,</span> <span class='ocrx_word' id='word_1_109' title='bbox 878 1862 1066 1946; x_wconf 92' lang='lat' dir='ltr'>longe</span> <span class='ocrx_word' id='word_1_110' title='bbox 1131 1862 1307 1927; x_wconf 89' lang='lat' dir='ltr'>aliud</span> <span class='ocrx_word' id='word_1_111' title='bbox 1371 1882 1542 1947; x_wconf 64' lang='lat' dir='ltr'>esse⁸</span> <span class='ocrx_word' id='word_1_112' title='bbox 1579 1864 1982 1948; x_wconf 90' lang='lat' dir='ltr'>euangelium</span> <span class='ocrx_word' id='word_1_113' title='bbox 2056 1882 2246 1946; x_wconf 93' lang='lat' dir='ltr'>quam</span> <span class='ocrx_word' id='word_1_114' title='bbox 2318 1858 2764 1947; x_wconf 69' lang='lat' dir='ltr'>genealogian⁹</span> 
     </span>
     <span class='ocr_line' id='line_1_15' title="bbox 479 1964 2761 2055; baseline -0.002 -23"><span class='ocrx_word' id='word_1_115' title='bbox 479 1968 641 2033; x_wconf 90' lang='lat' dir='ltr'>scias</span> <span class='ocrx_word' id='word_1_116' title='bbox 687 1987 810 2045; x_wconf 86' lang='lat' dir='ltr'>me,</span> <span class='ocrx_word' id='word_1_117' title='bbox 859 1971 932 2032; x_wconf 92' lang='lat' dir='ltr'>ut</span> <span class='ocrx_word' id='word_1_118' title='bbox 979 1968 1122 2045; x_wconf 79' lang='lat' dir='ltr'>dixi,</span> <span class='ocrx_word' id='word_1_119' title='bbox 1171 1970 1452 2053; x_wconf 89' lang='lat' dir='ltr'>accipere</span> <span class='ocrx_word' id='word_1_120' title='bbox 1500 1969 1927 2055; x_wconf 89' lang='lat' dir='ltr'>euangelium,</span> <span class='ocrx_word' id='word_1_121' title='bbox 1975 1969 2041 2034; x_wconf 92' lang='lat' dir='ltr'>id</span> <span class='ocrx_word' id='word_1_122' title='bbox 2089 1972 2187 2035; x_wconf 89' lang='lat' dir='ltr'>est</span> <span class='ocrx_word' id='word_1_123' title='bbox 2229 1964 2761 2053; x_wconf 85' lang='lat' dir='ltr'>praedicationem</span> 
     </span>
     <span class='ocr_line' id='line_1_16' title="bbox 479 2068 2865 2161; baseline -0.004 -23"><span class='ocrx_word' id='word_1_124' title='bbox 479 2072 736 2138; x_wconf 87' lang='lat' dir='ltr'>Christi.</span> <span class='ocrx_word' id='word_1_125' title='bbox 814 2075 890 2140; x_wconf 89' lang='lat' dir='ltr'>de</span> <span class='ocrx_word' id='word_1_126' title='bbox 952 2096 1076 2158; x_wconf 92' lang='lat' dir='ltr'>quo</span> <span class='ocrx_word' id='word_1_127' title='bbox 1142 2075 1440 2159; x_wconf 90' lang='lat' dir='ltr'>quicquid</span> <span class='ocrx_word' id='word_1_128' title='bbox 1513 2077 1642 2141; x_wconf 89' lang='lat' dir='ltr'>iam</span> <span class='ocrx_word' id='word_1_129' title='bbox 1716 2096 2048 2161; x_wconf 88' lang='lat' dir='ltr'>perrogare</span> <span class='ocrx_word' id='word_1_130' title='bbox 2118 2076 2429 2153; x_wconf 78' lang='lat' dir='ltr'>uolueriS‚</span> <span class='ocrx_word' id='word_1_131' title='bbox 2506 2068 2761 2137; x_wconf 85' lang='lat' dir='ltr'>omissis</span> <span class='ocrx_word' id='word_1_132' title='bbox 2808 2091 2865 2130; x_wconf 64' lang='grc' dir='ltr'>ιε»</span> 
     </span>
     <span class='ocr_line' id='line_1_17' title="bbox 479 2180 2765 2267; baseline 0.002 -22"><span class='ocrx_word' id='word_1_133' title='bbox 479 2181 991 2264; x_wconf 86' lang='lat' dir='ltr'>generationibus</span> <span class='ocrx_word' id='word_1_134' title='bbox 1039 2200 1284 2265; x_wconf 90' lang='lat' dir='ltr'>quaere.</span> <span class='ocrx_word' id='word_1_135' title='bbox 1335 2185 1446 2248; x_wconf 91' lang='lat' dir='ltr'>aut</span> <span class='ocrx_word' id='word_1_136' title='bbox 1495 2184 1548 2248; x_wconf 92' lang='lat' dir='ltr'>si</span> <span class='ocrx_word' id='word_1_137' title='bbox 1598 2187 1663 2247; x_wconf 90' lang='lat' dir='ltr'>et</span> <span class='ocrx_word' id='word_1_138' title='bbox 1709 2183 1784 2248; x_wconf 89' lang='lat' dir='ltr'>de</span> <span class='ocrx_word' id='word_1_139' title='bbox 1829 2183 1989 2267; x_wconf 93' lang='lat' dir='ltr'>ipsis</span> <span class='ocrx_word' id='word_1_140' title='bbox 2037 2184 2318 2249; x_wconf 86' lang='lat' dir='ltr'>conferre</span> <span class='ocrx_word' id='word_1_141' title='bbox 2357 2185 2457 2247; x_wconf 90' lang='lat' dir='ltr'>est</span> <span class='ocrx_word' id='word_1_142' title='bbox 2494 2180 2765 2250; x_wconf 68' lang='lat' dir='ltr'>animus,</span> 
     </span>
     <span class='ocr_line' id='line_1_18' title="bbox 477 2286 2754 2375; baseline 0.001 -25"><span class='ocrx_word' id='word_1_143' title='bbox 477 2305 600 2352; x_wconf 91' lang='lat' dir='ltr'>non</span> <span class='ocrx_word' id='word_1_144' title='bbox 649 2286 942 2370; x_wconf 87' lang='lat' dir='ltr'>equidem</span> <span class='ocrx_word' id='word_1_145' title='bbox 980 2308 1224 2367; x_wconf 75' lang='lat' dir='ltr'>recuso,</span> <span class='ocrx_word' id='word_1_146' title='bbox 1267 2309 1412 2354; x_wconf 89' lang='lat' dir='ltr'>cum</span> <span class='ocrx_word' id='word_1_147' title='bbox 1451 2290 1537 2355; x_wconf 90' lang='lat' dir='ltr'>sit</span> <span class='ocrx_word' id='word_1_148' title='bbox 1571 2290 1732 2355; x_wconf 91' lang='lat' dir='ltr'>mihi</span> <span class='ocrx_word' id='word_1_149' title='bbox 1768 2309 2001 2375; x_wconf 89' lang='lat' dir='ltr'>magna</span> <span class='ocrx_word' id='word_1_150' title='bbox 2039 2294 2104 2355; x_wconf 89' lang='lat' dir='ltr'>et</span> <span class='ocrx_word' id='word_1_151' title='bbox 2142 2290 2217 2355; x_wconf 89' lang='lat' dir='ltr'>de</span> <span class='ocrx_word' id='word_1_152' title='bbox 2255 2289 2355 2355; x_wconf 89' lang='lat' dir='ltr'>his</span> <span class='ocrx_word' id='word_1_153' title='bbox 2395 2290 2474 2353; x_wconf 89' lang='lat' dir='ltr'>ad</span> <span class='ocrx_word' id='word_1_154' title='bbox 2510 2308 2754 2371; x_wconf 88' lang='lat' dir='ltr'>respon-</span> 
     </span>
     <span class='ocr_line' id='line_1_19' title="bbox 479 2393 2763 2482; baseline 0.001 -25"><span class='ocrx_word' id='word_1_155' title='bbox 479 2393 754 2458; x_wconf 90' lang='lat' dir='ltr'>dendum</span> <span class='ocrx_word' id='word_1_156' title='bbox 811 2396 1026 2478; x_wconf 82' lang='lat' dir='ltr'>copia;</span> <span class='ocrx_word' id='word_1_157' title='bbox 1095 2395 1206 2461; x_wconf 88' lang='lat' dir='ltr'>sed</span> <span class='ocrx_word' id='word_1_158' title='bbox 1260 2401 1334 2462; x_wconf 90' lang='lat' dir='ltr'>tu</span> <span class='ocrx_word' id='word_1_159' title='bbox 1393 2396 1564 2462; x_wconf 88' lang='lat' dir='ltr'>disce</span> <span class='ocrx_word' id='word_1_160' title='bbox 1620 2398 2028 2482; x_wconf 85' lang='lat' dir='ltr'>interrogare,</span> <span class='ocrx_word' id='word_1_161' title='bbox 2087 2398 2255 2481; x_wconf 90' lang='lat' dir='ltr'>quod</span> <span class='ocrx_word' id='word_1_162' title='bbox 2309 2398 2585 2480; x_wconf 89' lang='lat' dir='ltr'>primum</span> <span class='ocrx_word' id='word_1_163' title='bbox 2642 2398 2763 2460; x_wconf 89' lang='lat' dir='ltr'>est.</span> 
     </span>
     <span class='ocr_line' id='line_1_20' title="bbox 478 2500 2765 2587; baseline 0.001 -24"><span class='ocrx_word' id='word_1_164' title='bbox 478 2500 715 2566; x_wconf 90' lang='lat' dir='ltr'>uideris</span> <span class='ocrx_word' id='word_1_165' title='bbox 782 2502 949 2567; x_wconf 90' lang='lat' dir='ltr'>enim</span> <span class='ocrx_word' id='word_1_166' title='bbox 1010 2503 1168 2568; x_wconf 91' lang='lat' dir='ltr'>mihi</span> <span class='ocrx_word' id='word_1_167' title='bbox 1233 2524 1400 2570; x_wconf 90' lang='lat' dir='ltr'>nunc</span> <span class='ocrx_word' id='word_1_168' title='bbox 1456 2504 1617 2569; x_wconf 91' lang='lat' dir='ltr'>scire</span> <span class='ocrx_word' id='word_1_169' title='bbox 1674 2505 1863 2583; x_wconf 81' lang='lat' dir='ltr'>uelle,</span> <span class='ocrx_word' id='word_1_170' title='bbox 1919 2525 2042 2570; x_wconf 90' lang='lat' dir='ltr'>non</span> <span class='ocrx_word' id='word_1_171' title='bbox 2100 2508 2315 2568; x_wconf 90' lang='lat' dir='ltr'>utrum</span> <span class='ocrx_word' id='word_1_172' title='bbox 2364 2502 2765 2587; x_wconf 88' lang='lat' dir='ltr'>euangelium</span> 
     </span>
     <span class='ocr_line' id='line_1_21' title="bbox 481 2607 2863 2696; baseline 0.005 -26"><span class='ocrx_word' id='word_1_173' title='bbox 481 2607 805 2691; x_wconf 72' lang='lat' dir='ltr'>accipiam,</span> <span class='ocrx_word' id='word_1_174' title='bbox 857 2610 969 2674; x_wconf 90' lang='lat' dir='ltr'>sed</span> <span class='ocrx_word' id='word_1_175' title='bbox 1012 2612 1230 2675; x_wconf 87' lang='lat' dir='ltr'>utrum</span> <span class='ocrx_word' id='word_1_176' title='bbox 1277 2612 1735 2696; x_wconf 75' lang='lat' dir='ltr'>generationes</span> <span class='ocrx_word' id='word_1_177' title='bbox 2805 2626 2863 2664; x_wconf 77' lang='lat'>²0</span> 
     </span>
     <span class='ocr_line' id='line_1_22' title="bbox 573 2715 2767 2803; baseline -0.001 -21"><span class='ocrx_word' id='word_1_178' title='bbox 573 2716 632 2782; x_wconf 88' lang='lat'>2.</span> <span class='ocrx_word' id='word_1_179' title='bbox 671 2715 1136 2787; x_wconf 80' lang='lat' dir='ltr'>AUGUSTINUS</span> <span class='ocrx_word' id='word_1_180' title='bbox 1173 2718 1533 2802; x_wconf 86' lang='lat' dir='ltr'>respondit:</span> <span class='ocrx_word' id='word_1_181' title='bbox 1575 2718 1759 2783; x_wconf 87' lang='lat' dir='ltr'>Certe</span> <span class='ocrx_word' id='word_1_182' title='bbox 1794 2718 2201 2803; x_wconf 86' lang='lat' dir='ltr'>interrogasti</span> <span class='ocrx_word' id='word_1_183' title='bbox 2233 2723 2298 2783; x_wconf 91' lang='lat' dir='ltr'>te</span> <span class='ocrx_word' id='word_1_184' title='bbox 2334 2719 2544 2802; x_wconf 88' lang='lat' dir='ltr'>ipsum</span> <span class='ocrx_word' id='word_1_185' title='bbox 2583 2717 2767 2783; x_wconf 90' lang='lat' dir='ltr'>uelut</span> 
     </span>
     <span class='ocr_line' id='line_1_23' title="bbox 483 2824 2763 2910; baseline 0.001 -24"><span class='ocrx_word' id='word_1_186' title='bbox 483 2841 553 2886; x_wconf 84' lang='lat' dir='ltr'>ex</span> <span class='ocrx_word' id='word_1_187' title='bbox 590 2840 858 2906; x_wconf 89' lang='lat' dir='ltr'>persona</span> <span class='ocrx_word' id='word_1_188' title='bbox 895 2824 1129 2900; x_wconf 83' lang='lat' dir='ltr'>nostra,</span> <span class='ocrx_word' id='word_1_189' title='bbox 1168 2827 1384 2889; x_wconf 88' lang='lat' dir='ltr'>utrum</span> <span class='ocrx_word' id='word_1_190' title='bbox 1421 2825 1741 2910; x_wconf 88' lang='lat' dir='ltr'>acciperes</span> <span class='ocrx_word' id='word_1_191' title='bbox 1781 2826 2205 2910; x_wconf 73' lang='lat' dir='ltr'>euangelium,</span> <span class='ocrx_word' id='word_1_192' title='bbox 2246 2829 2313 2891; x_wconf 90' lang='lat' dir='ltr'>et</span> <span class='ocrx_word' id='word_1_193' title='bbox 2345 2824 2763 2908; x_wconf 86' lang='lat' dir='ltr'>respondisti:</span> 
     </span>
     <span class='ocr_line' id='line_1_24' title="bbox 476 2929 2764 3015; baseline 0.001 -22"><span class='ocrx_word' id='word_1_194' title='bbox 476 2929 812 2995; x_wconf 81' lang='lat' dir='ltr'>maxime.</span> <span class='ocrx_word' id='word_1_195' title='bbox 879 2948 1226 3011; x_wconf 89' lang='lat' dir='ltr'>rursusque</span> <span class='ocrx_word' id='word_1_196' title='bbox 1289 2930 1715 3015; x_wconf 85' lang='lat' dir='ltr'>interrogasti,</span> <span class='ocrx_word' id='word_1_197' title='bbox 1781 2934 1998 2996; x_wconf 89' lang='lat' dir='ltr'>utrum</span> <span class='ocrx_word' id='word_1_198' title='bbox 2064 2932 2380 3015; x_wconf 88' lang='lat' dir='ltr'>acciperes</span> <span class='ocrx_word' id='word_1_199' title='bbox 2439 2930 2764 2997; x_wconf 89' lang='lat' dir='ltr'>Christum</span> 
     </span>
     <span class='ocr_line' id='line_1_25' title="bbox 481 3035 2763 3118; baseline 0.001 -20"><span class='ocrx_word' id='word_1_200' title='bbox 481 3038 723 3113; x_wconf 89' lang='lat' dir='ltr'>natum,</span> <span class='ocrx_word' id='word_1_201' title='bbox 791 3036 856 3100; x_wconf 90' lang='lat' dir='ltr'>et</span> <span class='ocrx_word' id='word_1_202' title='bbox 918 3035 1337 3118; x_wconf 86' lang='lat' dir='ltr'>respondisti:</span> <span class='ocrx_word' id='word_1_203' title='bbox 1405 3056 1546 3103; x_wconf 90' lang='lat' dir='ltr'>non</span> <span class='ocrx_word' id='word_1_204' title='bbox 1611 3038 1720 3103; x_wconf 90' lang='lat' dir='ltr'>ita</span> <span class='ocrx_word' id='word_1_205' title='bbox 1784 3041 1918 3117; x_wconf 89' lang='lat' dir='ltr'>est,</span> <span class='ocrx_word' id='word_1_206' title='bbox 1984 3039 2147 3104; x_wconf 87' lang='lat' dir='ltr'>hanc</span> <span class='ocrx_word' id='word_1_207' title='bbox 2202 3039 2451 3104; x_wconf 89' lang='lat' dir='ltr'>scilicet</span> <span class='ocrx_word' id='word_1_208' title='bbox 2504 3056 2763 3103; x_wconf 88' lang='lat' dir='ltr'>causam</span> 
     </span>
     <span class='ocr_line' id='line_1_26' title="bbox 485 3141 2855 3229; baseline 0.002 -25"><span class='ocrx_word' id='word_1_209' title='bbox 485 3141 825 3218; x_wconf 77' lang='lat' dir='ltr'>subicien8‚</span> <span class='ocrx_word' id='word_1_210' title='bbox 873 3142 1022 3225; x_wconf 92' lang='lat' dir='ltr'>quia</span> <span class='ocrx_word' id='word_1_211' title='bbox 1067 3143 1387 3227; x_wconf 86' lang='lat' dir='ltr'>generatio</span> <span class='ocrx_word' id='word_1_212' title='bbox 1437 3143 1673 3210; x_wconf 89' lang='lat' dir='ltr'>Christi</span> <span class='ocrx_word' id='word_1_213' title='bbox 1720 3164 1842 3210; x_wconf 90' lang='lat' dir='ltr'>non</span> <span class='ocrx_word' id='word_1_214' title='bbox 1889 3146 2166 3229; x_wconf 81' lang='lat' dir='ltr'>pertinet</span> <span class='ocrx_word' id='word_1_215' title='bbox 2211 3146 2290 3210; x_wconf 90' lang='lat' dir='ltr'>ad</span> <span class='ocrx_word' id='word_1_216' title='bbox 2337 3144 2761 3228; x_wconf 88' lang='lat' dir='ltr'>euangelium.</span> <span class='ocrx_word' id='word_1_217' title='bbox 2798 3159 2855 3199; x_wconf 60' lang='grc' dir='ltr'>εὑ</span> 
     </span>
     <span class='ocr_line' id='line_1_27' title="bbox 487 3247 2765 3333; baseline 0 -21"><span class='ocrx_word' id='word_1_218' title='bbox 487 3247 638 3330; x_wconf 90' lang='lat' dir='ltr'>quid</span> <span class='ocrx_word' id='word_1_219' title='bbox 684 3266 832 3332; x_wconf 90' lang='lat' dir='ltr'>ergo</span> <span class='ocrx_word' id='word_1_220' title='bbox 877 3249 1290 3333; x_wconf 88' lang='lat' dir='ltr'>respondebis</span> <span class='ocrx_word' id='word_1_221' title='bbox 1337 3251 1628 3333; x_wconf 85' lang='lat' dir='ltr'>apostolo</span> <span class='ocrx_word' id='word_1_222' title='bbox 1686 3250 1955 3316; x_wconf 90' lang='lat' dir='ltr'>dicenti:</span> <span class='ocrx_word' id='word_1_223' title='bbox 2020 3272 2299 3318; x_wconf 89' lang='lat' dir='ltr'>memor</span> <span class='ocrx_word' id='word_1_224' title='bbox 2354 3260 2515 3317; x_wconf 90' lang='lat' dir='ltr'>esto</span> <span class='ocrx_word' id='word_1_225' title='bbox 2565 3249 2765 3317; x_wconf 90' lang='lat' dir='ltr'>Chri-</span> 
     </span>
     <span class='ocr_line' id='line_1_28' title="bbox 487 3354 2856 3460; baseline 0.002 -41"><span class='ocrx_word' id='word_1_226' title='bbox 487 3355 686 3419; x_wconf 87' lang='lat' dir='ltr'>stum</span> <span class='ocrx_word' id='word_1_227' title='bbox 735 3354 985 3420; x_wconf 90' lang='lat' dir='ltr'>Iesum</span> <span class='ocrx_word' id='word_1_228' title='bbox 1039 3358 1548 3423; x_wconf 82' lang='lat' dir='ltr'>resurrexisse</span> <span class='ocrx_word' id='word_1_229' title='bbox 1597 3377 1634 3422; x_wconf 91' lang='lat' dir='ltr'>a</span> <span class='ocrx_word' id='word_1_230' title='bbox 1678 3359 1999 3425; x_wconf 90' lang='lat' dir='ltr'>mortuis</span> <span class='ocrx_word' id='word_1_231' title='bbox 2058 3378 2137 3424; x_wconf 85' lang='lat' dir='ltr'>ex</span> <span class='ocrx_word' id='word_1_232' title='bbox 2194 3362 2477 3426; x_wconf 89' lang='lat' dir='ltr'>semine</span> <span class='ocrx_word' id='word_1_233' title='bbox 2524 3359 2768 3425; x_wconf 87' lang='lat' dir='ltr'>Dauid</span> <span class='ocrx_word' id='word_1_234' title='bbox 2848 3448 2856 3460; x_wconf 36' lang='grc' dir='ltr'>Ι</span> 
     </span>
    </p>
   </div>
   <div class='ocr_carea' id='block_1_3' title="bbox 647 3591 2342 3665">
    <p class='ocr_par' dir='ltr' id='par_1_3' title="bbox 647 3591 2342 3665">
     <span class='ocr_line' id='line_1_29' title="bbox 647 3591 2342 3665; baseline 0.005 -21"><span class='ocrx_word' id='word_1_235' title='bbox 647 3591 682 3643; x_wconf 88' lang='grc'><strong>4</strong></span> <span class='ocrx_word' id='word_1_236' title='bbox 717 3592 881 3648; x_wconf 79' lang='lat' dir='ltr'>Marc.</span> <span class='ocrx_word' id='word_1_237' title='bbox 922 3594 972 3659; x_wconf 92' lang='lat'>1,</span> <span class='ocrx_word' id='word_1_238' title='bbox 1011 3596 1041 3649; x_wconf 88' lang='lat'>1</span> <span class='ocrx_word' id='word_1_239' title='bbox 1155 3596 1185 3648; x_wconf 87' lang='lat'><strong>7</strong></span> <span class='ocrx_word' id='word_1_240' title='bbox 1221 3596 1418 3651; x_wconf 81' lang='lat' dir='ltr'>Matth.</span> <span class='ocrx_word' id='word_1_241' title='bbox 1454 3600 1505 3663; x_wconf 89' lang='lat'>4,</span> <span class='ocrx_word' id='word_1_242' title='bbox 1549 3598 1630 3651; x_wconf 84' lang='lat'>12.</span> <span class='ocrx_word' id='word_1_243' title='bbox 1676 3599 1740 3652; x_wconf 89' lang='lat'>17</span> <span class='ocrx_word' id='word_1_244' title='bbox 1850 3599 1919 3653; x_wconf 81' lang='lat'>26</span> <span class='ocrx_word' id='word_1_245' title='bbox 1956 3599 2009 3653; x_wconf 82' lang='lat'>11</span> <span class='ocrx_word' id='word_1_246' title='bbox 2046 3597 2181 3652; x_wconf 88' lang='lat' dir='ltr'>Tim.</span> <span class='ocrx_word' id='word_1_247' title='bbox 2220 3599 2269 3665; x_wconf 83' lang='lat'>2,</span> <span class='ocrx_word' id='word_1_248' title='bbox 2309 3598 2342 3653; x_wconf 90' lang='grc'>8</span> 
     </span>
    </p>
   </div>
   <div class='ocr_carea' id='block_1_4' title="bbox 488 3740 2774 4301">
    <p class='ocr_par' dir='ltr' id='par_1_4' title="bbox 488 3740 2774 4301">
     <span class='ocr_line' id='line_1_30' title="bbox 562 3740 2774 3825; baseline 0.003 -30"><span class='ocrx_word' id='word_1_249' title='bbox 562 3741 592 3795; x_wconf 93' lang='grc'><strong>1</strong></span> <span class='ocrx_word' id='word_1_250' title='bbox 631 3740 714 3811; x_wconf 84' lang='lat' dir='ltr'>ac]</span> <span class='ocrx_word' id='word_1_251' title='bbox 744 3746 804 3797; x_wconf 83' lang='lat' dir='ltr'>at</span> <span class='ocrx_word' id='word_1_252' title='bbox 829 3742 1000 3800; x_wconf 76' lang='lat' dir='ltr'>SMG</span> <span class='ocrx_word' id='word_1_253' title='bbox 1107 3748 1140 3801; x_wconf 83' lang='lat'>5</span> <span class='ocrx_word' id='word_1_254' title='bbox 1176 3748 1302 3803; x_wconf 88' lang='lat' dir='ltr'>hinc</span> <span class='ocrx_word' id='word_1_255' title='bbox 1333 3756 1390 3819; x_wconf 90' lang='lat' dir='ltr'>(n</span> <span class='ocrx_word' id='word_1_256' title='bbox 1415 3765 1458 3806; x_wconf 78' lang='grc' dir='ltr'>ε.</span> <span class='ocrx_word' id='word_1_257' title='bbox 1490 3751 1549 3817; x_wconf 84' lang='grc' dir='ltr'>Ζ.)</span> <span class='ocrx_word' id='word_1_258' title='bbox 1573 3752 1621 3809; x_wconf 80' lang='lat' dir='ltr'><em>S</em></span> <span class='ocrx_word' id='word_1_259' title='bbox 1757 3751 2119 3825; x_wconf 82' lang='lat' dir='ltr'>habundeque</span> <span class='ocrx_word' id='word_1_260' title='bbox 2154 3751 2201 3805; x_wconf 81' lang='lat' dir='ltr'><strong><em>G</em></strong></span> <span class='ocrx_word' id='word_1_261' title='bbox 2340 3750 2699 3822; x_wconf 72' lang='lat' dir='ltr'>genealogiam</span> <span class='ocrx_word' id='word_1_262' title='bbox 2727 3748 2774 3802; x_wconf 81' lang='lat' dir='ltr'><strong><em>S</em></strong></span> 
     </span>
     <span class='ocr_line' id='line_1_31' title="bbox 488 3830 2767 3914; baseline -0.001 -17"><span class='ocrx_word' id='word_1_263' title='bbox 488 3830 643 3897; x_wconf 77' lang='lat' dir='ltr'>¹1⁰1¹ll</span> <span class='ocrx_word' id='word_1_264' title='bbox 677 3830 728 3884; x_wconf 79' lang='lat' dir='ltr'><strong><em>G</em></strong></span> <span class='ocrx_word' id='word_1_265' title='bbox 830 3834 861 3887; x_wconf 89' lang='lat'>6</span> <span class='ocrx_word' id='word_1_266' title='bbox 897 3852 1023 3892; x_wconf 88' lang='lat' dir='ltr'>nam</span> <span class='ocrx_word' id='word_1_267' title='bbox 1057 3839 1213 3895; x_wconf 77' lang='lat' dir='ltr'>GMb</span> <span class='ocrx_word' id='word_1_268' title='bbox 1355 3844 1601 3899; x_wconf 86' lang='lat' dir='ltr'>mattheo</span> <span class='ocrx_word' id='word_1_269' title='bbox 1632 3845 1751 3912; x_wconf 77' lang='lat' dir='ltr'>(sic.</span> <span class='ocrx_word' id='word_1_270' title='bbox 1780 3844 2002 3914; x_wconf 75' lang='lat' dir='ltr'>ubique)</span> <span class='ocrx_word' id='word_1_271' title='bbox 2032 3844 2086 3898; x_wconf 89' lang='lat' dir='ltr'><em>L</em></span> <span class='ocrx_word' id='word_1_272' title='bbox 2111 3848 2325 3901; x_wconf 88' lang='lat' dir='ltr'>matheo</span> <span class='ocrx_word' id='word_1_273' title='bbox 2372 3844 2419 3898; x_wconf 82' lang='grc' dir='ltr'><em>Ο</em></span> <span class='ocrx_word' id='word_1_274' title='bbox 2558 3842 2588 3895; x_wconf 83' lang='grc'><strong>7</strong></span> <span class='ocrx_word' id='word_1_275' title='bbox 2618 3836 2767 3907; x_wconf 80' lang='lat' dir='ltr'>tune]</span> 
     </span>
     <span class='ocr_line' id='line_1_32' title="bbox 488 3916 2770 3999; baseline 0.006 -30"><span class='ocrx_word' id='word_1_276' title='bbox 488 3916 630 3971; x_wconf 87' lang='lat' dir='ltr'>hunc</span> <span class='ocrx_word' id='word_1_277' title='bbox 665 3918 719 3972; x_wconf 90' lang='lat' dir='ltr'><strong><em>L</em></strong></span> <span class='ocrx_word' id='word_1_278' title='bbox 809 3922 842 3976; x_wconf 91' lang='grc'>8</span> <span class='ocrx_word' id='word_1_279' title='bbox 880 3928 1256 3999; x_wconf 83' lang='lat' dir='ltr'>genealogiam</span> <span class='ocrx_word' id='word_1_280' title='bbox 1301 3932 1514 3992; x_wconf 76' lang='lat' dir='ltr'><strong><em>GSMG</em></strong></span> <span class='ocrx_word' id='word_1_281' title='bbox 1610 3940 1675 3993; x_wconf 90' lang='lat'>10</span> <span class='ocrx_word' id='word_1_282' title='bbox 1700 3940 2003 3995; x_wconf 78' lang='lat' dir='ltr'>mattheum</span> <span class='ocrx_word' id='word_1_283' title='bbox 2030 3938 2084 3992; x_wconf 89' lang='lat' dir='ltr'><strong><em>L</em></strong></span> <span class='ocrx_word' id='word_1_284' title='bbox 2109 3936 2387 3992; x_wconf 81' lang='lat' dir='ltr'>matheum</span> <span class='ocrx_word' id='word_1_285' title='bbox 2421 3933 2469 3987; x_wconf 82' lang='lat'><em>0</em></span> <span class='ocrx_word' id='word_1_286' title='bbox 2606 3946 2770 3983; x_wconf 78' lang='lat' dir='ltr'>euan-</span> 
     </span>
     <span class='ocr_line' id='line_1_33' title="bbox 491 4007 2774 4120; baseline -0.005 -37"><span class='ocrx_word' id='word_1_287' title='bbox 491 4007 692 4111; x_wconf 49' lang='lat' dir='ltr'>geh’ssffm</span> <span class='ocrx_word' id='word_1_288' title='bbox 733 4011 775 4077; x_wconf 88' lang='lat' dir='ltr'>(i</span> <span class='ocrx_word' id='word_1_289' title='bbox 811 4020 949 4119; x_wconf 52' lang='grc' dir='ltr'>ΜΛ]</span> <span class='ocrx_word' id='word_1_290' title='bbox 968 4026 1272 4120; x_wconf 51' lang='grc' dir='ltr'>κιζιιφενεςωι)</span> <span class='ocrx_word' id='word_1_291' title='bbox 1310 4023 1363 4076; x_wconf 92' lang='lat' dir='ltr'><strong><em>L</em></strong></span> <span class='ocrx_word' id='word_1_292' title='bbox 1493 4027 1558 4080; x_wconf 86' lang='lat'>12</span> <span class='ocrx_word' id='word_1_293' title='bbox 1598 4045 1875 4099; x_wconf 86' lang='lat' dir='ltr'>quousque</span> <span class='ocrx_word' id='word_1_294' title='bbox 1912 4028 1967 4082; x_wconf 89' lang='lat' dir='ltr'><strong><em>L</em></strong></span> <span class='ocrx_word' id='word_1_295' title='bbox 2093 4027 2160 4083; x_wconf 85' lang='lat'>13</span> <span class='ocrx_word' id='word_1_296' title='bbox 2198 4021 2575 4096; x_wconf 77' lang='lat' dir='ltr'>genealogiam</span> <span class='ocrx_word' id='word_1_297' title='bbox 2603 4017 2774 4075; x_wconf 67' lang='grc' dir='ltr'><em>ΗΜΘ-</em></span> 
     </span>
     <span class='ocr_line' id='line_1_34' title="bbox 496 4128 2769 4209; baseline -0.006 -17"><span class='ocrx_word' id='word_1_298' title='bbox 496 4148 564 4201; x_wconf 78' lang='grc'>14</span> <span class='ocrx_word' id='word_1_299' title='bbox 607 4130 848 4201; x_wconf 78' lang='lat' dir='ltr'>accipere</span> <span class='ocrx_word' id='word_1_300' title='bbox 885 4135 949 4185; x_wconf 75' lang='lat' dir='ltr'>ut</span> <span class='ocrx_word' id='word_1_301' title='bbox 977 4136 1086 4191; x_wconf 86' lang='lat' dir='ltr'>dixi</span> <span class='ocrx_word' id='word_1_302' title='bbox 1113 4136 1166 4189; x_wconf 94' lang='lat' dir='ltr'><strong><em>L</em></strong></span> <span class='ocrx_word' id='word_1_303' title='bbox 1277 4139 1341 4193; x_wconf 90' lang='lat'>15</span> <span class='ocrx_word' id='word_1_304' title='bbox 1369 4154 1661 4209; x_wconf 87' lang='lat' dir='ltr'>prorogare</span> <span class='ocrx_word' id='word_1_305' title='bbox 1690 4137 1722 4191; x_wconf 80' lang='lat' dir='ltr'>b</span> <span class='ocrx_word' id='word_1_306' title='bbox 1754 4139 1837 4207; x_wconf 75' lang='lat' dir='ltr'>(in</span> <span class='ocrx_word' id='word_1_307' title='bbox 1861 4153 1962 4206; x_wconf 69' lang='lat' dir='ltr'>my.</span> <span class='ocrx_word' id='word_1_308' title='bbox 1991 4134 2049 4189; x_wconf 61' lang='lat' dir='ltr'>al</span> <span class='ocrx_word' id='word_1_309' title='bbox 2074 4134 2415 4205; x_wconf 82' lang='lat' dir='ltr'>praerogare)</span> <span class='ocrx_word' id='word_1_310' title='bbox 2528 4128 2593 4183; x_wconf 80' lang='lat'>17</span> <span class='ocrx_word' id='word_1_311' title='bbox 2624 4142 2769 4189; x_wconf 83' lang='lat' dir='ltr'>noun</span> 
     </span>
     <span class='ocr_line' id='line_1_35' title="bbox 496 4216 2769 4301; baseline -0.008 -16"><span class='ocrx_word' id='word_1_312' title='bbox 496 4235 640 4301; x_wconf 76' lang='lat' dir='ltr'>(exp.</span> <span class='ocrx_word' id='word_1_313' title='bbox 670 4248 740 4284; x_wconf 89' lang='lat' dir='ltr'>m.</span> <span class='ocrx_word' id='word_1_314' title='bbox 768 4232 825 4299; x_wconf 89' lang='lat'>1)</span> <span class='ocrx_word' id='word_1_315' title='bbox 847 4230 901 4284; x_wconf 89' lang='lat' dir='ltr'><strong><em>L</em></strong></span> <span class='ocrx_word' id='word_1_316' title='bbox 989 4229 1052 4282; x_wconf 86' lang='lat'>21</span> <span class='ocrx_word' id='word_1_317' title='bbox 1087 4245 1208 4298; x_wconf 78' lang='lat' dir='ltr'>cap.</span> <span class='ocrx_word' id='word_1_318' title='bbox 1245 4228 1300 4282; x_wconf 89' lang='lat' dir='ltr'><strong><em>V</em></strong></span> <span class='ocrx_word' id='word_1_319' title='bbox 1319 4226 1596 4283; x_wconf 76' lang='lat' dir='ltr'><strong><em>LSMPG</em></strong></span> <span class='ocrx_word' id='word_1_320' title='bbox 1702 4226 2003 4297; x_wconf 86' lang='lat' dir='ltr'>Agustinus</span> <span class='ocrx_word' id='word_1_321' title='bbox 2032 4225 2150 4291; x_wconf 76' lang='lat' dir='ltr'>(sic.</span> <span class='ocrx_word' id='word_1_322' title='bbox 2178 4222 2402 4289; x_wconf 77' lang='lat' dir='ltr'>ubique)</span> <span class='ocrx_word' id='word_1_323' title='bbox 2423 4218 2476 4271; x_wconf 94' lang='lat' dir='ltr'><strong><em>L</em></strong></span> <span class='ocrx_word' id='word_1_324' title='bbox 2584 4216 2653 4268; x_wconf 87' lang='grc'>22</span> <span class='ocrx_word' id='word_1_325' title='bbox 2684 4230 2769 4267; x_wconf 80' lang='lat' dir='ltr'>ac·-</span> 
     </span>
    </p>
   </div>
   <div class='ocr_carea' id='block_1_5' title="bbox 497 4322 1783 4413">
    <p class='ocr_par' dir='ltr' id='par_1_5' title="bbox 497 4322 1783 4413">
     <span class='ocr_line' id='line_1_36' title="bbox 497 4322 1783 4413; baseline -0.008 -16"><span class='ocrx_word' id='word_1_326' title='bbox 497 4344 670 4413; x_wconf 81' lang='lat' dir='ltr'>cipere</span> <span class='ocrx_word' id='word_1_327' title='bbox 707 4340 760 4393; x_wconf 90' lang='lat' dir='ltr'><strong><em>L</em></strong></span> <span class='ocrx_word' id='word_1_328' title='bbox 869 4336 938 4391; x_wconf 84' lang='lat'>25</span> <span class='ocrx_word' id='word_1_329' title='bbox 978 4354 1084 4409; x_wconf 77' lang='lat' dir='ltr'>qua</span> <span class='ocrx_word' id='word_1_330' title='bbox 1118 4336 1205 4391; x_wconf 82' lang='lat' dir='ltr'>Lb</span> <span class='ocrx_word' id='word_1_331' title='bbox 1312 4336 1381 4391; x_wconf 84' lang='lat'>26</span> <span class='ocrx_word' id='word_1_332' title='bbox 1417 4322 1534 4390; x_wconf 67' lang='lat' dir='ltr'>sfiffi</span> <span class='ocrx_word' id='word_1_333' title='bbox 1565 4322 1693 4405; x_wconf 55' lang='grc' dir='ltr'><em>ᾗ</em></span> <span class='ocrx_word' id='word_1_334' title='bbox 1736 4332 1783 4387; x_wconf 83' lang='lat'><em>0</em></span> 
     </span>
    </p>
   </div>
  </div>
 </body>
</html>
