3159 4984
859 490 946 545 Vl.
1005 493 1297 547 Contra
1352 491 1718 548 Faustum
1773 491 1904 546 lib.
1959 492 2152 548 XXXI.
2523 495 2654 560 '759

356 685 589 752 belluis
668 687 963 753 omnibus
1029 691 1096 752 et
1160 687 1447 753 echidnis
1524 691 1590 752 et
1662 688 1939 754 colubris
2018 707 2092 754 ac
2162 687 2404 771 reliquo
2479 687 2647 756 omni

359 811 589 877 genere
628 794 993 878 serpentino
1033 795 1210 859 iuxta
1247 789 1453 878 ὅραμα
1488 795 1682 860 Petri.
1731 795 2039 860 hactenus
2087 794 2254 861 enim
2291 813 2440 860 uere
2481 794 2652 865 dicto

358 899 691 966 audientes
738 919 857 965 uos
906 919 1048 966 esse
1101 900 1457 984 probabitis
1513 900 1684 980 uoci,
1741 919 1929 983 quam
1985 901 2187 966 fertur
2239 900 2530 978 audisse;
2588 905 2654 966 et

312 1009 571 1102 3tamen
630 1006 823 1072 huius
880 1025 1133 1089 quoque
1190 1006 1614 1072 memineritis
1669 1025 1940 1091 semper,
1998 1007 2148 1091 quia
2189 1007 2450 1091 Moyses
2503 1007 2651 1074 hinc

290 1133 321 1173 s
360 1116 427 1178 et
478 1112 821 1196 prophetae
879 1111 1163 1176 damnati
1219 1115 1388 1184 sunt,
1447 1113 1557 1194 qui
1616 1112 1692 1178 de
1747 1111 1870 1190 his,
1935 1131 2096 1194 quae
2161 1113 2654 1180 sanctificauerit

362 1217 519 1286 deus
580 1217 755 1284 iuxta
818 1218 1001 1284 uocis
1067 1217 1259 1283 huius
1326 1219 1709 1283 sententiam
1733 1269 1748 1297 ,
1811 1219 2020 1284 multa
2080 1220 2447 1303 putauerint
2509 1239 2649 1288 esse

358 1324 625 1407 polluta.

448 1433 510 1496 4.
584 1432 1050 1502 AUGUSTINUS
1114 1429 1482 1515 respondit:
1561 1431 1722 1498 Cum
1797 1432 1888 1498 ait
1960 1433 2328 1517 apostolus:
2408 1434 2651 1500 omnia

358 1538 631 1605 munda
684 1538 1017 1614 mundis,
1080 1541 1341 1604 naturas
1402 1538 1577 1622 ipsas
1641 1538 1930 1624 intellegi
1984 1539 2221 1617 uoluit,
2277 1559 2438 1623 quas
2493 1539 2649 1608 deus

272 1667 327 1707 ιο
361 1645 622 1723 creauit,
672 1645 1027 1711 secundum
1076 1645 1261 1714 illud.
1322 1645 1489 1727 quod
1534 1645 1795 1729 Moyses
1841 1645 1906 1710 in
1952 1646 2170 1731 genesi
2225 1647 2517 1731 scripsit:
2575 1649 2651 1716 et

358 1753 548 1818 fecit
593 1753 781 1818 deus
822 1752 1087 1831 omnia,
1128 1755 1204 1818 et
1242 1770 1414 1818 ecce
1450 1752 1645 1818 bona
1680 1751 1925 1832 ualde,
1963 1772 2087 1818 non
2127 1752 2647 1838 significationes,

360 1859 711 1925 secundum
760 1879 917 1942 quas
965 1859 1123 1926 deus
1167 1879 1283 1942 per
1328 1858 1599 1924 eundem
1635 1858 1899 1944 Moysen
1937 1859 2016 1924 ab
2054 1849 2376 1925 inmundis
2415 1861 2650 1926 munda

360 1964 705 2032 discreuit:
752 1967 921 2032 unde
968 1965 1117 2049 quia
1161 1965 1369 2030 multa
1414 1967 1480 2030 et
1524 1965 1750 2030 multis
1784 1965 1946 2031 locis
1983 1965 2111 2030 iam
2149 1964 2442 2044 diximus,
2481 1985 2648 2033 nunc

326 2072 638 2138 -breuiter
674 2072 1080 2140 admonuisse
1120 2070 1462 2139 suffecerit.
1510 2070 1772 2155 proinde
1817 2071 1987 2150 ilice,
2037 2072 2147 2154 qui
2190 2071 2318 2136 iam
2363 2076 2648 2158 tempore

278 2199 326 2240 ιε
356 2180 765 2246 reuelationis
829 2177 982 2245 noui
1050 2179 1423 2244 testamenti
1487 2177 1696 2244 adhuc
1757 2178 1904 2244 illas
1969 2179 2226 2244 umbras
2290 2179 2649 2246 futurorum

356 2287 449 2351 ita
511 2285 961 2352 custodiendas
1014 2288 1333 2368 putarent,
1389 2291 1463 2350 ut
1516 2285 1653 2352 sine
1709 2285 1810 2352 his
1865 2289 2090 2370 gentes
2145 2287 2440 2364 salutem,
2487 2307 2648 2370 quae

354 2393 420 2457 in
480 2392 735 2458 Christo
794 2396 913 2470 est,
970 2392 1293 2475 percipere
1349 2411 1473 2458 non
1527 2411 1718 2475 posse
1775 2392 2246 2472 contenderent,
2308 2393 2648 2460 inmundos

358 2499 516 2564 dicit
578 2500 931 2583 apostolus,
1001 2498 1171 2581 quod
1237 2498 1574 2584 carnaliter
1627 2502 1939 2583 saperent,
1997 2503 2062 2564 et
2112 2499 2422 2577 infideles,
2478 2501 2648 2582 quod

356 2609 613 2689 tempus
660 2604 900 2688 gratiae
948 2621 985 2668 a
1029 2603 1195 2687 legis
1243 2608 1525 2687 tempore
1570 2625 1694 2672 non
1743 2606 2185 2672 discernerent.
2235 2606 2467 2689 quibus
2501 2605 2646 2672 ideo

276 2727 329 2768 πο
356 2712 514 2778 dicit
576 2711 737 2776 nihil
802 2729 943 2776 esse
1008 2710 1340 2788 mundum,
1400 2711 1549 2794 quia
1605 2714 1671 2776 et
1723 2712 1845 2790 his,
1912 2731 2072 2794 quae
2125 2713 2526 2796 respuebant,
2583 2717 2650 2778 et

355 2818 478 2897 his,
545 2837 705 2902 quae
772 2817 1131 2894 sumebant,
1197 2836 1321 2882 non
1390 2821 1608 2884 sancte
1664 2837 1780 2884 nec
1834 2819 2006 2884 iuste
2061 2818 2422 2898 utebantur,
2479 2819 2649 2885 sicut

356 2945 577 2992 omnes
624 2924 883 3008 quidem
927 2923 1239 3000 infideles,
1279 2922 1393 2989 sed
1438 2943 1557 2991 uos
1603 2925 1960 3008 praecipue,
1999 2925 2376 3004 Manichaei,
2414 2925 2680 3008 quibus.

354 3033 610 3099 omnino
676 3031 837 3096 nihil
902 3034 1005 3095 est
1066 3029 1396 3098 mundum.
1472 3050 1674 3115 neque
1739 3032 1906 3096 enim
1974 3032 2154 3097 cibus
2216 3032 2354 3115 ipse
2376 3083 2392 3110 ,
2458 3051 2645 3116 quem

355 3139 634 3218 sumitis,
694 3137 989 3220 quamuis
1050 3155 1195 3200 eum
1250 3155 1481 3221 magna
1536 3137 1866 3222 diligentia
1921 3139 2103 3221 quasi
2159 3157 2196 3202 a
2250 3139 2455 3204 carnis
2502 3157 2647 3205 con-

272 3259 323 3299 25
352 3247 607 3331 tagione
676 3245 1002 3329 separetis,
1068 3244 1345 3309 mundus
1404 3249 1504 3310 est
1554 3245 1765 3320 uobis,
1830 3264 2018 3328 quem
2085 3247 2367 3311 creatum
2411 3244 2556 3312 -uisi
2611 3265 2648 3310 a

354 3353 609 3419 diabolo
673 3371 797 3417 non
865 3351 1100 3418 dicitis.
1175 3351 1240 3414 in
1320 3350 1432 3416 illo
1508 3351 1702 3416 etiam
1768 3351 1953 3417 deum
2021 3355 2309 3417 uestrum
2373 3350 2647 3435 ligatum

354 3462 543 3543 atque
604 3459 923 3543 pollutum
990 3476 1108 3523 uos
1176 3456 1417 3522 edendo
1480 3477 1751 3542 purgare
1806 3458 2176 3542 perhibetis,
2240 3477 2360 3524 uos
2416 3459 2647 3524 saltem

531 3651 564 3704 8
602 3649 711 3704 Tit.
752 3651 799 3711 1,
840 3650 905 3704 15
1017 3650 1087 3703 10
1123 3648 1257 3704 Gen.
1298 3650 1347 3714 1,
1385 3650 1451 3704 31
1538 3650 1636 3705 -13
1674 3649 1740 3704 cf.
1779 3649 1912 3707 Lcu.
1952 3652 2016 3705 11

425 3777 450 3829 1
492 3773 667 3829 beluis
702 3772 814 3838 CL,
844 3771 900 3844 (b
940 3789 1005 3828 a
1031 3789 1066 3827 n
1093 3789 1163 3828 m.
1194 3775 1255 3839 2)
1285 3773 1359 3827 M
1497 3772 1741 3827 echinnis
1770 3773 1936 3828 LPG
1973 3773 2210 3830 echis-nis
2239 3773 2288 3829 S
2319 3773 2524 3828 echInis
2559 3773 2640 3828 ob

350 3862 592 3928 echinnis
630 3861 703 3915 M
878 3863 912 3916 2
950 3861 1125 3932 ὅραμα
1159 3862 1394 3930 scripsi.-
1430 3877 1614 3916 oroma
1651 3860 1968 3916 LGPMGb
2017 3878 2200 3916 oroma
2245 3864 2308 3933 (a.
2349 3862 2385 3916 l.
2433 3861 2644 3916 uisione

350 3953 568 4020 somnii)
592 3951 639 4007 S
772 3955 994 4006 actenus
1022 3951 1205 4004 GML¹
1357 3967 1487 4004 uero
1516 3949 1618 4006 SG
1725 3952 1760 4004 3
1797 3951 2104 4021 audientes]
2131 3949 2488 4006 obaudientes
2519 3949 2646 4006 0²8

348 4047 382 4096 5
422 4042 533 4113 qui]
574 4041 703 4113 quia
740 4039 939 4108 SM&
1026 4040 1061 4094 8
1099 4055 1223 4109 cap.
1262 4040 1385 4094 LXI
1424 4038 1700 4094 LPSMG·
1809 4039 2112 4109 Agustinus
2148 4040 2202 4093 L
2303 4039 2370 4093 12
2407 4039 2640 4094 immun·

348 4131 433 4185 dis
472 4131 551 4186 L²
697 4132 765 4185 14
801 4129 1159 4185 ammonuisse
1195 4127 1443 4183 ΗΕΘΜ*
1589 4127 1850 4183 sufficerit
1884 4127 1958 4182 L¹
2121 4129 2186 4183 17
2222 4125 2528 4183 immundos
2566 4128 2644 4181 L²

349 4219 419 4274 19
468 4218 641 4288 alegis
694 4217 742 4272 0
916 4217 979 4271 21
1040 4222 1229 4271 sanc-te
1278 4219 1331 4288 (a
1384 4219 1479 4280 er.)
1527 4216 1577 4272 S
1619 4221 1742 4282 εοῖὀ
1792 4220 1936 4286 (exp.
1981 4233 2052 4272 m.
2098 4219 2158 4283 2)
2205 4215 2317 4272 LG
2363 4221 2484 4272 scie
2536 4217 2644 4273 Mb

346 4307 491 4378 iuste
528 4307 587 4371 S,
625 4311 662 4377 (⁸
684 4309 779 4369 er.)
822 4305 875 4361 G
991 4359 996 4363 ,
1057 4307 1126 4359 22
1165 4305 1486 4376 praecipuae
1523 4306 1577 4359 L
1622 4307 1909 4378 praecipue
1951 4306 2004 4361 G
2231 4307 2499 4362 manichei
2535 4307 2646 4362 Lo

352 4396 421 4450 24
448 4397 622 4450 carnis
642 4397 681 4467 (i
698 4411 742 4450 s.
764 4412 884 4449 am.
906 4398 955 4460 1)
980 4396 1031 4449 L
1124 4413 1156 4459 a
1176 4395 1498 4465 contagione
1524 4393 1577 4450 G
1651 4395 1720 4449 25
1750 4395 2008 4466 saperetis
2034 4395 2101 4450 0¹
2175 4395 2242 4449 27
2273 4395 2456 4450 saltim
2483 4395 2642 4452 1280
