3159 4984
930 479 1020 533 vl.
1081 478 1369 534 Contra
1428 477 1798 531 Faustum
1856 478 1985 531 lib.
2045 478 2188 531 XXI.
2577 481 2702 545 587

402 678 570 759 quod
620 676 828 741 solum
880 673 1093 739 dicitis
1138 674 1401 740 malum.
1470 674 1583 737 aut
1639 674 1806 737 enim
1863 673 2031 737 laedi
2086 676 2152 737 et
2207 676 2528 758 eorrumpi
2581 694 2706 740 non

400 785 650 867 poterat
713 802 749 845 a
813 784 1002 866 gente
1075 781 1477 846 tenebrarum
1545 782 1612 844 et
1671 780 1924 864 propria
1996 781 2274 845 stultitia
2343 782 2706 866 patiebatur

398 891 575 954 illam
624 888 1097 966 necessitatem,
1156 892 1287 956 aut,
1347 888 1402 953 si
1459 890 1712 970 poterat
1765 887 2085 971 corrumpi
2140 888 2278 952 eius
2326 864 2712 965 substantia)

399 1018 523 1063 non
573 996 787 1062 colitis
834 995 1023 1059 deum
1072 990 1644 1077 incorruptibilem,
1693 995 1948 1077 qualem
1987 996 2322 1078 apostolus
2357 996 2704 1078 praedicat.

339 1135 365 1173 ⁶
405 1103 555 1185 quid
605 1105 805 1186 ergo?
872 1105 939 1165 et
982 1102 1123 1185 ipsa
1170 1099 1690 1184 corruptibilitas,
1750 1119 1875 1183 qua
1931 1100 2187 1182 quidem
2245 1101 2524 1167 nondum
2574 1121 2704 1167 cor-

400 1210 814 1293 rumpebatur
857 1209 971 1272 illa
1016 1210 1261 1282 natura,
1312 1207 1424 1271 sed
1473 1209 1688 1272 tamen
1735 1209 1812 1272 ab
1870 1209 1995 1272 alia
2053 1209 2373 1292 corrumpi
2435 1214 2704 1292 poterat,

400 1336 521 1381 non
568 1315 757 1381 uobis
803 1316 867 1378 in
917 1314 1033 1379 deo
1081 1318 1298 1378 uestro
1347 1313 1604 1377 uidetur
1649 1315 1942 1381 malum?

493 1424 594 1488 15.
661 1421 832 1485 Illud
881 1422 1075 1485 etiam
1123 1421 1267 1503 quis
1314 1440 1439 1485 non
1487 1420 1727 1497 uideat,
1778 1421 1942 1503 quod
1994 1424 2105 1486 aut
2149 1423 2568 1504 praescientia
2614 1424 2704 1488 ibi

398 1550 521 1593 non
588 1532 723 1594 erat
775 1566 861 1575 —
916 1528 1029 1591 ubi
1094 1531 1383 1593 uestrum
1454 1530 1554 1591 est
1616 1528 1746 1592 iam
1813 1529 2112 1612 cogitare,
2179 1532 2396 1595 utrum
2454 1532 2700 1595 nullum

309 1660 365 1697 ιο
398 1637 633 1701 uitium
699 1635 800 1699 dei
867 1636 953 1699 sit
1008 1654 1217 1699 carere
1274 1635 1696 1717 praescientia
1751 1639 1816 1700 et
1871 1636 2024 1718 quid
2079 1636 2388 1701 inmineat
2447 1638 2702 1703 omnino

398 1743 639 1808 nescire
678 1780 763 1789 -—-
804 1745 934 1819 aut,
976 1742 1033 1807 si
1082 1743 1217 1805 erat
1262 1740 1353 1805 ibi
1402 1742 1845 1823 praescientia,
1894 1742 2204 1834 securitas
2250 1744 2342 1808 ibi
2391 1764 2531 1809 esse
2577 1764 2700 1809 non

397 1853 665 1934 poterat,
716 1849 829 1913 sed
875 1852 1169 1913 aeternus
1216 1848 1445 1925 timon
1497 1850 1565 1911 et
1601 1848 1722 1914 hoc
1759 1852 2070 1930 quantum
2105 1851 2346 1913 malum
2387 1846 2492 1927 sit,
2533 1856 2701 1916 certe

398 1956 769 2039 agnoscitis
819 1974 896 2019 an
944 1974 1068 2019 non
1116 1955 1408 2031 timebat,
1448 1973 1527 2019 ne
1572 1955 1702 2018 iam
1747 1955 2001 2038 iamque
2050 1956 2380 2021 adueniret
2422 1961 2698 2041 tempus,

398 2082 521 2145 quo
596 2062 883 2127 membra
958 2062 1095 2126 eius
1162 2061 1251 2123 ita
1318 2064 1729 2126 uastarentur
1795 2064 1860 2125 et
1922 2062 2404 2145 inquinarentur
2460 2066 2525 2128 in
2586 2065 2698 2130 illo

308 2190 359 2227 ιε,
394 2169 657 2252 proeli0.
706 2172 782 2232 ut
825 2168 933 2232 uix
980 2188 1127 2232 cum
1174 2170 1354 2233 tanto
1402 2168 1638 2242 labore,
1678 2188 1794 2233 nec
1840 2172 2055 2233 tamen
2101 2173 2239 2235 tota
2284 2171 2702 2236 liberarentur

396 2279 586 2358 atque
653 2274 1157 2340 mundarentur?
1226 2275 1339 2339 sed
1405 2274 1459 2340 si
1527 2274 1606 2338 ad
1671 2275 1884 2357 ipsum
1948 2275 2068 2339 hoc
2135 2296 2258 2340 non
2324 2278 2698 2359 pertinebat.

396 2382 565 2465 quod
614 2382 867 2464 quidem
919 2382 1177 2446 cernitis
1228 2402 1417 2464 quam
1466 2382 1620 2445 dure
1670 2380 1938 2457 dicatur,
1998 2384 2166 2447 certe
2220 2384 2360 2465 ipsa
2417 2385 2700 2449 membra

397 2491 555 2565 eiuS.
615 2509 774 2571 quae
828 2489 932 2553 hic
986 2491 1165 2552 tanta
1217 2490 1387 2553 mala
1441 2507 1710 2571 passura
1767 2492 1964 2561 erant,
2021 2508 2248 2572 nempe
2304 2492 2694 2555 metuebant.

392 2616 470 2661 an
535 2596 659 2661 hoc
722 2596 1015 2660 futurum
1074 2595 1215 2677 ipsa
1288 2596 1706 2659 nesciebant?
1783 2614 1932 2679 ergo
2008 2596 2454 2680 qualicumque
2531 2599 2694 2680 parti

301 2732 355 2769 20
396 2703 793 2768 substantiae
859 2702 963 2767 dei
1024 2703 1225 2766 uestri
1292 2702 1495 2767 defuit
1559 2702 1782 2784 utique
1855 2703 2292 2786 praescientia.
2368 2707 2695 2768 numerate

391 2811 563 2874 mala
622 2809 688 2873 in
754 2828 1007 2873 summo
1074 2811 1291 2872 uestro
1357 2808 1545 2873 bono.
1613 2828 1690 2873 an
1755 2809 1899 2874 ideo
1967 2829 2089 2874 non
2157 2810 2489 2885 timebant,
2547 2812 2696 2893 quia

394 2936 577 2981 suam
625 2918 1109 2980 consecuturam
1156 2914 1600 2979 liberationem
1657 2934 1730 2978 ac
1787 2915 2182 2999 triumphum
2241 2916 2477 2999 pariter
2519 2936 2694 3000 prae-

393 3022 749 3087 uidebant?
800 3024 967 3087 certe
1016 3021 1123 3084 uel
1168 3040 1280 3103 pro
1331 3019 1525 3084 sociis
1572 3020 1907 3095 timebant,
1959 3039 2118 3103 quos
2168 3022 2440 3087 aeternis
2478 3024 2541 3085 in
2581 3023 2692 3088 illo

394 3130 585 3213 globo
632 3128 911 3193 uinculis
959 3147 995 3192 a
1042 3146 1157 3194 suo
1203 3147 1401 3211 regno
1451 3134 1760 3192 nouerant
1806 3129 2191 3193 alienandos.

302 3264 353 3303 as
442 3230 456 3239 “
490 3238 593 3302 16.
661 3236 757 3300 An
814 3234 905 3299 ibi
963 3235 1193 3299 caritas
1249 3254 1372 3299 non
1434 3238 1588 3305 erat.
1643 3238 1720 3299 ut
1771 3235 1950 3299 nulla
2006 3239 2178 3301 esset
2231 3236 2504 3301 fraterna
2551 3258 2692 3303 con-

393 3341 607 3425 passio
649 3361 767 3426 pro
814 3340 915 3405 his
962 3340 1210 3422 utique,
1261 3359 1530 3423 quorum
1589 3343 1851 3424 peccato
1908 3341 2084 3405 nullo
2139 3342 2556 3424 praecedente
2603 3343 2694 3408 in-

392 3447 753 3529 pendebant
816 3450 1069 3511 aeterna
1135 3448 1499 3531 subplicia?
1574 3447 1779 3530 quid?
1855 3446 2001 3511 illae
2075 3448 2251 3531 ipsae
2318 3450 2564 3515 animae
2627 3452 2690 3515 in

568 3641 602 3692 4
642 3640 708 3696 cf.
748 3638 884 3693 Tim.
926 3643 973 3705 1,
1016 3640 1078 3693 17

459 3785 491 3833 5
531 3790 637 3851 qua
676 3783 765 3851 (nv
804 3782 935 3835 add.
972 3798 1041 3834 m.
1085 3786 1140 3850 3)
1178 3782 1233 3834 P
1268 3782 1395 3852 quia
1432 3782 1532 3836 SG
1659 3782 1692 3835 6
1731 3780 1798 3835 ab
1840 3781 1946 3834 alio
1988 3780 2033 3835 C
2159 3780 2192 3833 8
2235 3781 2558 3850 prescientia
2586 3781 2695 3835 Lo

390 3870 457 3924 10
496 3869 553 3924 dr
593 3874 655 3936 (s.
695 3872 730 3925 l.
768 3886 837 3925 m.
882 3874 933 3936 1)
960 3869 1013 3923 L
1159 3870 1485 3939 prescientia
1521 3872 1567 3924 C
1703 3869 2194 3939 et—-praescientia
2231 3871 2312 3941 (in
2337 3886 2439 3940 my.
2474 3872 2626 3931 add.)
2651 3870 2698 3926 S

392 3958 454 4011 11
501 3959 546 4011 si
584 3974 686 4013 om.
726 3959 757 4011 b
941 3975 1057 4014 esse
1096 3974 1198 4013 om.
1238 3959 1269 4011 b
1456 3960 1518 4011 13
1561 3958 1783 4013 timebit
1824 3958 1894 4014 θ’
1939 3958 2170 4013 timebat
2209 3962 2262 4015 (a
2299 3962 2362 4013 in
2398 3960 2532 4028 ras.)
2572 3960 2668 4015 SG

390 4048 457 4100 15
496 4051 651 4101 tanta
692 4050 781 4111 (m.
823 4047 849 4100 1
892 4064 1027 4102 corr.
1064 4048 1129 4101 im
1162 4050 1301 4115 tota)
1351 4046 1396 4100 C
1535 4047 1839 4102 liberentur
1872 4046 2218 4102 LCPG-1Mb
2330 4048 2398 4101 16
2429 4049 2691 4102 munden-

388 4138 478 4189 tur
512 4134 864 4191 Lc'fflMfflb
997 4137 1059 4191 17
1100 4134 1264 4189 durae
1301 4134 1551 4191 LS¹MG
1675 4136 1746 4189 20
1786 4136 1977 4190 deff-uit
2018 4136 2067 4190 G
2169 4136 2234 4189 21
2283 4152 2489 4190 svmmo
2529 4145 2617 4193 (m.
2661 4138 2686 4191 1

390 4240 524 4280 corr.
564 4241 629 4279 ex
666 4238 873 4295 somno)
918 4224 967 4279 C'
1071 4224 1141 4279 22
1178 4224 1571 4294 praeuidebant
1609 4228 1660 4291 (e
1700 4230 1830 4278 ante
1865 4241 1896 4277 a
1931 4240 1975 4278 s.
2003 4226 2039 4279 l.
2068 4242 2136 4279 m.
2172 4225 2222 4291 1)
2262 4224 2307 4279 L
2421 4226 2489 4279 23
2529 4227 2687 4280 time—

386 4313 485 4368 bat
522 4316 609 4385 (ev
650 4314 781 4368 add.
818 4332 887 4369 m.
927 4314 980 4381 2)
1020 4314 1073 4367 L
1238 4315 1307 4368 25
1343 4314 1547 4368 karitas
1592 4314 1641 4368 C
1806 4313 1874 4367 27
1917 4312 2187 4385 supplicia
2227 4322 2347 4381 (see.
2389 4332 2420 4385 p
2459 4330 2502 4368 8.
2543 4316 2602 4383 l.)
2650 4318 2696 4369 (7

384 4403 476 4455 ille
516 4404 561 4457 S
