3159 4984
461 477 588 539 174
1160 477 1212 529 S.
1269 473 1544 529 Aureli
1598 473 2034 544 Augustini

455 673 522 733 et
565 687 717 734 uero
767 669 884 733 deo
933 668 1346 751 gubernatore
1396 666 1677 731 omnium
1746 672 2103 751 temporum
2169 668 2377 732 omnia
2432 688 2544 751 pro
2592 674 2749 735 tem-

454 795 604 858 pore
650 775 1017 840 moderante
1068 776 1132 837 et
1177 772 1655 838 administrante
1679 778 1709 837 Ρ

545 881 670 947 Sed
745 900 822 945 ne
894 880 958 945 in
1042 880 1196 945 solis
1269 880 1418 945 noui
1491 880 1855 945 testamenti
1928 880 2108 945 libris
2181 882 2309 945 ista
2353 881 2744 947 arbitrentur

426 1007 598 1053 -esse
630 989 1014 1069 contempta,
1047 985 1304 1050 audiant
1331 986 1701 1069 prophetam
1736 986 2113 1051 abicientem
2150 989 2344 1071 talem
2380 987 2751 1053 felicitatem

459 1098 522 1158 et
569 1094 648 1157 ad
693 1112 896 1157 unum
961 1090 1286 1157 dominum
1353 1092 1544 1156 deum
1610 1093 2101 1177 confugiendum
2169 1112 2309 1159 esse
2366 1098 2745 1159 cantantem.
2816 1118 2843 1157 ⁵

455 1201 546 1265 ita
593 1200 760 1265 enim
811 1200 1003 1266 dicit:
1055 1199 1140 1264 de
1190 1200 1447 1283 gladio
1494 1200 1826 1284 maligno
1874 1219 2049 1265 erue
2096 1220 2208 1265 me
2248 1206 2321 1265 et
2358 1200 2599 1266 exime
2638 1220 2749 1265 me

458 1307 543 1371 de
589 1327 808 1371 manu
857 1308 1204 1373 filiorum
1252 1309 1693 1383 alienorum,
1744 1327 2059 1390 quorum
2110 1328 2188 1373 os
2245 1310 2583 1374 locutum
2636 1310 2753 1372 est

455 1414 898 1491 uanitatem,
949 1417 1024 1478 et
1069 1414 1377 1479 dextera
1423 1434 1675 1481 eorum
1726 1414 2033 1479 dextera
2078 1414 2541 1497 iniquitatis.
2582 1432 2750 1495 quo—

457 1540 614 1585 rum
686 1520 842 1585 filii
913 1519 1248 1603 ipsorum
1330 1522 1548 1586 uelut
1622 1521 1975 1587 nouellae
2055 1520 2601 1586 constabilitae
2676 1520 2749 1584 in

458 1626 867 1691 iuuentute
933 1646 1086 1691 sua.
1155 1627 1368 1691 filiae
1436 1646 1689 1692 eorum
1757 1628 2221 1710 compositae
2288 1631 2362 1692 et
2437 1630 2742 1693 ornatae
2782 1652 2829 1689 ιο

459 1734 664 1799 sicut
712 1733 1144 1801 similitudo
1194 1734 1478 1818 templi.
1528 1734 1845 1799 cellaria
1893 1753 2143 1800 eorum
2194 1736 2417 1817 plena
2464 1737 2537 1799 et
2590 1752 2747 1797 eru-

461 1842 758 1907 ctantia
825 1832 1109 1905 ex'hoc
1168 1841 1241 1906 in
1290 1842 1447 1907 hoc.
1517 1860 1699 1907 oues
1767 1860 2020 1905 eorum
2084 1841 2450 1906 fecundae
2496 1840 2747 1905 multi-

461 1949 841 2030 plicantes
890 1949 962 2012 in
1011 1947 1348 2013 exitibus
1398 1948 1595 2021 suis;
1644 1949 1881 2012 boues
1930 1966 2183 2012 eorum
2234 1966 2556 2012 crassae.
2606 1966 2745 2012 non

462 2058 579 2117 est
623 2054 842 2117 ruina
888 2053 1140 2137 saepis
1189 2073 1321 2118 nec
1387 2052 1647 2118 exitus
1712 2072 1950 2135 neque
2014 2053 2295 2118 clamor
2346 2053 2418 2117 in
2465 2053 2748 2136 plateis

463 2178 734 2223 eorum.
811 2159 1112 2224 beatum
1193 2160 1544 2224 dixerunt
1617 2160 1997 2244 populum,
2074 2158 2195 2223 cui
2280 2159 2459 2224 haec
2534 2163 2744 2231 sunt:
2791 2182 2847 2222 15

460 2266 730 2331 beatus
793 2267 1145 2349 populuS,
1215 2267 1432 2331 cuius
1498 2267 1847 2332 dominus
1914 2266 2098 2331 deus
2164 2266 2347 2333 eius,
2408 2266 2751 2331 adtendant

462 2392 630 2456 ergo,
699 2373 1015 2456 quomodo
1079 2372 1426 2439 inrideatur
1487 2374 1614 2439 ista
1678 2374 1951 2439 felicitas
2015 2373 2081 2438 in
2149 2373 2511 2438 hominibus
2557 2372 2749 2457 inpiis

461 2484 526 2545 et
587 2483 723 2545 tota
785 2480 1112 2545 beatitudo
1178 2479 1244 2545 in
1310 2480 1427 2545 deo
1493 2481 1631 2545 solo
1696 2480 2075 2545 inconcussa
2138 2480 2388 2564 figatur.
2437 2478 2534 2543 illi
2582 2479 2747 2543 enim

461 2587 678 2652 dicunt
723 2588 980 2651 beatum
1027 2588 1353 2670 populum,
1405 2586 1508 2651 cui
1553 2587 1711 2652 haec
1758 2589 1946 2652 sunt:
2001 2586 2115 2651 sed
2178 2586 2406 2651 beatus
2452 2587 2748 2669 populuS,

462 2694 644 2759 cuius
683 2694 977 2759 dominus
1017 2694 1174 2759 deus
1211 2693 1434 2777 ipsine.
1475 2695 1647 2776 quod
1686 2696 1899 2759 autem
1939 2694 2133 2758 etiam
2166 2693 2330 2758 illud
2366 2691 2747 2758 contrarium
2790 2714 2849 2753 πο

463 2820 602 2866 esse
649 2804 1034 2884 putauerunt
1098 2801 1247 2866 huic
1311 2801 1452 2865 loco
1519 2800 1756 2866 ueteris
1804 2799 2194 2877 testamenti,
2242 2798 2413 2881 quod
2458 2798 2751 2864 dominus

463 2908 588 2972 ait:
641 2908 906 2983 omnia,
955 2908 1080 2989 qui
1129 2908 1491 2972 confusus
1537 2907 1777 2972 fuerit
1836 2927 1948 2971 me
2015 2908 2143 2969 aut
2198 2906 2431 2971 uerba
2474 2924 2635 2969 mea
2677 2905 2749 2969 in

464 3017 684 3098 gente
751 3014 903 3079 ista
968 3014 1316 3079 adultera
1381 3018 1454 3080 et
1515 3013 1975 3097 peccatrice,
2026 3016 2101 3077 et
2156 3012 2376 3077 filius
2424 3011 2751 3078 hominis

461 3120 974 3185 confundetur
1017 3121 1258 3199 illum,
1309 3140 1472 3186 cum
1537 3120 1838 3187 uenerit
1902 3119 1975 3183 in
2043 3119 2291 3204 gloria
2342 3117 2585 3203 patris
2634 3117 2752 3183 sui

462 3230 536 3291 et
560 3226 785 3291 laude
829 3230 1258 3293 sanctorum
1296 3228 1735 3311 angelorum
1776 3245 2104 3305 suorum,
2144 3225 2295 3308 quid
2331 3223 2642 3308 pertineat
2678 3224 2757 3287 ad
2792 3244 2847 3285 κ

461 3336 894 3415 contemptum
941 3352 1151 3397 rerum
1195 3334 1641 3416 temporalium
1690 3352 1815 3399 non
1868 3332 2078 3398 uideo.
2129 3331 2298 3414 quod
2335 3331 2391 3397 si
2427 3333 2757 3414 propterea

643 3524 675 3577 6
713 3523 801 3577 Ps.
845 3523 964 3589 153,
1005 3524 1068 3577 11
1110 3541 1228 3594 sqq.
1337 3522 1407 3576 22
1443 3524 1607 3577 Marc.
1645 3524 1695 3589 8,
1735 3523 1805 3577 38

532 3700 565 3753 2
603 3654 1036 3768 amministrante
1061 3699 1140 3754 01²
1175 3697 1548 3753 aministrante
1581 3698 1629 3751 V
1750 3696 1785 3751 3
1820 3698 1951 3765 ieta]
1988 3695 2081 3750 isti
2124 3694 2417 3751 GTGSVb
2552 3696 2589 3749 4
2624 3693 2759 3748 haec

465 3830 580 3869 esse
604 3813 856 3870 Grovb
885 3815 988 3869 hoc
1017 3832 1134 3869 esse
1153 3814 1200 3869 S
1267 3815 1301 3867 e
1329 3770 1514 3879 exime
1537 3811 1609 3866 ιη
1679 3812 1713 3866 9
1740 3811 1957 3866 nouene
1986 3809 2329 3865 constabilite
2362 3809 2413 3862 V
2480 3810 2549 3863 ιο
2574 3808 2683 3862 flue
2718 3808 2763 3859 ν

465 3907 528 3960 11
587 3904 746 3975 sicut]
807 3910 869 3959 ut
923 3904 970 3958 S
1019 3903 1176 3959 uelut
1235 3902 1427 3957 TGVb
1573 3905 1631 3955 et
1682 3916 1785 3956 om.
1847 3898 2141 3954 GTGSVb
2250 3900 2317 3953 16
2372 3897 2523 3953 cuius
2579 3900 2673 3964 est
2706 3895 2763 3947 P

465 3995 602 4064 eius]
657 3993 826 4063 ipsius
889 3996 960 4059 (ε.
1019 3992 1084 4060 1.)
1138 3990 1208 4057 P,
1268 3992 1350 4059 (in
1401 3992 1537 4059 ras.)
1583 3991 1634 4045 T
1814 3989 1881 4043 18
1938 3988 2053 4041 solo
2109 3987 2209 4041 deo
2258 3986 2309 4039 V
2484 3984 2555 4037 20
2607 3983 2759 4036 cuius

461 4084 547 4136 est
587 4080 873 4137 GTGSVb
1020 4079 1213 4149 ipsius]
1250 4080 1364 4133 eius
1402 4080 1434 4132 b
1579 4078 1649 4133 22
1688 4076 1967 4133 confessus
2010 4074 2060 4131 0
2194 4074 2253 4129 in
2290 4092 2375 4129 me
2404 4075 2455 4127 P
2578 4070 2758 4125 uerbis

461 4197 597 4251 meis
654 4196 709 4249 Ρ
782 4161 962 4269 uerbfq
999 4210 1134 4268 megs-s
1167 4194 1245 4249 6³²
1353 4194 1422 4248 24
1443 4194 1789 4248 confundetb
1901 4190 2391 4263 glorianloriam
2418 4188 2495 4242 (μ
2602 4188 2671 4240 25
2701 4190 2759 4239 et

463 4302 566 4339 om.
629 4284 679 4336 P
817 4284 1032 4339 laudem
1089 4284 1144 4337 P
1193 4283 1410 4353 laudem
1471 4282 1547 4335 6²
1695 4282 2007 4353 angelorum
2064 4297 2278 4335 suorum
2334 4296 2437 4334 om.
2498 4274 2759 4331 GTGSV

466 4400 536 4453 26
575 4366 904 4452 contemtum
947 4399 1000 4453 G
1117 4399 1287 4470 ·qu0d
1326 4400 1395 4469 si]
1431 4397 1536 4452 nisi
1575 4397 1720 4468 quod
1760 4396 1791 4450 b
1936 4396 2175 4467 pertinet
2212 4399 2493 4466 propterea
2544 4393 2589 4447 Γ
