3159 4984
488 460 566 522 18
1193 457 1246 510 S.
1303 457 1580 510 Aureli
1638 457 2069 525 Augustini

481 670 596 734 per
658 651 998 715 fenestram
1083 651 1552 725 inlustrauerat,
1640 651 1856 715 crebro
1938 651 2097 733 pede
2180 650 2570 734 percutiens:
2616 669 2789 721 ,ecce

482 759 683 822 solem
723 757 1038 839 deumque
1068 761 1252 820 tuum
1284 757 1476 822 calco'
1511 758 1779 821 clamare
1810 758 2036 840 coepit.
2072 759 2268 822 stulte
2309 758 2559 822 omnino
2600 761 2789 840 atque

483 863 876 928 muliebriter
920 899 1012 911 —
1056 864 1198 946 quis
1266 869 1500 948 negat?
1548 902 1639 910 —
1688 865 1799 929 sed
1846 885 2049 930 nonne
2096 865 2216 929 tibi
2262 864 2423 928 tales
2490 863 2789 928 uidentur

483 970 610 1046 isti,
633 971 853 1052 quiea,
879 988 1036 1052 quae
1057 969 1604 1053 nonintellegunt.
1647 972 1759 1033 aut
1787 988 1916 1046 cur,
1958 973 2067 1034 aut
2097 970 2349 1035 omnino
2390 971 2601 1052 qualia
2638 971 2785 1042 sint,

485 1094 755 1157 quamue
814 1075 1168 1140 iacentibus
1210 1074 1466 1150 similia,
1509 1076 1773 1140 subtilia
1802 1080 2015 1141 tamen
2048 1077 2566 1160 intellegentibus
2598 1080 2786 1158 atque
2858 1101 2890 1140 5

485 1181 719 1256 diuina,
772 1200 1002 1264 magno
1050 1182 1272 1264 inpetu
1343 1181 1645 1245 orationis
1692 1181 2174 1263 maledictisque
2221 1182 2592 1260 lacerantes,
2644 1182 2789 1264 quia

487 1288 578 1353 eis
643 1288 896 1370 inperiti
961 1287 1294 1371 plaudunt,
1347 1287 1587 1369 aliquid
1652 1307 1718 1352 se
1778 1288 2078 1371 proficere
2146 1289 2549 1354 existimant?
2616 1289 2788 1372 quic-

491 1394 642 1478 quid
691 1396 808 1472 est,
858 1394 1017 1458 mihi
1065 1394 1270 1468 crede,
1313 1395 1376 1456 in
1419 1395 1749 1478 scripturis
1796 1395 1925 1460 illis
1966 1395 2166 1460 altum
2206 1401 2271 1460 et
2309 1397 2596 1460 diuinum
2663 1398 2787 1459 est:

487 1501 657 1566 inest
704 1501 956 1566 omnino
1024 1500 1264 1564 ueritas
1349 1503 1414 1563 et
1493 1501 1851 1565 reficiendis
1927 1501 2479 1584 instaurandisque
2564 1501 2791 1566 animis

487 1607 1084 1672 adcomodatissima
1161 1605 1494 1689 disciplina
1561 1609 1627 1670 et
1669 1608 1854 1689 plane
1900 1608 1991 1671 ita
2054 1607 2434 1686 modificata,
2484 1611 2557 1671 ut
2602 1627 2786 1672 nemo
2830 1625 2891 1662 ιο

490 1714 634 1778 inde
707 1713 957 1777 haurire
1035 1731 1156 1777 non
1227 1713 1451 1795 possit,
1527 1713 1697 1795 quod
1772 1713 1893 1778 sibi
1968 1714 2123 1778 satis
2191 1717 2306 1782 est.
2356 1715 2411 1778 si
2476 1714 2663 1778 modo
2712 1713 2791 1776 ad

491 1820 908 1884 hauriendum
956 1818 1185 1884 deuote
1235 1837 1306 1882 ac
1336 1819 1458 1902 pie,
1489 1822 1564 1882 ut
1596 1838 1749 1883 uera
1784 1820 2007 1904 religio
2045 1820 2273 1903 poscit.
2314 1820 2591 1886 accedat.
2624 1820 2792 1902 quod

489 1929 564 1990 ut
637 1926 756 1990 tibi
820 1925 1100 2008 probem,
1148 1923 1371 1988 multis
1435 1924 1789 1990 rationibus
1838 1929 1903 1989 et
1945 1926 2229 2010 longiore
2278 1927 2556 1991 oratione
2632 1945 2791 2010 opus

491 2037 608 2098 est.
677 2031 999 2115 'agendum
1078 2031 1241 2094 enirn
1319 2034 1534 2094 tecum
1599 2031 1773 2114 prius
1822 2035 1940 2098 est.
1988 2034 2063 2095 ut
2107 2036 2399 2098 auctores
2446 2033 2621 2116 ipsos
2668 2049 2791 2096 non

496 2138 720 2212 oderiS,
773 2136 996 2202 deinde
1043 2139 1118 2200 ut
1173 2156 1374 2211 ames3
1444 2139 1510 2200 et
1553 2137 1675 2202 hoc
1724 2139 2037 2221 agendum
2104 2138 2333 2222 quouis
2401 2138 2524 2202 alio
2598 2137 2787 2204 modo
2832 2147 2889 2188 ¹⁵

487 2245 701 2328 potius
776 2263 964 2326 quam
1039 2244 1419 2327 exponendis
1490 2263 1707 2309 eorum
1776 2244 2105 2310 sententiis
2174 2248 2237 2310 et
2298 2245 2551 2319 litteris,
2608 2264 2790 2327 prop-

499 2356 674 2416 terea
721 2351 868 2434 quia
915 2350 971 2414 si
1017 2350 1373 2434 Vergilium
1421 2350 1799 2415 odissemus.
1848 2350 2042 2416 immo
2092 2350 2305 2414 sinon
2364 2369 2530 2426 eum,
2587 2350 2791 2434 prius-

493 2477 684 2540 quam
757 2458 1124 2522 intellectus
1201 2458 1390 2532 esset,
1465 2457 1777 2521 maiorum
1824 2460 2183 2520 nostrorum
2248 2457 2791 2522 commendatione

493 2564 926 2649 diligeremus,
992 2581 1340 2644 numquam
1402 2563 1585 2627 nobis
1634 2562 1791 2626 satis
1838 2555 2017 2626 fieret
2082 2562 2157 2626 de
2222 2561 2352 2627 illis
2401 2563 2537 2628 eius
2604 2582 2791 2646 quae-

492 2671 808 2737 stionibus
855 2650 1440 2745 innumerabilibus,
1491 2669 1721 2751 quibus
1786 2668 2183 2752 grammatici
2252 2669 2477 2752 agitari
2534 2671 2599 2734 et
2651 2689 2787 2753 per·
2830 2681 2891 2720 2⁰

489 2777 730 2841 turbari
777 2777 1014 2847 solentz
1057 2793 1170 2839 nec
1199 2774 1562 2840 audiremus
1591 2774 1882 2849 libenter,
1914 2774 2025 2856 qui
2062 2794 2207 2838 cum
2249 2774 2385 2840 eius
2424 2775 2611 2840 laude
2641 2777 2789 2842 illas

491 2882 830 2967 expediret,
889 2881 1002 2947 sed
1051 2882 1108 2946 ei
1155 2881 1534 2958 faueremus,
1586 2881 1695 2963 qui
1741 2899 1851 2963 per
1888 2899 1993 2946 eas
2020 2880 2205 2944 illum
2247 2901 2486 2946 errasse
2526 2901 2599 2947 ac
2637 2882 2789 2947 deli-

488 3007 660 3054 rasse
741 2991 1073 3053 conaretur
1110 2986 1458 3052 ostendere.
1507 3006 1675 3052 nunc
1722 3007 1872 3052 uero
1922 3007 2069 3053 cum
2106 3007 2211 3054 eas
2260 2988 2451 3052 multi
2496 3008 2569 3054 ac
2614 2989 2789 3054 uarie

487 3115 596 3179 pro
673 3113 788 3160 suo
865 3094 1131 3177 quisque
1203 3096 1390 3175 captu
1465 3093 1704 3177 aperire
1780 3097 2103 3172 conentur,
2192 3095 2292 3160 his
2382 3095 2789 3182 potissimum

487 3200 827 3284 plauditur,
904 3220 1015 3284 per
1090 3219 1358 3283 quorum
1433 3199 1883 3283 expositionem
1943 3203 2171 3268 melior
2210 3202 2533 3267 inuenitur
2576 3205 2784 3285 poeta,
2828 3212 2891 3251 ²⁵

488 3308 596 3390 qui
669 3326 792 3372 non
875 3307 1086 3372 solum
1160 3306 1320 3370 nihil
1391 3324 1709 3389 peccasse,
1791 3307 1903 3372 sed
1950 3308 2107 3373 nihil
2189 3327 2311 3373 non
2384 3307 2793 3373 laudabiliter

488 3413 794 3478 cecinisse
864 3413 940 3477 ab
1002 3413 1092 3478 eis
1133 3413 1345 3492 etiam,
1387 3413 1497 3495 qui
1541 3413 1727 3477 illum
1810 3432 1934 3479 non
2017 3414 2417 3498 intellegunt,
2493 3413 2791 3479 crediturss

483 3519 699 3603 itaque
738 3520 803 3584 in
851 3519 1338 3602 quaestiuncula
1381 3519 1686 3603 magistro
1738 3520 2055 3586 deficienti
2104 3523 2169 3584 et
2214 3520 2367 3603 quid
2411 3521 2793 3604 respondeat

484 3646 607 3692 non
681 3626 942 3690 habenti
1017 3644 1466 3692 suscensemus
1521 3627 1737 3708 potius
1804 3646 1993 3710 quam
2058 3627 2243 3691 illum
2309 3631 2562 3692 mutum
2626 3627 2789 3693 uitio

486 3733 764 3798 Maronis
801 3735 1121 3816 putamus.
1161 3732 1288 3796 iam
1327 3732 1383 3797 si
1423 3731 1500 3796 ad
1547 3731 1975 3798 defensionem
2016 3753 2199 3798 suam
2242 3736 2577 3817 peccatum
2622 3734 2785 3800 tanti
2826 3747 2891 3787 ³⁰

490 3918 525 3971 4
577 3920 704 3970 sunt
729 3916 806 3970 M
927 3917 960 3972 5
998 3925 1106 3987 qua
1160 3933 1289 3972 uera
1343 3914 1651 3971 dicentibus
1694 3917 1741 3970 S
1764 3917 1883 3971 Vm
1990 3918 2023 3970 6
2080 3917 2268 3972 diuina
2322 3920 2543 3988 magno]
2599 3917 2786 3974 diuino

490 4006 581 4074 llll
600 4023 670 4071 no
706 4004 795 4059 Ch
959 4006 1021 4059 11
1061 4022 1172 4059 non
1205 4022 1250 4058 ε.
1290 4005 1327 4058 1.
1365 4003 1432 4059 S²
1467 4021 1570 4060 om.
1608 4003 1683 4057 M
1697 4005 1728 4058 b
1913 4005 1978 4059 12
2015 4005 2194 4076 poscit
2232 4007 2389 4074 (corr.
2420 4022 2485 4060 ex
2520 4007 2713 4076 possit)
2745 4006 2795 4062 S

494 4093 560 4147 16
615 4109 677 4147 ex
734 4093 1062 4164 exponendis
1099 4093 1152 4145 V
1293 4093 1358 4146 17
1417 4093 1544 4162 quia
1600 4093 1669 4164 si]
1706 4094 1861 4164 quasi
1896 4093 1984 4148 Ch
2083 4094 2307 4166 uirgiliu
2335 4093 2368 4149 b
2449 4095 2593 4149 inmo
2628 4094 2789 4149 Chm

493 4183 558 4236 19
613 4181 768 4236 fieret
824 4181 957 4234 satis
999 4179 1050 4232 V
1149 4180 1218 4234 22
1277 4182 1552 4252 expedites
1606 4181 1694 4236 Ch
1838 4184 1907 4237 24
1944 4183 2523 4254 captu—potissimum
2560 4201 2663 4238 om.
2700 4183 2788 4238 01¹⁸

485 4297 555 4349 26
609 4260 842 4367 peccaf}e
864 4295 911 4349 S
1141 4295 1210 4350 28
1268 4297 1659 4367 questiunculis
1697 4296 1749 4350 V
1800 4304 1809 4310 '
1942 4299 2012 4352 29
2066 4297 2273 4352 habent
2307 4299 2396 4353 Ch
2504 4315 2785 4354 succense-

487 4401 606 4438 mus
633 4384 767 4439 SM
791 4385 913 4438 Vm
933 4385 964 4438 b
