3159 4984
835 484 929 539 VI.
986 484 1279 540 Contra
1332 486 1702 539 Faustum
1764 486 1894 539 lib.
1933 485 2086 539 XIII.
2460 487 2590 549 379

299 681 524 747 dicunt
586 680 1103 765 Trismegistnm‚
1164 686 1277 745 aut
1339 679 1573 764 Orphei
1640 680 2034 765 aliorumque
2099 680 2165 745 in
2232 680 2592 766 gentilitate

302 790 547 863 uatum,
595 787 754 851 haec
800 806 917 853 nos
964 787 1286 869 aliquanto
1336 787 1416 851 ad
1458 787 1650 852 fidem
1704 786 1926 852 iuuare
1979 790 2298 871 poterunt,
2355 788 2468 870 qui
2523 806 2595 851 ex

300 894 599 979 gentibus
678 893 991 959 efficimur
1062 894 1425 969 christiani3
1499 895 1936 961 Hebraeorum
2009 914 2163 960 uero
2227 894 2594 959 testimonia

302 1000 507 1068 nobis.
557 1000 811 1066 etiamsi
858 1001 990 1067 sint
1032 1020 1205 1077 uera,
1256 1004 1401 1065 ante
1446 1000 1638 1065 fidem
1684 1000 1939 1065 inutilia
1985 1004 2154 1076 sunt,
2209 1004 2360 1084 post
2403 1000 2594 1065 fidem

192 1128 269 1169 ,⁵
302 1126 727 1193 superuacua.
803 1107 953 1189 quia
1016 1111 1160 1171 ante
1226 1106 1483 1189 quidem
1548 1107 1642 1171 eis
1707 1106 1957 1171 credere
2021 1126 2144 1173 non
2208 1110 2592 1191 poteramus

300 1234 466 1280 nunc
512 1234 664 1280 uero
714 1234 785 1279 ex
835 1214 1153 1297 superfluo
1204 1213 1539 1279 credimus.

392 1324 451 1385 2.
500 1322 971 1391 AUGUSTINUS
1008 1319 1371 1403 respondit:
1418 1320 1632 1386 Prosit
1675 1322 1860 1387 nobis
1906 1322 2028 1387 hoc
2073 1323 2215 1387 loco
2265 1321 2342 1385 ad
2387 1321 2593 1386 breui-

299 1431 497 1493 tatem
547 1427 970 1511 respondendi
1018 1428 1308 1510 superior
1352 1431 1484 1491 tam
1532 1428 1773 1509 prolixa
1817 1429 2166 1512 responsio,
2223 1430 2378 1511 puto
2427 1428 2594 1493 enim

300 1535 427 1599 iam
475 1534 584 1617 qui
630 1534 811 1598 illam
860 1534 1109 1618 legerit,
1163 1534 1331 1599 ridet
1383 1536 1583 1599 istum
1638 1536 1796 1599 talia
1849 1536 2222 1600 delirantem
2279 1537 2344 1598 et
2389 1533 2594 1598 adhuc

206 1662 262 1699 ιο
301 1641 618 1706 dicentem
685 1641 1010 1707 Christum
1076 1642 1279 1706 filium
1358 1642 1456 1705 dei
1521 1642 1848 1708 Hebraeos
1921 1661 2043 1707 non
2118 1641 2594 1725 praenuntiasse

298 1749 682 1831 prophetas:
756 1749 820 1813 in
888 1767 1015 1832 qua
1080 1750 1217 1813 sola
1281 1753 1468 1832 gente
1535 1768 1766 1813 nomen
1830 1749 2062 1832 ipsum,
2131 1748 2298 1830 quod
2364 1746 2597 1813 dicitur

302 1854 616 1923 Christus.
677 1860 742 1920 et
796 1856 861 1920 in
915 1874 1066 1939 rege
1126 1859 1190 1919 et
1244 1856 1309 1919 in
1367 1855 1695 1921 sacerdote
1751 1856 2256 1919 sacratissimum
2311 1853 2436 1918 fuit
2480 1873 2595 1917 nec

298 1960 443 2025 inde
486 1963 833 2032 sublatum.
874 1966 1213 2044 antequam
1252 1962 1388 2045 ipse
1426 1962 1734 2039 uenisset.
1768 1962 1877 2043 qui
1913 1962 1977 2025 in
2014 1961 2146 2025 illis
2183 1960 2592 2045 figurabatur.

298 2068 725 2151 respondeant
772 2071 987 2133 autem
1036 2069 1182 2151 ipsi.
1234 2067 1470 2133 Christi
1516 2088 1745 2133 nomen
1803 2068 1970 2132 unde
2028 2067 2381 2133 didicerint.
2449 2067 2504 2131 si
2561 2086 2596 2130 a

212 2194 265 2232 1⁵
300 2176 695 2245 Manichan.
764 2195 995 2258 quaero
1061 2176 1185 2259 ipsi
1242 2176 1616 2240 Manichaeo
1683 2176 2001 2257 quomodo
2069 2173 2466 2241 crediderint.
2522 2176 2597 2237 ut

298 2282 457 2347 alios
500 2286 767 2361 taceam,
808 2283 1096 2347 homines
1136 2283 1273 2346 Afri
1320 2283 1561 2347 homini
1599 2284 1851 2352 Persae.
1893 2302 2036 2347 cum
2074 2282 2352 2345 Faustus
2389 2301 2594 2364 repre-

298 2389 535 2453 hendat
598 2390 921 2455 Romanos
990 2394 1053 2453 et
1120 2389 1396 2455 Graecos
1463 2391 1567 2453 uel
1634 2391 1790 2454 alias
1857 2393 2100 2473 genteS.
2167 2389 2221 2452 si
2286 2388 2596 2453 Hebraeis

296 2496 625 2578 prophetis
673 2500 1001 2578 tamquam
1040 2496 1413 2581 alienigenis
1454 2497 1530 2561 de
1571 2496 1823 2563 Christo
1865 2496 2262 2571 crediderint,
2303 2495 2594 2577 dicatque

296 2602 427 2667 illis
476 2602 1059 2668 adcommodatiora
1114 2622 1257 2667 esse
1312 2604 1619 2667 uaticinia
1667 2603 1946 2686 Sibyllae
1997 2606 2061 2667 et
2107 2601 2342 2685 Orphei
2387 2601 2495 2665 uel
2541 2602 2595 2664 si

198 2728 259 2765 ευ
298 2728 422 2791 qua
468 2710 629 2773 forte
678 2710 803 2773 alia
826 2716 1001 2774 ‘sunt
1050 2714 1270 2774 uatum
1311 2710 1670 2793 gentilium,
1709 2713 1786 2774 ut
1823 2710 2117 2774 credatur
2152 2709 2216 2772 in
2247 2707 2593 2774 Christum.

298 2835 413 2880 nec
480 2816 783 2881 adtendat
847 2817 909 2879 in
979 2816 1176 2881 nullis
1245 2816 1533 2880 ecclesiis
1600 2816 1714 2880 illa
1774 2816 2045 2891 recitari,
2112 2834 2256 2879 cum
2323 2814 2594 2877 Hebraei

297 2923 643 3005 prophetae
688 2924 753 2986 in
805 2924 1097 2988 omnibus
1148 2923 1445 3006 gentibus
1496 2923 1776 2986 clareant
1824 2928 2013 3004 atque
2062 2922 2140 2985 ad
2187 2921 2593 2985 christianam

299 3029 571 3093 salutem
620 3034 799 3094 tanta
846 3030 1127 3093 fidelium
1190 3030 1473 3093 examina
1531 3030 1868 3095 adducant.
1939 3029 2144 3094 dicere
2203 3032 2414 3091 autem
2471 3046 2596 3089 non

299 3155 438 3201 esse
513 3140 725 3219 aptam
792 3136 1089 3220 gentibus
1160 3135 1511 3200 Hebraeam
1581 3136 2008 3219 prophetiam,
2073 3138 2150 3199 ut
2214 3134 2470 3199 credant
2531 3134 2590 3197 iu

204 3260 261 3299 2⁵
298 3242 644 3307 Christum.
696 3262 841 3307 cum
886 3243 1101 3307 uideat
1140 3262 1357 3307 omnes
1396 3245 1620 3325 gentes
1658 3261 1771 3324 per
1807 3242 2162 3305 Hebraeam
2199 3240 2594 3323 prophetiam

298 3349 550 3413 credere
600 3350 663 3412 in
712 3349 1059 3417 Christum.
1110 3350 1379 3414 ridicula
1422 3350 1672 3414 insania
1719 3352 1835 3413 est.

388 3459 449 3520 3.
497 3456 816 3539 Displicet
862 3458 1047 3522 uobis
1094 3458 1243 3522 talis
1284 3458 1598 3533 Christu8‚
1647 3457 1855 3539 qualis
1901 3475 2013 3538 per
2047 3455 2374 3519 Hebraeos
2422 3473 2594 3537 prae-

480 3648 545 3699 12
584 3648 638 3699 cf
686 3647 777 3701 Ex.
820 3648 923 3711 29;
966 3650 989 3703 1
1026 3650 1159 3717 Reg.
1204 3649 1285 3705 10.
1331 3650 1393 3709 1;
1435 3649 1526 3701 Ex.
1576 3650 1638 3703 19
1753 3648 1819 3700 13
1859 3650 1924 3699 cf.
1965 3646 2103 3699 Dan.
2147 3647 2228 3707 ll,
2268 3646 2335 3697 24

372 3772 398 3824 1
457 3771 879 3841 trisrnagistrum
937 3772 1035 3826 SG
1100 3774 1491 3841 trimegistrum
1556 3772 1676 3825 LM
1743 3771 2108 3840 trimegistum
2171 3769 2216 3822 Ο
2276 3768 2596 3838 trimegestu

298 3869 457 3917 (corr.
479 3874 545 3913 ex
562 3860 977 3930 trimagistrum)
1000 3862 1107 3913 Pssb
1255 3862 1387 3914 orfei
1414 3860 1581 3913 LPM
1675 3860 1706 3913 3
1727 3858 2045 3913 hebreorum
2076 3859 2122 3911 C
2135 3857 2522 3911 haebraeorum
2543 3856 2594 3909 L

296 3949 327 4001 7
377 3965 498 4015 cap.
562 3949 763 4003 XXVII
809 3949 1087 4004 LSGPM
1148 3950 1447 4018 Agustinus
1494 3949 1547 4001 L
1725 3948 1828 4001 hoc
1891 3946 2047 4001 nobis
2112 3948 2229 4000 loco
2280 3948 2310 3999 b
2493 3945 2592 3999 hoc

298 4042 350 4101 (ο
385 4040 507 4106 sup.
548 4057 577 4110 e
618 4057 653 4092 a
690 4056 757 4093 m.
788 4044 835 4097 1)
872 4038 919 4091 G
1029 4040 1093 4092 10
1122 4038 1346 4109 hebreos
1384 4038 1429 4089 C
1540 4038 1604 4089 13
1634 4038 1957 4107 figuraretur
1985 4036 2016 4087 b
2129 4039 2195 4089 15
2233 4034 2515 4088 manicheo
2552 4035 2597 4083 (ἶ

290 4128 433 4194 (bis)
547 4128 609 4181 17
650 4144 835 4197 grecos
874 4126 980 4180 Lo
1086 4128 1152 4181 18
1191 4126 1532 4180 crediderunt
1575 4126 1622 4179 G
1761 4126 2035 4193 dicatque]
2082 4123 2228 4177 dicat
2266 4139 2358 4175 cur
2393 4121 2596 4175 PSMb

294 4208 491 4271 dicam
533 4216 586 4269 L
738 4218 799 4269 19
857 4216 1143 4271 bancinnia
1195 4216 1319 4269 S¹G
1476 4215 1704 4284 sibyllae
1753 4214 1902 4269 SGG
1951 4212 2176 4281 sybillae
2218 4212 2270 4264 P
2312 4211 2507 4281 sybille
2545 4211 2594 4262 L

296 4304 363 4357 21
403 4303 703 4358 adtendant
741 4303 839 4357 Sci
1020 4304 1075 4355 in
1113 4304 1222 4356 illis
1262 4304 1308 4357 S
1340 4303 1567 4356 ininillis
1612 4302 1664 4357 G
1846 4300 2086 4373 ecclesiis
2131 4300 2177 4351 (J
2328 4298 2514 4351 hebrei
2555 4302 2598 4351 (J

296 4394 365 4447 22
386 4394 641 4463 gentibus
662 4412 763 4447 om.
787 4395 833 4447 S
937 4394 1003 4445 24
1027 4397 1103 4463 (et
1132 4394 1217 4453 25>
1240 4393 1493 4446 hebream
1518 4392 1566 4446 Ο
1671 4392 1739 4444 26
1762 4394 1817 4445 et
1835 4389 2046 4443 insania
2069 4389 2099 4441 b
2212 4390 2278 4441 27
2301 4388 2526 4441 hebreos
2557 4388 2602 4439 U
