3159 4984
944 412 1034 465 vl.
1094 410 1382 467 Contra
1436 412 1806 465 Faustum
1866 410 2000 464 lib.
2053 410 2145 465 VI.
2538 413 2663 475 297

372 605 467 671 113
493 626 603 689 per
632 626 883 671 omnem
922 607 1388 671 contextionem
1426 626 1462 670 a
1500 606 1770 671 summis
1809 626 2010 688 usque
2051 606 2130 669 ad
2157 606 2286 669 ima
2313 605 2667 689 conligatos

378 712 617 791 dicunt,
666 716 741 777 ut
785 718 1021 796 quanto
1080 732 1366 796 quaeque
1425 713 1704 795 amplius
1763 712 2067 777 haberent
2120 712 2443 777 commixti
2497 712 2666 787 boni,

376 823 555 885 tanto
614 820 953 885 sublimius
1013 820 1329 885 conlocari
1391 822 1781 884 mererentur
1835 837 1908 883 ac
1962 838 2074 902 per
2127 819 2248 884 hoc
2301 817 2667 883 mundiores

378 944 595 991 carnes
642 945 782 991 esse
832 926 1152 1003 deberent,
1202 945 1469 1007 quarum
1516 926 1692 1009 origo
1733 926 1810 990 de
1850 927 2026 991 03010
2065 928 2184 1001 031,
2224 943 2410 1007 quam
2449 926 2666 1009 fruges

306 1060 339 1095 5
376 1051 536 1114 quae
586 1032 873 1097 oriuntur
920 1054 991 1097 ex
1038 1035 1224 1097 terra.
1284 1033 1509 1098 deinde
1559 1033 1718 1115 quid
1760 1037 1894 1098 tam
1939 1033 2233 1098 insanum
2283 1033 2410 1098 dici
2455 1036 2669 1115 potest

377 1158 565 1221 quam
615 1143 965 1222 conceptus
1010 1140 1214 1205 factos
1262 1143 1407 1204 ante
1456 1140 1626 1205 uitae
1684 1140 2196 1205 commixtionem
2251 1141 2430 1204 131110
2487 1139 2666 1203 111113-

378 1246 579 1311 ciores
626 1246 849 1323 fuisse,
906 1250 983 1311 ut
1040 1250 1105 1311 et
1158 1246 1433 1311 abortiui
1489 1249 1555 1331 et
1611 1248 1688 1311 de
1745 1248 1920 1311 caelo
1986 1247 2049 1311 in
2114 1250 2346 1311 terram
2409 1249 2666 1311 ruentes

376 1353 695 1430 uiuerent,
773 1354 1113 1420 commixta
1186 1357 1399 1419 autem
1464 1354 1601 1418 uita
1663 1354 1786 1418 nisi
1849 1356 2134 1436 tempore
2197 1355 2444 1417 maturo
2512 1352 2667 1417 editi

375 1460 595 1524 uiuere
644 1480 767 1524 non
815 1461 1087 1543 possint.
1138 1463 1203 1525 et
1248 1460 1306 1526 si
1354 1460 1428 1525 de
1485 1460 1678 1544 paulo
1735 1460 1960 1527 altiore
2016 1461 2158 1526 loco
2215 1461 2461 1533 cadant,
2521 1478 2664 1523 con-

281 1587 343 1626 10
376 1565 556 1631 tinuo
586 1566 987 1631 moriantur?
1025 1567 1248 1649 utique
1287 1567 1343 1632 si
1374 1586 1642 1651 regnum
1671 1567 1843 1631 uitae
1885 1570 2103 1631 contra
2137 1586 2405 1650 regnum
2441 1566 2664 1631 mortis

374 1672 799 1756 belligerauit,
852 1674 1191 1737 commixta
1234 1673 1373 1738 11113
1416 1674 1774 1739 uiuaciores
1821 1674 2024 1739 facere
2073 1672 2312 1749 debuit,
2361 1692 2484 1738 non
2533 1691 2663 1739 cor-

371 1779 823 1861 ruptibiliores,
887 1779 1115 1861 quodsi
1178 1780 1241 1844 in
1310 1800 1427 1845 sua
1480 1783 1707 1845 natura
1752 1798 2038 1862 quaeque
2083 1799 2184 1844 res
2231 1780 2435 1864 magis
2482 1798 2664 1845 suam

370 1885 602 1949 retinet
665 1886 1221 1969 incorruptionem,
1286 1906 1409 1952 non
1467 1886 1625 1951 duas
1681 1890 1960 1964 113111133,
2014 1887 2245 1951 bonam
2289 1889 2354 1951 et
2409 1886 2662 1953 malam.

374 1991 486 2056 sed
533 1992 690 2057 duas
737 1994 957 2065 bonas,
1006 2013 1271 2075 quarum
1322 1995 1408 2059 sit
1443 2013 1571 2057 una
1606 1994 1850 2064 melior,
1888 1994 2248 2075 praedicare
2290 1993 2660 2059 debuerunt.

284 2120 336 2156 15
371 2100 539 2164 unde
614 2099 811 2183 igitur
882 2100 1184 2165 adserunt
1274 2101 1709 2167 inmundiores
1794 2119 2042 2177 0311103,
2119 2119 2276 2183 quas
2344 2102 2420 2165 de
2488 2101 2661 2166 caelo

372 2224 575 2288 genus
625 2206 852 2271 ducere
900 2206 1255 2282 adfirmant,
1303 2207 1463 2272 istas
1512 2208 1844 2273 dumtaxat
1891 2207 2184 2272 omnibus
2233 2210 2468 2272 notas?
2516 2226 2660 2272 nam

370 2312 512 2393 ipsa
556 2312 758 2395 prima
806 2332 1067 2395 corpora
1112 2312 1469 2396 principum
1507 2314 1910 2378 tenebrarum
1951 2334 2023 2378 ex
2061 2314 2389 2379 arboribus
2427 2314 2664 2380 ibidem

372 2419 537 2483 natis
611 2421 933 2499 tamquam
1010 2419 1397 2484 uermiculos
1473 2420 1814 2503 opinantur
1886 2424 2126 2497 exorta,
2201 2422 2374 2504 ipsas
2450 2426 2663 2487 autem

372 2525 626 2589 arbores
674 2544 747 2588 ex
794 2524 1069 2605 quinque
1118 2525 1247 2589 illis
1298 2526 1651 2589 clementie.
1700 2525 1961 2607 proinde
2011 2526 2066 2589 si
2114 2526 2486 2590 animalium
2534 2546 2664 2592 001-

286 2650 345 2690 εο
370 2650 525 2715 pora
596 2631 863 2713 primam
930 2630 1237 2714 originem
1304 2632 1540 2695 habent
1605 2651 1676 2695 ex
1741 2631 2099 2702 arboribus,
2177 2633 2520 2697 secundam
2587 2634 2662 2698 de

372 2739 569 2806 caelo,
618 2738 770 2819 quid
818 2756 1047 2802 causae
1096 2740 1214 2809 est,
1261 2743 1337 2802 ut
1382 2738 1786 2803 inmundiora
1831 2758 2023 2820 quam
2081 2740 2328 2803 fructus
2369 2739 2662 2805 arborum

370 2844 835 2908 aestimentur?
916 2844 970 2907 si
1034 2846 1391 2926 propterea,
1448 2844 1612 2934 ,quia
1677 2863 1823 2909 cum
1895 2844 2284 2921 moriuntur,
2362 2845 2674 2935 amittunt·

368 2950 670 3025 animam,
739 2952 812 3013 ut
893 2950 1019 3012 iam
1096 2948 1473 3013 inmundum
1550 2951 1664 3027 sit,
1744 2950 2049 3032 quicquid
2122 2951 2262 3015 uita
2334 2950 2663 3016 deserente

365 3058 687 3135 manserit,
738 3075 849 3121 cur
896 3056 1117 3120 eodem
1152 3058 1339 3139 pacto
1379 3076 1501 3121 non
1542 3060 1695 3121 sunt
1750 3056 2057 3121 inmunda
2095 3058 2266 3122 olera
2303 3058 2412 3121 uel
2450 3077 2657 3141 poma,

276 3180 332 3217 2⁵
367 3182 528 3244 quae
583 3164 824 3245 utique,
884 3162 1055 3227 sicut
1112 3181 1305 3245 supra
1369 3162 1614 3227 dictum
1682 3166 1798 3228 est.
1868 3182 2013 3227 cum
2072 3164 2499 3247 decerpuntur
2551 3165 2659 3229 uel

366 3270 748 3345 auelluntur,
796 3269 1203 3335 moriuntur?
1269 3269 1495 3334 horum
1544 3270 1776 3352 quippe
1825 3270 2315 3335 homicidiorum
2370 3271 2460 3335 rei
2517 3290 2658 3335 esse

362 3378 609 3443 nolunt.
660 3376 811 3441 dum
868 3376 1026 3439 nihil
1084 3395 1154 3439 ex
1210 3380 1373 3440 terra
1433 3377 1538 3440 uel
1597 3396 1668 3440 ex
1725 3376 1942 3441 arbore
2001 3378 2365 3461 decerpunt.
2434 3378 2658 3442 deinde

434 3552 463 3602 1
513 3566 697 3603 omnes
754 3552 1147 3606 contextionem
1196 3550 1323 3603 LM
1373 3568 1559 3604 omnes
1617 3550 1986 3604 contextiones
2039 3556 2084 3617 (s
2131 3553 2193 3605 in
2242 3564 2378 3618 raa.)
2419 3552 2475 3604 P
2512 3570 2658 3605 omes

2395 3633 2417 3656 G

356 3666 702 3719 contexiones
740 3666 771 3718 b
898 3668 932 3720 2
971 3670 1235 3736 quantoq:
1278 3682 1413 3735 quae
1452 3666 1504 3719 L
1650 3666 1849 3737 quique
1895 3666 1972 3720 Cb
2013 3683 2226 3737 quoque
2265 3666 2321 3721 P
2379 3683 2548 3737 qaque
2584 3666 2658 3719 M

355 3750 583 3805 aberent
638 3752 686 3806 S
861 3754 893 3807 6
951 3758 1239 3823 conceptus
1296 3754 1472 3805 factus
1528 3753 1581 3806 L
1637 3757 1923 3823 conceptos
1989 3754 2162 3807 factos
2219 3756 2360 3823 (ctus
2416 3756 2478 3807 in
2535 3758 2651 3808 ctos

353 3882 495 3921 corr.
548 3867 619 3938 G)
666 3867 765 3922 SG
812 3834 1101 3939 conceptus
1148 3870 1325 3923 faetus
1370 3870 1449 3923 Ρ3
1493 3872 1779 3939 conceptos
1827 3869 1971 3940 fetus
2021 3870 2052 3923 b
2211 3869 2507 3923 uiuatiores
2555 3868 2655 3923 SG

362 3956 393 4009 7
432 3956 663 4009 3110111111
701 3956 754 4009 L
861 3956 895 4011 8
933 3957 1087 4028 editi]
1128 3960 1184 4011 et
1220 3956 1314 4011 diu
1352 3957 1452 4011 SG
1562 3958 1625 4013 11
1667 3957 1785 4012 uita
1823 3962 1892 4025 (8.
1933 3959 1968 4012 l.
2010 3976 2048 4013 a
2083 3976 2152 4013 m.
2190 3962 2321 4025 rec.)
2358 3958 2405 4012 G
2512 3960 2578 4012 12
2612 3958 2658 4012 31

352 4058 461 4098 om.
500 4044 598 4099 SG
748 4045 811 4098 13
850 4046 1019 4099 bonas
1057 4049 1110 4099 et
1146 4046 1316 4099 malas
1353 4045 1666 4100 LCSGMb
1814 4048 1877 4100 17
1916 4046 2120 4101 ibidam
2158 4047 2210 4100 L
2350 4048 2416 4101 18
2455 4048 2652 4101 11011111-

360 4132 495 4185 011113
543 4134 573 4185 b
720 4132 789 4187 20
834 4132 1059 4203 habent]
1105 4132 1303 4187 habere
1352 4133 1452 4187 SG
1595 4135 1659 4187 21
1711 4151 1872 4189 causa
1917 4135 1971 4188 L
2115 4137 2184 4188 22
2241 4136 2564 4190 estimentur
2616 4137 2664 4191 0

354 4222 645 4275 aaemittunt
701 4228 775 4289 (m
832 4227 991 4287 eras.)
1049 4222 1103 4275 L
1262 4224 1333 4275 24
1386 4223 1704 4277 remanserit
1764 4224 1812 4277 G
1970 4241 2107 4294 quur
2161 4224 2214 4276 L
2389 4226 2457 4277 26
2501 4225 2650 4279 31101-

359 4311 549 4365 111111111·
587 4316 643 4378 (11
681 4327 746 4365 eae
783 4310 835 4381 b)
874 4310 928 4364 L
