3159 4984
512 431 640 494 734
1216 431 1269 482 S.
1328 429 1600 483 Aureli
1655 431 2084 499 Augustini

510 627 699 704 ptura
744 623 1159 688 ueracissima
1200 624 1485 707 positum
1534 627 1654 702 est,
1701 644 1826 689 non
1874 624 2258 690 credamus?
2323 626 2448 690 nisi
2501 629 2810 708 putemus

512 728 635 794 hoc
685 730 892 794 solum
940 749 1130 814 posse
1177 731 1382 795 faeere
1432 731 1644 806 deum,
1692 731 1864 813 quod
1912 731 2127 796 uidere
2175 733 2652 798 consueuimus.

600 837 660 899 6.
730 835 855 901 Sed
912 837 969 902 si
1024 838 1214 903 homo
1272 837 1416 916 fuit,
1472 838 1702 920 inquit,
1770 838 1992 903 Helias
2049 841 2114 903 et
2167 838 2380 922 potuit
2441 859 2566 904 non
2621 840 2810 906 mori.

508 961 620 1006 cur
670 942 985 1022 Christus,
1035 964 1179 1009 cum
1228 945 1418 1010 homo
1466 965 1591 1011 non
1637 945 1848 1022 fuerit,
1897 965 2020 1010 non
2066 946 2349 1028 potuerit
2398 947 2612 1014 mori?
2675 949 2812 1012 tale

510 1053 627 1127 est,
678 1068 751 1115 ac
800 1051 855 1114 si
903 1051 1245 1134 quisquam
1294 1052 1567 1116 diceret:
1627 1051 1684 1116 si
1728 1051 1942 1135 potuit
1986 1055 2212 1116 natura
2255 1051 2532 1118 hominis
2579 1055 2642 1118 in
2693 1055 2811 1118 ali·
2883 1073 2912 1112 5

508 1157 660 1238 quid
711 1159 944 1224 melius
993 1158 1393 1236 commutari,
1455 1177 1566 1222 eur
1623 1158 1724 1223 dei
1780 1163 2004 1222 natura
2056 1159 2118 1222 in
2181 1159 2459 1225 deterius
2515 1180 2638 1225 non
2693 1181 2810 1244 po·

505 1269 751 1332 tuerit?
819 1267 1037 1342 stulte,
1087 1265 1239 1349 quia
1283 1265 1559 1332 hominis
1609 1268 1709 1330 est
1753 1268 1979 1330 natura
2022 1265 2370 1344 mutabilis,
2432 1267 2532 1332 dei
2589 1271 2808 1333 autem

505 1374 1077 1441 incommutabilia.
1143 1374 1353 1457 possit
1416 1373 1582 1437 enim
1641 1376 1708 1438 et
1762 1373 1994 1456 aliquis
2057 1373 2293 1455 pariter
2354 1375 2810 1440 insanissimus

509 1482 759 1546 dicere:
829 1482 883 1546 si
930 1481 1174 1546 homini
1217 1484 1434 1565 potest
1480 1481 1733 1558 donare,
1780 1485 1856 1543 ut
1899 1482 2123 1563 regnet
2173 1479 2238 1543 in
2295 1485 2642 1558 aeternum,
2695 1501 2816 1546 cur

508 1607 633 1653 non
682 1591 748 1652 et
794 1587 918 1652 sibi
954 1587 1181 1664 facere,
1220 1590 1295 1651 ut
1332 1586 1667 1650 damnetur
1699 1586 1763 1649 in
1803 1589 2128 1650 aeternum
2151 1589 2180 1649 P
2228 1604 2353 1651 non
2391 1586 2532 1666 hoc,
2571 1587 2808 1670 inquit,
2857 1607 2911 1645 10

506 1713 624 1779 ego
693 1695 855 1772 dico,
924 1693 1035 1758 sed
1091 1693 1448 1757 triduanam
1505 1693 1736 1758 saltem
1791 1695 2061 1757 mortem
2119 1691 2219 1757 dei
2275 1696 2564 1759 aeternae
2629 1695 2809 1759 uitae

506 1801 784 1868 hominis
842 1819 1154 1885 compara.
1223 1799 1406 1882 plane
1463 1799 1517 1863 si
1574 1799 1670 1863 sic
1725 1799 2046 1881 acciperes
2108 1798 2466 1863 triduanam
2528 1805 2810 1865 mortem

504 1908 625 1986 dei,
665 1910 741 1972 ut
778 1926 917 1972 caro
966 1907 1029 1971 in
1065 1907 1177 1972 illo
1216 1909 1586 1984 moreretur,
1643 1925 1836 1990 quam
1883 1905 1960 1970 de
2007 1906 2370 1972 mortalium
2418 1925 2647 1990 genere
2697 1907 2806 1971 ad-

506 2013 802 2098 sumpsit,
840 2033 1063 2079 uerum
1104 2031 1393 2096 saperes;
1443 2031 1589 2076 nam
1625 2013 1818 2076 istam
1855 2013 2214 2078 triduanam
2254 2012 2492 2078 Christi
2525 2017 2803 2078 mortem

506 2139 619 2203 pro
668 2125 922 2184 aeterna
958 2119 1097 2183 uita
1130 2119 1461 2183 hominum
1497 2118 1735 2182 factam
1774 2117 2012 2183 ueritas
2049 2119 2422 2202 euangelica
2455 2119 2804 2202 praedicat.
2849 2139 2902 2178 ιε

508 2246 654 2291 cum
701 2229 916 2290 autem
965 2225 1129 2290 uelis
1175 2224 1535 2289 triduanam
1589 2227 1864 2289 mortem
1919 2225 2096 2289 nulla
2149 2225 2404 2290 mortali
2459 2225 2806 2308 adsumpta

504 2337 791 2398 creatura
844 2333 907 2396 in
964 2333 1105 2416 ipsa
1162 2332 1377 2396 diuina
1432 2333 1657 2395 natura
1711 2331 1854 2396 ideo
1911 2351 2034 2396 non
2091 2331 2363 2396 absurde
2410 2331 2600 2407 credi,
2649 2333 2802 2416 quia

498 2443 714 2524 potest
768 2439 1047 2504 humana
1102 2443 1328 2504 natura
1382 2438 1840 2505 inmortalitate
1899 2439 2138 2517 donari,
2202 2440 2488 2522 profecto
2545 2439 2638 2504 sic
2696 2438 2800 2503 de·

498 2547 677 2631 sipia,
746 2547 1065 2630 quomodo
1133 2547 1245 2629 qui
1310 2566 1427 2612 nec
1494 2546 1684 2611 deum
1749 2545 1919 2611 nosti
1978 2565 2096 2610 nec
2162 2546 2326 2610 dona
2379 2545 2500 2612 dei.
2569 2544 2800 2611 deinde

500 2653 822 2736 quomodo
870 2654 1052 2731 illud,
1102 2654 1273 2736 quod
1322 2672 1513 2738 supra
1556 2653 1767 2737 posui,
1821 2671 1946 2718 non
2003 2651 2164 2718 dicis
2221 2671 2294 2717 ac
2349 2653 2548 2717 sentis
2605 2651 2796 2718 deum
2833 2671 2888 2710 ευ

498 2760 621 2824 sibi
651 2780 774 2826 non
805 2761 1057 2828 fecisse.
1077 2761 1245 2825 unde
1277 2760 1612 2825 damnetur
1637 2759 1702 2823 in
1735 2762 2082 2835 aeternum,
2113 2757 2366 2839 quando
2382 2777 2528 2841 pars
2559 2758 2674 2822 illa
2693 2758 2794 2823 dei

498 2868 698 2932 uestri
743 2869 809 2931 in
858 2868 1047 2951 globo
1093 2867 1159 2931 in
1206 2869 1581 2950 perpetuum
1632 2863 2036 2948 configetur?
2101 2884 2180 2928 an
2228 2867 2294 2928 et
2339 2864 2460 2930 hoc
2505 2865 2792 2931 dicturus

500 2991 590 3048 eS‚
631 2973 784 3057 quia
818 2992 965 3056 pars
1000 2973 1167 3038 lucis
1202 2974 1311 3037 lux
1350 2971 1455 3038 est*
1488 2975 1555 3036 et
1589 2991 1735 3055 pars
1775 2971 1878 3035 dei
1915 2969 2074 3035 deus
2110 2989 2235 3037 non
2275 2973 2424 3035 est?
2468 2975 2791 3055 postremo

506 3083 579 3144 ut
624 3081 759 3145 sine
804 3079 940 3144 ulla
983 3079 1465 3144 ratiocinatione
1513 3079 1572 3143 ei
1617 3079 1806 3162 plana
1861 3076 2012 3141 fidei
2056 3077 2326 3144 ueritate
2375 3097 2412 3142 a
2455 3078 2638 3143 nobis
2685 3099 2791 3144 au-

500 3185 714 3264 diatis,
766 3205 877 3250 cur
920 3186 1173 3250 Heliam
1223 3185 1544 3250 hominem
1592 3187 1812 3248 natum
1867 3186 2121 3266 raptum
2169 3202 2308 3249 esse
2357 3185 2666 3250 diuinitus
2715 3184 2791 3250 de
2831 3237 2880 3276 2⁵

496 3295 664 3356 terra
710 3292 1060 3369 credamus,
1104 3291 1426 3356 Christum
1476 3295 1691 3356 autem
1738 3295 1803 3356 et
1849 3311 1920 3355 ex
1968 3289 2214 3372 uirgine
2261 3309 2410 3355 uere
2456 3294 2677 3356 natum
2727 3297 2792 3357 et

494 3399 559 3462 in
618 3417 803 3464 cruce
858 3418 1007 3463 uere
1065 3402 1430 3464 mortuum:
1495 3398 1654 3462 haec
1707 3397 1849 3462 ideo
1909 3396 2244 3470 credimus,
2303 3397 2456 3480 quia
2511 3402 2598 3472 et,
2629 3399 2792 3463 illud

568 3623 598 3676 3
654 3624 836 3693 inquit
890 3623 997 3678 fuit
1048 3626 1111 3678 in
1170 3641 1285 3678 ras,
1334 3623 1379 3680 S
1518 3625 1708 3696 inquid
1767 3627 1840 3680 L¹
2019 3629 2056 3679 4
2103 3629 2404 3682 cur—mori
2443 3630 2532 3694 (in
2565 3631 2709 3696 rae.)
2749 3625 2794 3680 S

497 3713 739 3782 potuerit
776 3719 833 3778 (11
868 3729 911 3768 8.
952 3714 1009 3781 l.)
1053 3715 1099 3768 G
1250 3716 1283 3768 6
1321 3713 1560 3769 deterius
1600 3719 1761 3783 (pars
1799 3716 1901 3772 litt.
1941 3715 1976 3768 d
2015 3720 2204 3782 enan.)
2249 3715 2298 3770 0
2401 3717 2432 3769 7
2472 3718 2674 3778 stultae
2712 3717 2790 3784 Lg

492 3799 750 3871 hominis]
790 3802 963 3855 omnis
1000 3803 1069 3855 M
1264 3806 1349 3856 est
1386 3806 1455 3868 (8.
1494 3803 1529 3858 1.
1570 3820 1610 3857 a
1643 3819 1713 3860 m.
1751 3804 1812 3871 2)
1853 3805 1924 3857 M
2135 3807 2167 3859 9
2215 3809 2658 3860 cur—aeternum
2707 3808 2786 3874 (in

492 3905 593 3958 my.
638 3890 767 3945 add.
806 3908 874 3946 m.
910 3895 1037 3954 rec.)
1084 3890 1131 3944 G
1237 3893 1305 3945 10
1344 3909 1445 3962 ego
1483 3892 1664 3963 inquit
1705 3892 1754 3946 0
1872 3891 2066 3963 inquid
2102 3893 2250 3948 8¹6¹
2359 3895 2420 3948 11
2465 3897 2776 3948 aeternae-

493 3976 583 4031 dei
612 3995 715 4032 om.
744 3978 843 4034 SG
1028 3981 1093 4032 12
1130 3980 1208 4033 sic
1247 3981 1290 4048 (i
1325 3981 1389 4034 in
1422 3982 1557 4049 ras.)
1601 3982 1656 4035 P
1867 3982 2132 4052 reciperes
2179 3981 2296 4036 GM
2471 3984 2540 4038 13
2575 3984 2632 4037 in
2667 3983 2788 4053 illo]

495 4067 595 4120 illa
622 4067 747 4122 862
888 4072 1125 4122 moretur
1168 4069 1213 4123 0
1284 4070 1355 4123 14
1390 4070 1558 4140 xpis⁴ti
1594 4071 1641 4124 C
1714 4072 1778 4124 15
1814 4087 1911 4141 pro
1947 4087 1991 4126 8.
2030 4073 2066 4124 l.
2099 4071 2142 4124 (·v
2285 4075 2505 4126 aeterna.
2544 4078 2632 4128 (ev
2663 4059 2786 4144 δὴ).

496 4173 543 4210 a.
576 4161 667 4224 er.)
698 4157 748 4209 L
778 4161 1047 4222 aeternam
1085 4157 1207 4236 GM
1348 4159 1519 4213 uitam
1548 4159 1802 4214 L¹M²G¹
1917 4162 1981 4215 18
2011 4161 2410 4215 immortalitati
2438 4161 2470 4214 b
2581 4163 2648 4215 21
2677 4179 2786 4216 non

492 4245 853 4299 circinatione
922 4247 1191 4300 eireumcl.
1254 4265 1323 4301 m.
1396 4265 1495 4304 rec.
1572 4249 1618 4302 C
1841 4251 1910 4304 24
1973 4250 2134 4320 plane
2197 4249 2244 4304 0
2491 4251 2682 4306 anobis
2747 4253 2794 4306 G

493 4333 565 4386 25
604 4351 740 4402 quur
779 4335 825 4386 L
