3159 4984
480 436 609 499 450
936 391 941 395 -
1178 432 1231 485 S.
1286 430 1557 484 Aureli
1619 432 2058 501 Augustini

484 629 683 694 situm
747 628 951 711 fingas
1018 630 1082 690 et
1146 626 1289 710 cogi
1344 625 1622 691 uidearis
1677 626 1744 690 in
1803 627 2072 691 alterum
2131 647 2164 691 e
2224 627 2495 692 (11101103.
2551 630 2629 691 111
2677 634 2790 691 aut

485 735 720 799 falsum
767 733 1139 817 pronunties
1187 733 1540 817 capitulum
1587 733 1711 798 hoc
1758 737 1870 798 aut
1915 734 2285 799 mendacem
2331 734 2566 799 Iesum.
2615 734 2788 799 sicut

494 841 660 906 e'nim
698 840 821 906 hoc
861 838 1217 923 capitulum
1252 858 1478 904 uerum
1518 842 1638 914 est,
1671 840 1762 904 ita
1792 842 1858 904 et
1883 858 2074 903 uerax
2112 844 2212 905 est
2247 840 2454 906 Iesus.
2492 839 2787 905 rectius

496 948 745 1012 uisum
813 949 959 1023 est,
1024 946 1261 1028 inquit,
1330 942 1843 1029 scriptoribus
1911 947 2293 1011 ascribere
2358 947 2785 1012 falsitatem

489 1070 707 1135 quam
762 1053 1126 1118 ueritatis
1184 1053 1484 1117 auctori
1538 1053 2030 1117 mendacium.
2097 1053 2269 1117 itane
2325 1056 2400 1117 tu
2457 1053 2787 1118 Christum
2842 1074 2872 1111 ε.

488 1160 695 1225 credis
741 1160 1035 1225 ueritatis
1083 1163 1427 1237 auctorem,
1476 1180 1664 1243 quem
1713 1160 2042 1244 praedicas
2090 1160 2296 1225 carnis
2344 1163 2409 1225 et
2452 1160 2678 1224 mortis
2725 1162 2795 1224 et

490 1267 833 1331 uulnerum
902 1270 966 1331 et
1032 1266 1400 1331 cicatricum
1468 1266 1961 1331 simulatorem?
2025 1267 2177 1332 uolo
2243 1266 2400 1330 mihi
2467 1266 2788 1331 ostendas

487 1374 657 1439 unde
706 1378 1029 1439 auctorem
1076 1374 1368 1438 ueritatis
1418 1371 1713 1437 didiceris
1753 1372 2098 1451 Christum,
2138 1373 2194 1437 si
2243 1373 2354 1446 eis,
2394 1378 2503 1455 qui
2551 1373 2628 1437 de
2673 1372 2790 1435 illo

492 1481 905 1564 scripserunt,
954 1499 1225 1563 quorum
1273 1479 1621 1544 auctoritas
1680 1480 1922 1543 recenti
1979 1480 2291 1544 memoria
2350 1479 2789 1544 commendata

488 1591 679 1671 atque
718 1589 966 1652 firmata
1002 1586 1068 1650 10
1104 1588 1397 1669 posteros
1432 1586 1775 1661 emanauit,
1803 1586 1999 1650 audes
2031 1586 2388 1651 adscribere
2415 1586 2788 1651 falsitatem.
2828 1608 2888 1645 ιο

490 1712 614 1759 000
664 1694 832 1758 enim
880 1690 1103 1757 uidisti
1144 1691 1493 1768 Christum,
1542 1694 1656 1754 aut
1701 1691 2239 1772 quemadmodum
2288 1712 2431 1756 cum
2481 1692 2792 1776 apostolis

490 1800 751 1865 locutus
819 1803 919 1864 est
981 1794 1220 1875 tecum,
1288 1801 1401 1862 aut
1462 1798 1539 1861 (13
1608 1798 1782 1861 33310
1837 1800 1904 1862 13
1963 1798 2132 1863 313111
2188 1798 2450 1863 Saulum
2507 1799 2792 1865 uocauit.

492 1909 646 1991 quid
694 1908 769 1973 de
817 1908 929 1973 illo
982 1906 1236 1984 sentire,
1287 1905 1440 1987 quid
1488 1904 1741 1969 credere
1789 1923 2158 1987 possumus,
2207 1905 2333 1969 nisi
2379 1905 2548 1987 quod
2595 1905 2794 1988 scrip-

490 2018 636 2080 tura
678 2016 1003 2079 testatur?
1050 2032 1233 2092 porro
1282 2013 1339 2077 si
1386 2012 1652 2076 mendax
1701 2015 1800 2075 est
1847 2012 2256 2095 euangelium
2303 2012 2794 2078 disseminatum

494 2124 560 2185 et
602 2121 827 2185 notum
874 2120 1169 2186 omnibus
1206 2118 1506 2203 gentibus
1545 2121 1612 2183 et
1649 2118 1726 2182 ab
1763 2118 1948 2183 initio
1986 2114 2477 2201 praedicationis
2513 2118 2792 2184 nominis
2835 2144 2890 2181 25

494 2225 731 2292 Christi
778 2226 840 2290 in
892 2226 1181 2291 ecclesiis
1231 2226 1527 2290 omnibus
1572 2226 1638 2289 in
1684 2228 1863 2289 tanto
1913 2225 2276 2289 sanctitatis
2326 2226 2597 2290 culmine
2647 2245 2794 2290 con-

499 2335 806 2409 locatum,
873 2352 1034 2415 quae
1093 2336 1405 2415 scriptura
1457 2330 1722 2415 proferri
1776 2334 2010 2415 potest,
2061 2332 2164 2396 cui
2211 2332 2289 2395 de
2335 2331 2587 2397 Christo
2633 2332 2794 2397 fides

499 2438 789 2504 habenda
835 2440 971 2504 sit?
1038 2438 1191 2521 quid
1235 2438 1475 2523 poteris
1530 2437 1806 2521 proferre
1865 2437 2197 2521 scriptum,
2256 2438 2425 2520 quod
2481 2457 2605 2503 non
2659 2437 2794 2512 ille,

501 2546 609 2628 qui
654 2544 777 2611 hoc
822 2565 947 2610 non
995 2547 1145 2610 uult
1190 2545 1466 2619 credere,
1507 2544 1678 2609 dicat
1715 2562 1856 2609 3333
1895 2544 2258 2609 confictum.
2299 2544 2354 2608 si
2390 2547 2568 2608 tanta
2607 2564 2795 2609 euan-

497 2652 649 2737 gelii
696 2652 923 2717 notitia
968 2652 1150 2716 uenit
1192 2652 1257 2716 in
1306 2651 1623 2715 dubium?
2827 2680 2888 2716 ευ

586 2761 688 2825 12.
730 2756 973 2823 Deinde
1006 2757 1340 2841 subiungis
1378 2758 1590 2841 ipsum
1629 2761 1693 2821 te
1733 2756 1991 2822 audisse
2030 2758 2344 2822 dicentem
2383 2758 2555 2822 fures
2593 2758 2796 2823 fuisse

498 2870 562 2930 et
608 2866 887 2931 latrones
937 2884 1179 2940 omneS,
1230 2866 1339 2945 qui
1386 2866 1704 2928 uenerunt
1751 2867 1896 2929 ante
1945 2883 2034 2929 33.
2102 2864 2270 2928 unde
2324 2864 2508 2927 illum
2557 2864 2797 2929 audisti

498 2972 623 3037 hoc
670 2971 988 3036 dicentem
1034 2970 1159 3035 nisi
1208 2988 1278 3033 ex
1330 2970 1716 3054 euangelio?
1783 2974 1851 3034 at
1907 2970 1962 3035 si
2017 2971 2160 3036 hoc.
2219 2969 2389 3052 quod
2442 2970 2534 3034 ita
2591 2970 2798 3035 credis

500 3096 573 3141 ex
624 3078 977 3161 euangelio,
1034 3079 1110 3141 ut
1163 3080 1489 3159 tamquam
1548 3094 1622 3141 ex
1679 3095 1783 3141 ore
1844 3075 2082 3142 domini
2149 3077 2404 3142 audisse
2468 3078 2532 3141 te
2599 3075 2797 3145 (11333.

500 3185 666 3248 alius
713 3184 945 3249 falsum
998 3203 1138 3249 3333
1181 3184 1521 3248 contendat
1557 3186 1748 3266 atque
1786 3184 1909 3249 hoc
1949 3182 2182 3248 dixisse
2223 3182 2547 3249 Christum
2584 3188 2799 3267 neget.
2831 3209 2890 3247 25

498 3310 624 3373 quo
661 3290 828 3355 ibis?
868 3291 1021 3373 quid
1058 3292 1295 3355 facies?
1336 3310 1541 3356 00003
1581 3290 2020 3374 euangelicam
2059 3290 2504 3355 auctoritatem
2543 3290 2800 3373 quantis

498 3397 783 3480 potueris
831 3396 1074 3461 uiribus
1123 3396 1570 3481 praedicabis?
1635 3398 1851 3473 miser,
1906 3397 2044 3462 illic
2090 3396 2401 3479 scriptum
2449 3400 2568 3475 est,
2628 3397 2802 3479 quod

498 3523 619 3568 non
667 3504 767 3567 uis
816 3504 1089 3578 credere,
1139 3504 1250 3567 ubi
1299 3504 1582 3568 didicisti
1640 3503 1806 3585 quod
1863 3504 1956 3566 ita.
2015 3504 2240 3569 credis.
2299 3506 2376 3566 ut
2428 3503 2549 3567 hoc
2605 3506 2668 3567 te
2717 3504 2798 3567 ab

676 3696 745 3747 12
783 3693 849 3747 cf.
888 3694 1010 3748 Act.
1049 3696 1099 3758 9,
1138 3694 1171 3747 3
1211 3711 1329 3764 sqq.
1438 3695 1509 3746 22
1546 3694 1614 3747 cf.
1654 3693 1773 3747 Ioh.
1816 3694 1898 3758 10,
1938 3694 1972 3747 8

569 3818 602 3871 2
632 3817 927 3887 capitulum
958 3820 999 3887 (i
1028 3835 1092 3871 esc
1121 3835 1151 3872 o
1182 3822 1339 3887 corr.)
1375 3812 1423 3871 C
1516 3819 1549 3873 3
1583 3822 1667 3872 est
1696 3819 1794 3873 alt.
1825 3836 1924 3873 om.
1945 3816 2172 3873 LSMG
2271 3820 2308 3870 4
2335 3819 2516 3889 inquis
2537 3818 2612 3871 L²
2711 3834 2800 3871 as-

497 3907 729 3962 scribere
756 3906 803 3959 C
908 3906 937 3958 7
966 3906 1131 3961 michi
1156 3906 1205 3960 0
1308 3907 1375 3961 10
1414 3906 1720 3961 semanauit
1746 3906 1872 3962 8¹6
1909 3905 2172 3960 eminauit
2199 3906 2351 3960 L¹P¹
2391 3905 2680 3960 seminauit
2709 3905 2782 3958 M
2786 3908 2802 3941 ¹

498 3992 792 4048 asscribere
846 3994 889 4046 C
1051 3994 1115 4048 11
1168 3992 1635 4064 quemammodum
1681 3992 1906 4047 L¹MG¹
2049 3994 2114 4045 12
2153 3997 2208 4045 te
2247 4010 2349 4047 om.
2393 3992 2443 4047 G
2581 3993 2802 4046 uocauit

499 4082 709 4136 saulum
754 4082 801 4135 G
944 4083 1007 4135 15
1046 4082 1209 4136 inicio
1254 4082 1302 4136 0
1443 4082 1509 4136 19
1549 4081 1696 4135 dicat
1735 4084 1786 4151 (a
1825 4098 1960 4135 corr.
2009 4098 2074 4135 ex
2111 4084 2162 4147 e)
2208 4081 2257 4135 0
2397 4080 2466 4135 20
2511 4080 2716 4135 noticia
2759 4081 2810 4134 C

501 4169 572 4224 22
608 4170 858 4225 03031101
896 4170 992 4225 SG
1104 4170 1171 4224 23
1208 4174 1294 4249 (et
1328 4170 1418 4240 24)
1468 4172 1779 4241 euangelio
1812 4176 1868 4237 (u
1899 4174 1990 4237 er.)
2029 4170 2076 4224 0
2179 4187 2242 4223 ac
2271 4170 2303 4223 b
2415 4170 2584 4241 quod]
2611 4175 2672 4224 ut
2701 4168 2806 4225 SG

502 4263 565 4312 ut
601 4262 753 4328 (ras.)
794 4256 915 4311 ΕΜ
1094 4260 1163 4312 24
1202 4258 1431 4315 audiss&
1471 4260 1651 4314 edicas
1691 4260 1778 4312 Μι
1961 4258 2030 4311 26
2080 4258 2186 4313 ibis
2236 4264 2282 4325 (s
2320 4278 2361 4313 s.
2403 4260 2438 4313 z.
2479 4246 2520 4313 α’
2553 4276 2621 4313 m.
2660 4263 2710 4315 0
2751 4258 2802 4311 L

504 4348 841 4416 nangelicam
878 4348 954 4400 ΙΝ
994 4350 1403 4419 311113ος3113301
1448 4349 1493 4403 (⁷
