3159 4984
596 480 723 544 750
1301 480 1353 534 S.
1410 479 1686 535 Aureli
1739 481 2183 552 Augustini

590 672 926 755 loquimini
998 673 1401 740 mendacium
1466 677 1532 740 et
1606 675 2019 742 cauteriatam
2094 676 2346 742 habetis
2430 677 2898 742 conscientiam

590 781 926 846 uestram?
983 781 1213 863 quodsi
1256 782 1485 847 horum
1530 783 1692 846 nihil
1735 802 1880 864 uos,
1929 803 2046 849 nec
2091 803 2208 849 nos
2252 785 2467 869 igitur.
2536 784 2692 868 quid
2739 805 2896 870 ergo

593 885 717 950 sibi
770 887 919 952 uult
974 888 1331 972 capitulum
1384 889 1534 968 hoc,
1585 893 1698 956 aut
1753 909 1790 954 a
1844 910 1970 976 quo
2027 891 2338 974 scriptum
2393 891 2766 974 puta-bimus
2829 895 2898 956 et

592 999 811 1058 contra
856 1014 1039 1078 quw,
1088 995 1257 1077 quod
1304 1015 1420 1062 nec
1464 997 1704 1063 ueteris
1750 998 2122 1064 testamenti
2167 998 2546 1064 traditiones
2581 1017 2702 1064 nec
2737 999 2900 1064 noui

592 1101 921 1166 confirmet
968 1102 1180 1168 scita?
1228 1101 1542 1185 siquidem
1590 1103 1713 1169 hoc
1760 1104 1838 1169 ab
1888 1104 2207 1182 omnibus,
2253 1106 2330 1168 ut
2375 1123 2448 1169 ex
2495 1104 2684 1170 uobis
2729 1104 2896 1188 ipsis
2959 1130 2992 1168 ε.

591 1207 887 1292 adparet,
953 1209 1115 1274 illud
1180 1229 1332 1274 uero
1398 1229 1434 1274 a
1498 1210 1882 1294 quibusdam
1946 1211 2243 1294 quamuis
2306 1211 2612 1276 abstineri
2675 1214 2894 1276 tamen

590 1315 796 1394 docet,
847 1314 1165 1382 sententia
1209 1335 1362 1382 uero
1410 1317 1570 1382 haec
1615 1321 2180 1384 uestra-cunctam
2225 1317 2484 1401 penitus
2539 1317 2898 1383 carnalium

590 1421 878 1487 ciborum
925 1422 1377 1488 abstinentiam
1435 1424 1912 1490 daemoniorum
1972 1425 2120 1488 uult
2175 1443 2316 1490 esse
2375 1425 2718 1491 doctrina-s,
2788 1425 2898 1489 cui

591 1527 644 1592 si
702 1531 768 1592 et
822 1547 941 1594 uos
999 1529 1280 1606 creditis,
1340 1529 1558 1596 eadem
1625 1529 1880 1614 saepius
1950 1531 2180 1609 dixero,
2248 1531 2544 1596 damnate
2595 1531 2896 1616 Moysen,

585 1635 945 1700 renuntiate
991 1635 1343 1719 prophetis,
1390 1635 1550 1701 ferte
1587 1655 1803 1720 parem
1846 1639 1910 1701 et
1948 1638 2024 1701 de
2064 1637 2250 1703 uobis
2285 1637 2444 1722 ipsis
2483 1639 2896 1716 sententiam,
2939 1661 2996 1700 ιο

588 1741 737 1823 quia
791 1747 867 1806 ut
918 1743 1017 1807 illi
1076 1761 1325 1827 semper
1368 1762 1405 1808 a
1450 1743 1838 1827 quibusdam
1889 1743 2194 1822 ciborum,
2252 1745 2345 1811 sic
2399 1764 2519 1810 uos
2563 1745 2894 1810 interdum

588 1849 925 1916 abstinetis
974 1849 1052 1914 ab
1105 1850 1423 1915 omnibus.

677 1959 737 2024 4.
784 1958 919 2023 Aut
964 1958 1018 2023 si
1055 1957 1315 2042 Moyses
1360 1956 1547 2022 uobis
1597 1959 1662 2021 et
1705 1955 2071 2040 prophetae,
2111 1976 2256 2022 cum
2296 1977 2476 2024 escas
2515 1957 2894 2036 diiudicant,

588 2065 688 2130 dei
731 2065 945 2148 legem
992 2064 1233 2129 sancire
1279 2063 1581 2128 uidentur
1646 2066 1711 2129 et
1765 2084 1888 2129 non
1938 2065 2451 2142 daemoniorum;
2513 2065 2568 2131 si
2613 2065 2894 2130 Danihel

584 2172 650 2235 in
716 2171 945 2254 spiritu
1012 2175 1234 2236 sancto
1298 2170 1670 2236 obseruauit
1733 2174 1864 2236 tres
1929 2171 2395 2244 hebdomadasz
2466 2171 2521 2237 si
2583 2171 2893 2250 Ananias,
2935 2195 2990 2237 ιε

585 2278 841 2343 Azarias
902 2280 967 2342 et
1020 2276 1299 2344 Misahel
1354 2269 1537 2362 pueri
1603 2277 1858 2344 diuinae
1924 2273 2192 2345 mentis
2225 2279 2538 2346 instinctu
2605 2280 2892 2346 oleribus

587 2383 684 2448 uti
729 2384 1095 2448 maluerunt
1142 2387 1207 2448 et
1249 2383 1726 2468 leguminibus;
1786 2386 1842 2452 si
1899 2388 2173 2471 denique
2219 2387 2284 2452 in
2331 2387 2519 2453 uobis
2566 2390 2894 2471 quotquot

584 2491 928 2568 abstinent,
967 2508 1093 2555 non
1133 2509 1170 2554 a
1208 2489 1559 2556 daemoniis
1596 2491 1837 2576 inpulsi
1873 2493 1942 2558 id
1976 2494 2258 2572 faciunt3
2309 2495 2365 2559 si
2400 2491 2892 2578 quadragesima

589 2597 725 2662 sine
780 2597 933 2663 uino
992 2601 1059 2662 et
1114 2597 1410 2663 carnibus
1466 2617 1591 2662 non
1651 2599 2098 2683 superstitiose
2155 2619 2193 2664 a
2247 2599 2454 2680 uobis,
2504 2599 2620 2665 sed
2667 2599 2892 2664 diuina

583 2705 723 2789 lege
772 2708 1099 2770 seruatur:
1156 2704 1394 2782 uidete,
1443 2724 1703 2787 quaeso,
1751 2707 1990 2785 uidete,
2047 2725 2125 2771 ne
2183 2725 2471 2772 summae
2526 2707 2890 2772 dementiae
2925 2725 2984 2765 ιο

583 2812 704 2877 hoc
753 2810 840 2878 sit
885 2830 922 2876 a
967 2813 1171 2878 Paulo
1229 2811 1475 2877 dictum
1530 2816 1775 2894 putare,
1835 2813 2006 2896 quod
2062 2813 2542 2879 daemoniorum
2597 2813 2891 2879 doctrina

584 2919 671 2984 sit
716 2919 1105 2985 abstinentia
1142 2919 1348 2984 omnis
1388 2920 1695 2996 ciborum,
1737 2922 1802 2984 et
1835 2919 2248 3003 prohibentes
2285 2921 2544 2997 nubere,
2583 2919 2885 3002 quemad-

584 3026 846 3092 modum
894 3046 1011 3093 nec
1065 3027 1250 3104 illud,
1309 3028 1479 3110 quod
1536 3027 1696 3093 dicit
1753 3027 1947 3092 etiam
2005 3027 2286 3112 uirgines
2352 3028 2563 3094 dicare
2629 3026 2886 3094 Christo

585 3133 1064 3201 daemoniorum
1114 3153 1255 3200 esse
1304 3134 1626 3200 doctrinas
1665 3187 1680 3204 .
1722 3134 1891 3218 quod
1938 3155 2058 3200 uos
2104 3135 2362 3220 perinde
2411 3135 2548 3200 sine
2595 3133 2884 3200 conside·

583 3239 824 3305 ratione
864 3241 1153 3325 legentes
1190 3246 1267 3307 ut
1303 3245 1514 3308 cetera
1550 3241 1632 3306 ad
1667 3262 1784 3309 nos
1823 3243 2092 3308 subinde
2130 3241 2452 3326 respicitis
2489 3261 2608 3307 nec
2643 3242 2884 3307 uidetis
2922 3257 2975 3296 ²⁵

584 3346 733 3412 hinc
782 3349 846 3412 et
889 3348 1175 3432 uirgines
1222 3351 1473 3414 uestras
1522 3348 2000 3414 daemoniorum
2058 3349 2348 3415 doctrina
2401 3351 2622 3433 captas
2677 3347 2886 3413 notari

585 3454 651 3515 et
701 3472 821 3518 uos
879 3472 1020 3518 esse
1078 3454 1401 3520 antistites
1457 3454 1956 3520 daemoniorum.
2015 3455 2124 3538 qui
2171 3455 2459 3520 certatim
2507 3473 2759 3538 semper
2804 3453 2885 3518 ad

582 3561 744 3636 hanc
792 3579 898 3626 eas
947 3559 1231 3625 incitetis
1276 3560 1736 3644 professionem
1787 3561 2198 3627 suasionibus
2242 3561 2501 3639 uestris,
2561 3565 2638 3626 ut
2681 3579 2882 3645 paene

582 3665 709 3730 iam
775 3665 978 3732 maior
1040 3666 1103 3731 in
1171 3666 1462 3731 ecclesiis
1528 3665 1824 3732 omnibus
1889 3665 2216 3750 uirginum
2279 3666 2448 3751 apud
2511 3685 2632 3732 uos
2689 3683 2880 3748 quam

580 3773 925 3840 mulierum
982 3773 1410 3838 numerositas
1466 3773 1776 3838 habeatur
1797 3776 1828 3839 P
1896 3774 2049 3858 quid
2099 3792 2248 3858 ergo
2295 3793 2422 3839 non
2471 3777 2537 3838 et
2581 3791 2702 3838 uos
2747 3771 2878 3836 iam
2919 3787 2975 3826 ω

658 3946 681 3999 1
712 3945 863 4016 loqui
892 3945 924 4000 b
1070 3946 1332 4002 habentes
1359 3946 1447 4001 Lb
1556 3949 1591 4002 5
1619 3948 1922 4003 corfirment
1941 3946 2068 4004 86²
2209 3950 2362 4019 scyta
2387 3947 2442 4002 L
2541 3947 2571 4000 7
2603 3949 2798 4001 cuncta
2824 3945 2879 4000 L

581 4033 832 4102 paenitus
868 4034 995 4088 LM
1128 4037 1161 4090 9
1201 4037 1247 4090 si
1284 4038 1362 4106 et]
1401 4036 1507 4091 etsi
1550 4035 1599 4090 0
1737 4038 1920 4106 sepius
1958 4035 2060 4092 SG
2169 4037 2235 4091 10
2271 4036 2379 4106 ipsi
2413 4035 2468 4090 L
2605 4037 2671 4090 15
2709 4034 2876 4090 ebdo-

580 4122 765 4176 madas
813 4121 1089 4180 LOSMG
1243 4126 1501 4180 annanias
1555 4123 1611 4179 L
1766 4126 1833 4179 16
1877 4125 2069 4179 misael
2113 4123 2226 4179 GM
2403 4123 2679 4180 holeribus
2725 4123 2782 4194 <h
2827 4139 2873 4178 ε.

582 4210 641 4280 1.)
678 4209 844 4268 SMG
978 4215 1043 4267 17
1082 4214 1375 4285 quodquod
1412 4217 1669 4285 (utrumq.
1708 4213 1744 4269 d
1779 4216 1842 4269 in
1880 4218 1907 4268 t
1943 4231 1980 4268 a
2015 4231 2085 4268 m.
2127 4215 2178 4282 1)
2226 4213 2274 4268 0
2379 4214 2447 4268 18
2484 4213 2804 4286 demonibus
2842 4213 2873 4266 b

581 4300 649 4352 19
688 4301 1097 4370 superstitiosae
1136 4302 1183 4359 S
1214 4304 1624 4376 superstitiosae
1666 4302 1717 4358 G
1844 4305 1916 4359 20
1953 4320 2157 4359 summe
2201 4302 2250 4358 Ο
2379 4304 2449 4358 22
2483 4303 2769 4374 prohibere
2805 4300 2878 4355 M

581 4387 649 4441 23
687 4387 863 4443 dicare
901 4388 1049 4444 S¹G¹
