3159 4984
897 476 985 530 VI.
1041 476 1330 531 Contra
1384 479 1753 532 ‚Faustum
1809 477 1940 531 lib.
1996 478 2170 532 XXII.
2546 484 2675 546 613

383 671 611 750 homo,
681 672 849 754 quod
905 673 1069 738 bono
1129 690 1244 736 suo
1303 672 1673 752 custodiret,
1730 673 1898 738 malo
1948 693 2065 740 suo
2114 676 2565 750 contemneret,
2611 675 2677 738 in

381 784 652 862 utroque
716 782 930 844 tamen
991 781 1171 844 motu
1239 778 1432 842 animi
1484 778 1685 844 libera
1738 781 2070 846 uoluntate
2128 783 2410 845 uteretur
2464 781 2677 864 potius

383 904 571 967 quam
621 889 841 952 contra
885 885 1283 951 uoluntatem
1331 885 1410 950 ad
1458 887 2027 951 contenebrandam
2081 887 2293 952 lucem
2352 907 2534 952 suam
2588 887 2680 950 in-

382 992 672 1057 euitabili
743 993 1124 1059 necessitate
1210 996 1637 1076 premeretur!
1720 1013 1865 1058 nam
1941 994 2101 1058 illud
2175 995 2379 1059 multo
2454 995 2676 1077 utique

331 1119 358 1158 ε
383 1099 614 1164 melius
682 1102 873 1179 esset,
941 1104 1018 1164 ut
1081 1102 1492 1183 praeceptum
1557 1099 1737 1164 daret
1797 1099 2108 1164 humanae
2154 1103 2433 1169 naturae.
2491 1119 2681 1183 quam

379 1208 781 1288 peccaturam
829 1225 970 1272 esse
1018 1205 1310 1283 nesciret,
1361 1224 1550 1288 quam
1599 1209 1888 1271 naturam
1927 1225 2107 1271 suam
2149 1206 2423 1272 diuinam
2465 1227 2680 1272 neces-

382 1313 569 1377 sitate
633 1332 895 1395 pressus
958 1332 1220 1397 peccare
1279 1314 1684 1396 conpelleret.
1752 1313 2053 1398 euigilate
2110 1316 2176 1378 et
2231 1314 2419 1378 dicite
2474 1314 2679 1390 nobie,

381 1419 696 1500 quomodo
753 1419 958 1486 uincit
1010 1421 1322 1500 tenebras,
1382 1439 1572 1502 quem
1638 1419 1835 1484 uincit
1899 1420 2266 1487 necessitas.
2333 1421 2489 1485 haec
2553 1420 2679 1485 iam

382 1527 516 1588 erat
579 1525 746 1608 apud
812 1525 996 1590 illum
1061 1525 1268 1591 hostis
1323 1525 1544 1603 maior,
1606 1543 1643 1588 a
1696 1543 1823 1607 qua
1873 1525 2087 1590 uictus
2144 1527 2210 1588 et
2259 1525 2477 1592 iussus
2534 1544 2677 1590 cum

289 1652 341 1690 ιο
381 1631 621 1696 minore
668 1633 999 1716 pugnauit.
1067 1635 1307 1715 quanto
1354 1629 1589 1696 melius
1636 1631 1928 1710 nesciret,
1985 1650 2109 1714 quo
2184 1631 2262 1695 ab
2329 1631 2465 1697 eius
2520 1631 2679 1696 facie

379 1737 652 1821 fugisset
687 1738 913 1818 Adam,
957 1757 1147 1821 quam
1193 1738 1330 1822 ipse
1377 1739 1579 1822 primo
1629 1757 1665 1801 a
1708 1737 1867 1803 facie
1917 1738 2107 1802 durae
2146 1757 2219 1803 ac
2258 1739 2427 1802 dirae
2464 1757 2677 1802 neces—

379 1844 587 1909 sitatis
657 1848 721 1909 et
765 1848 992 1927 postea
1037 1865 1074 1909 a
1119 1845 1280 1910 facie
1330 1845 1619 1910 diuersae
1678 1847 1868 1926 atque
1928 1844 2231 1910 aduersae
2288 1844 2497 1929 gentis
2555 1863 2679 1926 quo

378 1951 626 2035 fugeret
661 1971 785 2017 non
840 1952 1140 2017 haberet!
1181 1955 1415 2035 quanto
1451 1951 1685 2016 melius
1723 1953 1982 2015 naturae
2021 1951 2332 2016 humanae
2368 1949 2683 2014 inuideret

379 2058 580 2122 uitam
625 2059 881 2124 beatam
928 2078 1120 2142 quam
1165 2062 1456 2123 naturam
1505 2058 1786 2123 diuinam
1835 2058 2013 2122 daret
2056 2059 2119 2122 in
2166 2058 2489 2122 miseriam
2513 2107 2529 2135 ,
2577 2055 2683 2120 de-

288 2182 338 2221 15
381 2163 683 2230 sideraret
729 2165 1100 2250 sanguinem
1149 2168 1215 2230 et
1261 2165 1509 2248 adipem
1549 2165 2003 2231 sacrificiorum
2039 2164 2275 2248 potius,
2316 2183 2505 2247 quam
2541 2163 2681 2248 ipse

376 2271 612 2336 totiens
691 2272 882 2335 etiam
953 2271 1146 2338 idolis
1223 2274 1645 2350 mactaretur,
1720 2271 1957 2336 mixtus
2024 2270 2192 2354 adipi
2258 2273 2323 2334 et
2387 2270 2681 2355 sanguini

379 2377 660 2442 omnium
729 2378 1157 2457 uictimarum,
1223 2377 1701 2460 perturbaretur
1756 2378 1912 2456 zelo,
1972 2377 2025 2442 si
2088 2377 2202 2441 illa
2255 2377 2561 2441 sacrificia
2616 2380 2682 2442 et

379 2483 499 2548 diis
548 2484 689 2550 aliis
738 2485 1129 2562 offerrentur,
1177 2483 1392 2567 potius
1441 2502 1633 2566 quam
1680 2483 1815 2565 ipse
1883 2483 2120 2566 ligatus
2176 2503 2300 2548 non
2358 2483 2567 2548 solum
2614 2484 2679 2548 in

379 2590 674 2656 omnibus
703 2591 1017 2674 frugibuS,
1047 2609 1274 2654 uerum
1315 2590 1506 2653 etiam
1543 2589 1609 2654 in
1650 2589 1943 2655 omnibus
1983 2589 2272 2654 carnibus
2310 2609 2421 2672 per
2457 2608 2678 2654 omnes

283 2713 338 2752 πο
377 2713 514 2761 aras
563 2697 856 2762 omnibus
925 2695 1336 2761 daemonibus
1405 2695 1772 2760 offerretur!
1840 2696 2075 2778 quanto
2133 2693 2361 2758 melius
2410 2694 2517 2758 uel
2564 2696 2677 2759 hu-

375 2821 562 2867 mana
616 2801 1048 2887 indignatione
1107 2803 1439 2866 conmotus
1496 2819 1567 2865 ac
1622 2798 1917 2865 turbidus
1971 2799 2385 2882 peccantibus
2434 2803 2498 2864 et
2542 2801 2677 2866 suis

377 2912 443 2974 et
488 2909 711 2974 alienis
756 2910 1155 2988 irasceretur,
1207 2927 1395 2991 quam
1449 2909 1589 2991 ipse
1644 2927 1769 2972 non
1828 2909 2039 2973 solum
2093 2908 2158 2971 in
2216 2909 2509 2974 omnibus
2558 2910 2675 2974 ira-

377 3017 735 3096 scentibuS,
805 3019 916 3083 sed
984 3019 1177 3082 etiam
1239 3017 1306 3080 in
1373 3017 1668 3081 omnibus
1731 3017 2105 3081 timentibus
2159 3015 2543 3094 turbaretur,
2609 3017 2675 3082 111

375 3124 790 3207 peccantibus
840 3125 1136 3189 omnibus
1187 3121 1717 3205 coinquinaretur,
1758 3123 1821 3187 in
1862 3122 2174 3186 damnatis
2223 3121 2517 3187 omnibus
2562 3141 2676 3205 pu-

285 3243 338 3282 25
375 3232 616 3297 nitetur
667 3231 905 3312 ubique
961 3231 1201 3315 ligatus
1241 3249 1312 3294 ex
1347 3229 1463 3293 illa
1499 3248 1617 3294 sua
1651 3217 1849 3313 parte,
1890 3247 2080 3310 quam
2118 3227 2197 3292 ad
2232 3227 2361 3292 tale
2400 3227 2673 3294 dedecus

373 3339 774 3405 innocentem
810 3337 949 3422 ipse
989 3337 1337 3417 damnauit,
1367 3339 1442 3401 ut
1477 3355 1590 3420 per
1624 3336 1803 3400 illam
1830 3335 2135 3413 uinceret,
2170 3334 2341 3416 quod
2386 3335 2672 3414 timebat,

375 3445 567 3509 etiam
613 3445 750 3528 ipse
800 3445 918 3510 sub
967 3447 1099 3508 tam
1147 3442 1414 3509 exitiosa
1458 3443 1841 3508 necessitate
1881 3442 2237 3520 damnatus,
2276 3443 2349 3505 ut
2397 3441 2456 3505 ei
2503 3441 2668 3506 dam·

449 3691 476 3742 1
517 3691 924 3758 contempneret
959 3688 1012 3741 L
1050 3692 1448 3743 contemmeret
1486 3689 1543 3758 (p
1583 3687 1677 3757 er.)
1715 3687 1762 3742 S
1884 3690 1917 3742 4
1955 3691 2300 3759 praemeretur
2335 3688 2388 3741 L
2517 3688 2549 3741 6
2588 3687 2669 3740 di·

371 3778 500 3830 uina
543 3772 589 3831 0
727 3777 1051 3832 necessitate
1090 3778 1163 3847 (m
1203 3778 1295 3846 er.)
1332 3777 1400 3840 L,
1440 3779 1587 3845 (amp.
1614 3793 1683 3830 m.
1714 3779 1779 3844 2)
1810 3775 1858 3830 S
1878 3777 2257 3830 necessitatem
2292 3775 2343 3830 G·
2452 3775 2484 3828 7
2514 3791 2671 3845 prae-

372 3881 490 3919 stus
527 3865 653 3921 LM
794 3866 826 3919 8
865 3867 1000 3919 uicit
1037 3866 1176 3932 (bis)
1223 3865 1271 3919 0
1408 3865 1441 3918 9
1481 3868 1615 3935 aput
1652 3863 1725 3917 M
1863 3864 1987 3918 illu·
2028 3865 2086 3934 (d
2124 3868 2217 3932 er.)
2259 3863 2304 3919 S
2464 3863 2667 3933 iussus]

367 3953 544 4007 iustus
581 3954 628 4009 S
771 3955 835 4008 10
873 3957 1075 4024 quanto
1121 3953 1170 4008 0
1273 3970 1376 4024 quo
1414 3952 1462 4007 Ο
1597 3952 1733 4008 fatie
1763 3951 1805 4005 C
1918 3953 1978 4006 11
2020 3953 2189 4007 faciae
2219 3951 2271 4006 L
2418 3951 2580 4022 <lyrae
2616 3952 2669 4005 L

375 4043 438 4094 12
496 4059 527 4094 a
581 4059 683 4096 om.
740 4042 956 4098 LGSb
1138 4042 1294 4112 facie]
1368 4041 1510 4096 facte
1565 4041 1703 4096 LM
1888 4041 2145 4096 aduersae
2223 4041 2314 4111 (ad
2386 4056 2430 4096 ε.
2496 4041 2553 4108 l.)
2626 4039 2674 4094 C

375 4133 440 4184 15
479 4131 848 4186 sacrifitiorum
897 4133 942 4185 (J
1085 4131 1153 4185 18
1199 4130 1501 4185 oferrentur
1546 4134 1595 4196 (r
1628 4147 1721 4200 pr.
1765 4147 1809 4188 8.
1859 4131 1914 4200 l.)
1971 4133 2015 4184 C
2158 4131 2226 4184 20
2266 4129 2581 4185 demonibus
2625 4129 2674 4183 G

373 4219 724 4275 doemonibus
781 4220 828 4275 S
1031 4219 1282 4274 offeretur
1335 4219 1436 4274 SG
1473 4220 1738 4274 oferretur
1796 4225 1844 4286 (r
1896 4225 2028 4288 post
2088 4235 2131 4274 8.
2189 4221 2225 4274 l.
2284 4237 2321 4274 a
2376 4235 2445 4272 m.
2506 4219 2557 4284 1)
2614 4217 2667 4271 L

371 4309 436 4363 21
479 4314 780 4364 commutus
819 4309 882 4365 δ”
1029 4325 1090 4363 ac
1127 4325 1228 4364 om.
1270 4307 1342 4362 M
1476 4308 1727 4379 turpidus
1777 4310 1825 4362 L
1874 4307 2123 4379 turpibus
2174 4311 2332 4374 (corr.
2382 4307 2663 4375 ex‘turpi-

371 4398 491 4468 dus)
531 4399 608 4453 M
710 4401 776 4453 26
813 4400 1057 4454 uinceret
1094 4401 1148 4470 (11
1184 4414 1227 4453 8.
1269 4399 1326 4463 1.)
1372 4397 1420 4452 G
