3159 4984
949 462 1040 515 VI.
1094 458 1382 516 Contra
1438 460 1815 515 Faustum
1870 458 2001 513 lib.
2062 458 2153 513 v1.
2532 463 2664 525 293

371 660 586 723 mento
644 657 1155 726 calumniaretur,
1215 656 1428 720 uoluit
1481 655 1795 740 intellegi,
1862 654 1974 719 sed
2041 656 2231 720 etiam
2288 658 2575 719 remotus
2633 674 2667 718 a

371 768 579 833 turbis
625 768 748 833 hoc
792 768 964 832 idem
1025 768 1360 852 discipulis
1416 767 1553 833 suis
1612 767 1975 833 euidentius
2023 770 2089 831 et
2134 767 2492 851 expressius
2541 766 2667 832 elo-

373 877 564 939 cutus
597 877 716 941 est.
757 894 902 939 cum
943 874 1108 939 enim
1146 874 1308 939 hanc
1347 874 1586 939 domini
1625 874 2005 938 sententiam
2041 874 2427 938 testamento
2463 872 2665 937 ueteri

373 981 784 1066 obposuisset
819 980 1224 1051 Adimantus,
1272 980 1421 1063 quia
1465 980 1527 1044 in
1575 980 1690 1045 illo
1740 980 1977 1063 scripta
2023 983 2175 1044 sunt
2221 979 2529 1062 quaedam
2572 979 2665 1043 in-

315 1089 610 1154 smunda
667 1088 973 1153 carnium.
1030 1107 1066 1152 a
1122 1087 1354 1170 quibus
1409 1088 1519 1152 ille
1574 1088 1851 1172 populus
1907 1088 2125 1153 iussus
2182 1091 2283 1151 est
2327 1086 2664 1157 abstinere,

279 1634 334 1673 10

283 2178 335 2217 15

370 1193 609 1269 timuit,
677 1214 755 1257 ne
823 1194 946 1259 sibi
1013 1194 1364 1258 diceretur:
1434 1211 1546 1257 cur
1603 1212 1752 1277 ergo
1810 1212 1927 1257 uos
1983 1211 2107 1257 non
2165 1192 2493 1275 quasdam,
2552 1192 2665 1259 sed

373 1319 591 1365 omnes
639 1320 859 1365 carnes
908 1300 1249 1365 inmundas
1297 1299 1675 1365 existimatis
1725 1303 1914 1382 atque
1955 1299 2031 1363 ab
2072 1300 2331 1365 edendis
2372 1299 2664 1364 omnibus

369 1408 764 1491 temperatis,
834 1428 980 1472 cum
1044 1410 1118 1472 tu
1181 1407 1320 1491 ipse
1383 1406 1666 1490 proferas
1724 1406 2165 1490 euangelicum
2220 1404 2665 1471 testimonium

370 1534 495 1579 non
546 1514 936 1597 coinquinari
983 1514 1303 1579 hominem
1366 1532 1437 1578 ex
1495 1512 1617 1589 his,
1677 1531 1837 1595 quae
1882 1512 1945 1577 in
1996 1532 2067 1577 os
2112 1512 2556 1597 ingrediuntur
2601 1517 2667 1577 et

368 1620 434 1683 in
481 1624 770 1686 uentrem
817 1620 1063 1685 uadunt
1110 1622 1298 1702 atque
1345 1620 1408 1683 in
1455 1619 1753 1683 latrinam
1802 1620 2230 1685 emittuntur?
2286 1618 2500 1701 itaque
2548 1619 2662 1683 has

372 1726 723 1792 artissimas
781 1732 846 1792 et
899 1728 1217 1792 fallaciam
1274 1745 1456 1790 suam
1511 1725 2035 1790 manifestissima-
2088 1726 2357 1790 ueritate
2420 1726 2661 1808 praefo-

372 1838 587 1900 cantes
636 1836 964 1919 angustias
1013 1836 1280 1900 conatus
1329 1832 1598 1899 euadere
1644 1832 1733 1897 ait
1777 1832 1899 1897 hoc
1946 1832 2271 1897 dominum
2320 1833 2396 1898 ad
2444 1833 2662 1899 turbas

373 1941 627 2019 dixisse,
686 1942 870 2024 quasi
924 1942 1147 2025 paucis
1203 1942 1314 2005 ille
1369 1940 1434 2005 in
1489 1942 1734 2004 secreto
1790 1958 1943 2003 uera
1999 1938 2256 2015 diceret,
2321 1939 2385 2003 in
2440 1940 2661 2005 turbas

373 2054 587 2111 autem
615 2048 780 2113 falsa
805 2048 1094 2125 iactaret,
1134 2067 1280 2112 cum
1320 2050 1386 2111 et
1420 2046 1542 2111 hoc
1580 2046 1657 2109 de
1697 2045 1951 2111 domino
1992 2045 2241 2111 credere
2280 2046 2659 2130 sacrilegum

373 2153 476 2227 sit,
527 2156 592 2219 et
639 2174 858 2220 omnes
907 2154 1018 2237 qui
1060 2154 1305 2238 legunt,
1354 2152 1650 2218 nouerint
1692 2152 1814 2217 hoc
1862 2154 1927 2216 et
1970 2152 2232 2217 remotis
2270 2152 2475 2218 turbis
2514 2173 2655 2218 eum

372 2261 624 2343 planius
673 2260 904 2326 dixisse
954 2260 1306 2343 discipulis.
1373 2263 1755 2344 quapropter
1809 2259 1959 2341 quia
2010 2258 2075 2323 in
2132 2258 2380 2323 exordio
2436 2260 2658 2325 harum

371 2367 726 2431 litterarum
803 2386 1061 2431 suarum
1126 2366 1404 2431 Faustus
1470 2366 1564 2431 sic
1628 2365 1895 2430 miratur
1956 2365 2397 2431 Adimantum.
2463 2370 2539 2432 ut
2603 2370 2659 2433 ei

372 2474 580 2538 solum
634 2474 948 2557 praeferat
1001 2472 1469 2539 Manichaeum.
1529 2473 1878 2556 conpendio
1932 2474 2202 2556 requiro,
2259 2478 2476 2538 utrum
2530 2474 2657 2539 ista

369 2578 610 2644 domini
655 2580 990 2654 sententia,
1040 2598 1164 2661 qua
1211 2578 1367 2643 dixit
1412 2599 1534 2644 non
1581 2578 1897 2661 inquinari
1940 2578 2259 2645 hominem
2315 2580 2439 2655 his,
2495 2602 2655 2664 quae

367 2686 430 2749 in
479 2705 550 2751 os
599 2686 738 2751 eius
782 2686 1040 2753 intrant.
1099 2706 1250 2751 uera
1307 2706 1382 2751 an
1439 2686 1603 2751 falsa
1658 2686 1761 2751 sit.
1830 2686 1882 2751 si
1949 2687 2175 2751 falsam
2241 2686 2479 2763 dicunt,
2544 2707 2659 2753 cur

365 2810 502 2855 eam
540 2795 758 2859 tantus
799 2813 1014 2858 eorum
1056 2794 1278 2858 doctor
1304 2793 1687 2858 Adimantus
1727 2812 1763 2856 a
1797 2794 2050 2859 Christo
2088 2794 2399 2877 prolatam
2438 2794 2653 2859 dicens

363 2896 442 2962 ad
490 2899 977 2984 expugnandum
1026 2902 1483 2965 testamentum
1529 2903 1722 2964 uetus
1771 2900 2055 2965 obiecit?
2122 2900 2177 2965 si
2231 2903 2445 2965 autem
2502 2921 2655 2966 uera

362 3008 480 3082 est,
531 3024 644 3071 cur
689 3006 998 3071 aduersus
1048 3026 1186 3070 eam
1235 3006 1500 3071 credunt
1545 3025 1613 3071 se
1672 3006 2082 3088 coinquinari,
2144 3006 2198 3071 si
2255 3026 2652 3091 quacumque

361 3130 546 3177 carne
591 3116 985 3178 uescantur‘?
1032 3114 1155 3177 nisi
1202 3114 1364 3179 forte
1413 3132 1635 3177 uerum
1681 3112 2057 3196 respondere
2106 3113 2309 3178 uelint
2346 3118 2411 3179 et
2448 3114 2652 3180 dicere

299 3242 324 3280 5
360 3221 722 3304 apostolum
769 3240 892 3285 non
945 3220 1214 3287 dixisse:
1275 3219 1487 3285 omnia
1539 3220 1779 3284 munda
1833 3220 2192 3295 haereticis,
2251 3221 2361 3286 sed
2410 3223 2653 3287 omnia

358 3326 633 3391 munda
677 3328 999 3393 mundis.
1061 3347 1173 3392 cur
1222 3328 1390 3391 enim
1437 3345 1560 3391 non
1611 3326 1740 3391 sint
1784 3327 1928 3391 istis
1976 3327 2133 3393 haec
2178 3329 2436 3405 munda,
2483 3330 2652 3393 idem

358 3434 690 3516 apostolus
733 3436 1020 3516 sequitur
1059 3438 1122 3499 et
1152 3435 1342 3499 dicit:
1383 3434 1766 3499 inmundis
1804 3437 2051 3499 autem
2090 3438 2163 3499 et
2197 3435 2650 3501 infidelibus

356 3538 553 3603 nihil
611 3543 731 3605 est
784 3541 1168 3617 mundum3
1239 3542 1368 3606 sed
1424 3541 1722 3625 polluta
1778 3543 1956 3605 sunt
2010 3558 2263 3606 eorum
2320 3544 2393 3605 et
2446 3561 2650 3606 mens

353 3650 431 3711 et
497 3646 989 3712 conscientia.
1060 3647 1225 3712 unde
1291 3666 1512 3712 reuera
1565 3645 1957 3711 Manichaeis
2026 3647 2279 3713 omnino
2340 3647 2497 3712 nihil
2555 3651 2653 3712 est

531 3804 600 3856 25
639 3804 753 3858 Tit.
795 3806 842 3861 1.
885 3805 952 3856 15

427 3920 451 3971 1
497 3918 882 3973 eluminaretur
921 3918 1004 3985 (in
1037 3934 1137 3987 my.
1177 3918 1256 3970 al:
1297 3917 1685 3984 eliminaretur)
1727 3916 1759 3971 b
1896 3920 1930 3971 2
1967 3918 2184 3972 locutus
2223 3918 2255 3972 b
2392 3918 2425 3973 9
2466 3917 2566 3985 hos
2606 3919 2651 3973 S

355 4006 415 4061 11
457 4006 794 4077 prefocantes
820 4008 865 4062 Ο
973 4006 1040 4059 12
1060 4007 1140 4060 ait
1159 4006 1246 4073 (in
1263 4008 1463 4076 mar-9.)
1483 4004 1530 4061 8
1650 4006 1753 4061 hoc
1770 4006 1873 4061 hoc
1895 4008 1939 4061 S
2013 4008 2077 4061 13
2098 4006 2209 4061 illis
2228 4004 2275 4061 8
2384 4007 2452 4060 14
2478 4008 2643 4061 sacri-

351 4094 558 4167 legium
591 4095 640 4149 G
744 4096 810 4150 17
847 4094 1030 4149 fantus
1060 4094 1105 4148 Β
1246 4094 1320 4165 ei]
1348 4098 1406 4149 et
1431 4094 1703 4150 LM81G¹
1815 4096 1883 4149 18
1910 4095 2248 4151 manicheum
2284 4093 2332 4149 0
2432 4095 2505 4149 20
2542 4095 2645 4149 sal·

349 4184 486 4254 sam]
517 4184 724 4238 falsaL
831 4184 898 4238 21
921 4183 1176 4239 tantosL
1320 4182 1649 4239 adimantius
1680 4184 1721 4253 (i
1747 4200 1789 4239 ε.
1814 4184 1873 4253 1.)
1896 4184 1996 4239 SG
2105 4184 2174 4237 22
2205 4184 2648 4255 expurgnandum

350 4276 461 4341 (pr.
501 4290 534 4327 n
571 4288 614 4327 s.
655 4274 718 4339 l.)
763 4272 811 4327 0
968 4274 1037 4327 25
1075 4272 1272 4327 dixisse
1307 4278 1378 4327 116
1419 4282 1507 4327 oia
1544 4273 1575 4326 b
1756 4272 2009 4327 hereticis
2048 4274 2155 4329 Lo
2312 4276 2382 4329 26
2422 4292 2561 4346 quur
2598 4276 2649 4329 L

349 4363 428 4415 si?
471 4364 511 4429 (i
547 4363 756 4427 insert.)
798 4360 846 4416 S
950 4362 1020 4415 29
1057 4362 1353 4416 manicheis
1398 4360 1446 4416 C
