3159 4984
451 461 581 524 (576
1143 457 1194 510 S.
1252 455 1529 510 Aureli
1588 455 2027 524 Augustini

451 651 942 728 confiteatur,
974 650 1148 732 quia
1177 648 1523 714 dominus
1557 649 1773 713 Iesus
1802 648 1875 711 in
1909 648 2157 732 gloria
2190 651 2305 712 est
2336 648 2457 712 dei
2487 650 2757 732 pat-ris.

451 760 878 842 regnauerunt
930 757 1036 822 hic
1093 776 1241 840 ergo
1296 756 1687 839 patriarchae
1736 761 1801 820 et
1844 756 2216 838 prophetae,
2273 758 2348 820 ut
2390 757 2517 821 ista
2562 776 2764 840 regna

457 865 647 929 deum
695 864 841 928 dare
889 866 955 928 et
1001 864 1244 928 auferre
1293 863 1751 940 ostenderetur,
1812 881 1935 927 non
1982 863 2087 927 hic
2133 867 2567 946 regnauerunt
2611 882 2763 947 apo—

456 971 608 1036 stoli
663 974 730 1036 et
783 973 1116 1055 martyres,
1173 973 1247 1034 ut
1300 988 1567 1053 regnum
1624 970 1945 1034 caelorum
2002 969 2487 1034 desiderandum
2542 970 2765 1054 potius

452 1077 856 1160 panderetur.
892 1076 992 1140 illi
1034 1077 1210 1161 regia
1245 1076 1418 1140 bella
1453 1078 1813 1160 gesserunt,
1851 1079 1928 1140 ut
1960 1076 2129 1142 tales
2168 1095 2419 1159 quoque
2457 1077 2769 1142 uictorias
2834 1099 2862 1135 ε,

455 1181 784 1266 adpareret
831 1183 934 1248 dei
977 1183 1312 1249 uoluntate
1357 1183 1687 1267 praestari,
1732 1182 1845 1247 isti
1888 1203 2013 1248 non
2050 1182 2405 1248 resistendo
2440 1183 2769 1250 interfecti

457 1292 628 1367 sunt,
685 1292 761 1353 ut
813 1290 1129 1382 potiorem
1185 1309 1326 1354 esse
1383 1289 1684 1355 docerent
1736 1288 2074 1354 uictoriam
2131 1309 2243 1373 pro
2300 1289 2422 1354 fide
2469 1291 2767 1354 ueritatis

462 1394 685 1460 occidi.
755 1415 1140 1478 quamquam
1188 1400 1254 1460 et
1296 1396 1431 1460 illic
1474 1395 1820 1478 prophetae
1878 1399 2187 1460 nouerant
2230 1398 2393 1462 mori
2438 1416 2549 1480 pro
2598 1399 2768 1461 ueri-

457 1505 610 1582 tate,
661 1502 833 1568 sicut
875 1503 1015 1586 ipse
1063 1503 1365 1569 dominus
1413 1502 1606 1566 dicit:
1656 1521 1692 1566 a
1739 1504 2105 1586 sanguine
2150 1502 2341 1568 Abel
2388 1522 2627 1586 usque
2675 1504 2769 1567 ad

461 1609 902 1694 sanguinem
971 1610 1407 1689 Zachariae,
1485 1613 1550 1674 et
1612 1610 1679 1674 id
1743 1612 2163 1693 posteaquam
2228 1611 2442 1693 coepit
2511 1610 2771 1693 inpleri.
2812 1631 2867 1668 ιο

461 1717 632 1800 quod
685 1716 806 1782 sub
853 1718 1058 1802 figura
1105 1716 1462 1783 Salomonis
1509 1754 1597 1764 —
1645 1718 1755 1799 qui
1797 1717 1995 1780 latine
2050 1716 2503 1799 interpretatur
2560 1717 2776 1799 ¹,paci-

467 1825 666 1890 ficus“
719 1863 808 1872 —
855 1823 933 1888 de
980 1823 1236 1889 domino
1278 1823 1528 1892 Christo
1577 1861 1665 1871 —
1710 1824 1847 1908 ipse
1896 1826 1997 1888 est
2043 1823 2211 1887 enim
2258 1841 2379 1906 pax
2422 1825 2642 1888 nostra
2680 1861 2773 1868 —

461 1931 527 1994 in
590 1931 839 2020 psalmo
903 1931 1354 2014 prophetatum
1421 1933 1556 1996 est:
1636 1934 1710 1996 et
1786 1929 2207 1994 adorabunt
2280 1949 2445 1994 eum
2510 1947 2775 1994 omnes

462 2057 680 2122 reges
727 2041 999 2116 terrae,
1041 2057 1294 2103 omnes
1342 2041 1611 2122 gentes
1660 2037 2003 2102 seruient
2047 2037 2197 2115 illi,
2249 2036 2579 2102 christiani
2614 2055 2777 2118 quo-

464 2163 586 2226 que
631 2144 1044 2228 imperatores
1090 2145 1345 2227 plenam
1393 2148 1685 2230 gerentes
1731 2145 2029 2209 fiduciam
2075 2145 2335 2228 pietatis
2396 2145 2460 2208 in
2513 2143 2777 2210 Christo
2821 2161 2875 2199 15

466 2250 542 2314 de
588 2251 864 2317 inimicis
911 2251 1261 2336 sacrilegiS‚
1310 2253 1420 2335 qui
1457 2272 1637 2335 spem
1676 2271 1857 2317 suam
1893 2252 1959 2316 iu
1998 2251 2413 2317 sacramentis
2449 2251 2777 2317 idolorum

465 2359 971 2440 daemonumque
997 2363 1364 2442 posuerant,
1393 2359 1921 2444 gloriosissimam
1956 2358 2294 2424 uictoriam
2330 2361 2779 2442 perceperunt.

466 2483 610 2528 cum
650 2464 1067 2548 apertissimis
1112 2466 1595 2548 notissimisque
1634 2466 2056 2543 documentiS,
2096 2466 2172 2530 de
2211 2465 2445 2548 quibus
2482 2465 2781 2529 nonnulli

464 2572 594 2636 iam
642 2573 949 2656 scriptum
993 2573 1336 2639 memoriae
1373 2573 1918 2650 commendarunt,
1954 2573 2103 2638 illos
2139 2573 2435 2637 fallerent
2467 2571 2783 2636 uaticinia

466 2678 966 2758 daemoniorum,
1013 2680 1133 2745 hos
1178 2679 1501 2744 firmarent
1541 2680 1865 2763 praedicta
1910 2684 2295 2746 sanctorum.
2820 2698 2874 2734 ευ

559 2786 662 2850 77.
731 2786 799 2852 Si
857 2791 1070 2852 autem
1124 2788 1247 2852 hoc
1300 2787 1534 2852 mirum
1588 2787 1735 2852 istis
1790 2787 1975 2852 uanis
2031 2786 2307 2865 uidetur,
2365 2786 2537 2870 quod
2593 2785 2781 2849 aliud

466 2897 624 2958 tunc
689 2894 845 2959 deus
885 2875 1234 2977 'praecepit
1296 2893 1841 2977 dispensatoribus
1906 2894 2145 2959 ueteris
2209 2893 2600 2972 testamenti,
2660 2891 2781 2956 ubi

470 3001 622 3065 noui
675 3001 880 3084 gratia
933 2999 1287 3078 uelabatur,
1345 3000 1520 3065 aliud
1572 2997 2115 3084 praedicatoribus
2170 3001 2325 3065 noui
2377 3000 2781 3078 testamenti,

472 3108 585 3171 ubi
631 3108 869 3172 ueteris
917 3107 1274 3172 obscuritas
1319 3108 1743 3188 reuelabatur,
1792 3108 2138 3174 adtendant
2180 3107 2393 3191 ipsum
2441 3106 2783 3172 dominum

475 3213 798 3279 Christum
843 3217 1220 3291 mutantem,
1259 3234 1420 3296 quae
1459 3215 1719 3292 dixerat,
1758 3217 1823 3280 et
1859 3214 2035 3279 aliud
2071 3214 2426 3279 dicentem:
2477 3213 2781 3295 quando
2824 3229 2883 3268 2⁵

473 3321 649 3386 misi
689 3340 849 3395 uOS,
898 3321 1125 3403 inquit,
1185 3322 1346 3386 sine
1396 3322 1704 3385 sacculo
1755 3323 1828 3385 et
1871 3340 2050 3405 pera
2096 3325 2170 3386 et
2216 3319 2779 3390 calciamentis,

471 3428 832 3509 numquid
877 3428 1169 3511 aliquid
1218 3428 1463 3492 defuit
1506 3428 1771 3528 uobis?
1820 3432 1894 3491 at
1938 3426 2063 3492 illi
2117 3427 2495 3492 dixerunt:
2552 3426 2779 3490 nihil.

633 3673 668 3726 9
684 3673 880 3728 Matth.
903 3673 988 3736 23,
1009 3673 1079 3726 35
1154 3673 1222 3727 12
1243 3672 1308 3727 cf.
1327 3672 1526 3744 EpheS.
1545 3673 1596 3736 2,
1622 3674 1689 3726 14
1762 3672 1830 3726 13
1850 3672 1939 3726 Ps.
1962 3672 2047 3737 71,
2072 3671 2133 3724 11
2212 3671 2283 3724 25
2302 3672 2432 3727 Luc.
2452 3670 2540 3737 22,
2562 3671 2631 3726 35
2652 3687 2784 3743 sqq.

547 3839 580 3892 3
634 3839 842 3894 auferre
900 3843 1011 3908 (pr.
1068 3857 1092 3893 r
1145 3855 1190 3894 s.
1248 3841 1284 3894 l.
1331 3857 1368 3893 a
1412 3857 1482 3894 m.
1527 3845 1578 3910 1)
1627 3839 1682 3893 L
1914 3840 1948 3892 5
2003 3855 2160 3908 reges
2224 3837 2463 3892 GSGM
2522 3838 2639 3908 regi
2696 3837 2785 3892 L¹

483 3929 516 3982 6
553 3929 780 3998 prestari
816 3927 925 3983 Lo
1028 3929 1062 3982 8
1101 3930 1390 3998 ueritatem
1427 3931 1566 3998 (erp.
1602 3946 1673 3983 m.
1711 3933 1763 3994 1)
1802 3927 1855 3981 L
1966 3929 2034 3982 10
2071 3927 2146 3998 id]
2186 3927 2311 3982 ideo
2355 3926 2403 3982 G
2544 3927 2697 3998 cepit
2738 3927 2796 3982 0
2876 3933 2914 3949 ⁹

480 4018 543 4071 11
599 4018 714 4088 qui]
771 4017 917 4088 quod
970 4017 1250 4074 SGMLffi
1465 4017 1875 4089 interpra&atur
1927 4015 2032 4071 LS
2254 4015 2322 4070 14
2376 4015 2623 4070 seruiunt
2681 4013 2785 4069 31¹

479 4112 538 4160 et
572 4107 855 4162 christiani
891 4106 1116 4172 SGMb,
1155 4108 1234 4178 (et
1269 4108 1332 4162 in
1366 4105 1501 4170 ras.)
1537 4106 1590 4160 L
1781 4107 1849 4161 15
1884 4105 2134 4160 fidutiam
2173 4104 2283 4160 SM
2485 4105 2548 4160 l‘s'
2590 4103 2787 4159 demo-

477 4211 712 4266 numque
757 4194 805 4250 0
979 4195 1046 4251 18
1093 4195 1180 4266 de]
1221 4199 1278 4249 et
1311 4195 1413 4250 SG
1585 4196 1655 4250 20
1701 4193 2071 4249 demoniorum
2114 4191 2162 4247 0
2300 4195 2372 4247 24
2408 4191 2693 4247 reuelatur
2743 4194 2797 4247 C

479 4282 782 4338 adtendant
818 4287 959 4352 (sup.
997 4283 1034 4337 d
1071 4285 1202 4339 add.
1240 4287 1286 4352 t)
1322 4283 1426 4338 ΡΗ
1456 4271 1749 4338 attendunt
1777 4282 1871 4335 Ml
1980 4281 2049 4336 25
2088 4299 2157 4352 q:
2198 4280 2273 4334 Ll
2314 4287 2366 4351 ‘q
2394 4279 2472 4334 L²
2582 4281 2655 4335 26
2696 4281 2793 4336 in-

483 4371 615 4441 quid
649 4369 701 4425 L
845 4372 1024 4426 saculo
1065 4372 1112 4426 S
