3159 4984
475 479 607 543 438
1175 474 1228 527 S.
1284 472 1559 527 Aureli
1613 470 2055 541 Augustini

566 672 669 736 11.
734 671 871 735 Ista
917 672 1153 746 autem,
1203 688 1393 752 quam
1442 668 1729 733 doctrina
1773 667 2126 752 apostolica
2169 667 2484 751 uirginem
2533 670 2776 731 castam

471 778 584 844 uni
630 778 768 842 uiro
819 776 1115 841 exhibens
1156 774 1431 853 Christ0‚
1473 795 1509 840 a
1546 774 1798 841 fallacia
1835 775 2170 859 serpentis,
2211 792 2334 857 qua
2371 776 2443 838 tu
2483 776 2777 856 corrupta

473 904 563 963 es,
592 887 813 949 monet
847 887 924 948 ut
964 886 1208 960 caueat,
1240 882 1531 967 agnoscit
1568 882 1758 946 deum
1795 882 2267 965 prophetarum,
2301 881 2490 946 deum
2526 900 2774 948 uerum.

473 991 658 1056 deum
711 1008 943 1067 suum3
993 990 1187 1055 huius
1234 990 1502 1054 ultimae
1548 988 2006 1073 pollicitationi
2053 1008 2276 1053 secura
2323 988 2542 1065 credit,
2593 987 2776 1051 cuius

473 1101 652 1163 tanta
716 1096 1035 1180 promissa.
1099 1097 1394 1179 conpleta
1456 1095 1586 1159 iam
1650 1097 1848 1174 tenet,
1905 1114 2022 1159 nec
2087 1094 2428 1178 quisquam
2485 1093 2641 1159 dicit
2697 1094 2776 1157 ad
2835 1110 2866 1149 ⁵

470 1224 768 1289 praesens
824 1205 1083 1287 tempus
1132 1204 1192 1267 ei
1240 1204 1545 1269 confictos
1603 1222 1747 1267 esse
1802 1204 2386 1287 prophetaS,0quos
2443 1202 2506 1265 in
2552 1201 2776 1265 Iudae-

472 1331 653 1377 orum
702 1310 1034 1377 codicibus
1084 1311 1341 1375 adserit.
1392 1310 1543 1393 quid
1593 1310 1760 1375 enim
1805 1309 2247 1375 incredibilius
2285 1309 2780 1392 promittebatur

475 1436 666 1500 quam
711 1418 799 1496 id,
848 1409 1018 1500 qu'od
1064 1418 1352 1483 Abrahae
1401 1417 1646 1483 dictum
1696 1420 1832 1482 est:
1901 1418 1974 1501 iu
2034 1416 2318 1481 semine
2377 1421 2507 1481 tuo
2565 1416 2778 1479 bene-

474 1524 825 1589 dicentur
873 1541 1126 1589 omnes
1175 1526 1495 1608 gentes?
1546 1526 1612 1588 et
1657 1524 1810 1606 quid
1858 1525 2094 1589 certius
2149 1524 2276 1587 iam
2333 1525 2623 1587 tenemus
2681 1542 2781 1585 ex-

472 1630 802 1695 hibitum?
849 1630 963 1694 illa
1010 1632 1180 1695 certe
1230 1632 1329 1694 est
1374 1629 1598 1693 ultima
1652 1630 1790 1695 eius
1835 1628 2198 1713 promissio,
2238 1648 2428 1711 quam
2465 1628 2776 1716 pre-pheta
2819 1646 2878 1683 ιο

472 1738 754 1827 breuiter
806 1738 899 1802 ita
954 1740 1447 1803 commemorat:
1514 1737 1752 1814 beati,
1811 1736 1938 1819 qui
2003 1737 2360 1802 habitant
2421 1736 2495 1799 in
2563 1736 2776 1800 domo

474 1847 635 1929 tua;
682 1844 755 1907 in
804 1845 1114 1909 saecula
1160 1845 1645 1910 saeculorum
1690 1843 2114 1909 laudabunt
2157 1846 2250 1908 te.
2317 1843 2498 1907 finita
2545 1842 2780 1925 quippe

478 1949 651 2015 omni
685 1949 1040 2034 indigentia
1077 1953 1142 2015 et
1177 1950 1531 2016 nouissima
1566 1950 1827 2015 inimica
1861 1954 2068 2016 morte
2109 1950 2436 2015 destructa
2469 1952 2775 2034 perpetua

478 2056 582 2121 dei
638 2057 781 2121 laus
842 2057 962 2121 erit
1018 2057 1370 2123 otiosorum
1424 2058 1795 2142 negotium:
1865 2077 1987 2141 quo
2053 2057 2182 2122 iam
2248 2077 2433 2122 nemo
2501 2055 2782 2127 accedet,

478 2163 647 2227 unde
684 2164 813 2228 iam
849 2183 1033 2230 nemo
1074 2164 1379 2231 discedet.
1422 2164 1594 2248 quod
1631 2165 1784 2229 alibi
1821 2164 2131 2248 propheta
2166 2164 2258 2229 ita
2295 2167 2781 2229 commemorat:
2821 2180 2879 2219 15
2999 2154 3004 2157 ’

480 2269 872 2347 conlauda,
930 2270 1436 2347 Hierusalem,
1496 2269 1902 2346 dominum;
1970 2270 2198 2333 lauda
2261 2270 2480 2333 deum
2545 2270 2782 2331 tuum.

484 2372 693 2441 Sion.
764 2378 1115 2459 quoniam
1183 2376 1677 2443 confirmauit
1741 2395 1947 2442 seras
2013 2380 2400 2459 portarum
2459 2378 2782 2442 tuarum.

477 2482 875 2547 benedixit
918 2482 1136 2549 filios
1184 2486 1357 2548 tuos
1405 2484 1477 2547 in
1526 2486 1621 2547 te.
1691 2483 1926 2548 clausis
1982 2483 2184 2565 portis
2231 2483 2448 2546 nullus
2494 2481 2781 2558 intrabit,

478 2589 698 2654 nullus
747 2589 959 2655 exibit.
1030 2590 1200 2673 quod
1248 2594 1312 2655 et
1358 2589 1496 2673 ipse
1546 2609 1821 2674 sponsus
1868 2591 1933 2655 in
1983 2590 2318 2673 euangelio
2377 2588 2534 2654 dicit
2586 2588 2784 2653 fatuis

482 2695 839 2780 uirginibus
898 2696 1088 2761 etiam
1144 2697 1551 2780 pulsantibus
1601 2715 1669 2761 se
1717 2716 1840 2761 non
1895 2686 2280 2779 aperturum.
2346 2696 2503 2760 haec
2550 2696 2780 2761 Hieru-
2826 2710 2886 2749 ²⁰

480 2802 699 2878 salem,
752 2805 972 2867 sancta
1020 2804 1309 2880 ecclesia,
1362 2822 1596 2885 sponsa
1635 2802 1891 2881 Christi,
1938 2806 2001 2867 in
2071 2803 2438 2888 apocalypsi
2481 2802 2784 2868 Iohannis

478 2912 803 2997 copiosius
852 2914 1243 2996 uberiusque
1293 2913 1696 2979 describitur.
1745 2934 1869 2979 non
1919 2915 2137 2980 credat
2180 2914 2333 2980 huic
2376 2914 2787 2997 propheticae

480 3019 892 3102 promissioni
938 3020 1123 3105 uirgo
1166 3024 1363 3098 casta,
1404 3020 1464 3085 si
1500 3042 1625 3089 non
1663 3021 1793 3086 iam
1830 3025 2027 3101 tenet,
2067 3021 2240 3105 quod
2277 3021 2337 3086 ei
2371 3040 2485 3105 per
2523 3020 2788 3087 eandem

483 3127 883 3209 prophetiam
932 3128 1053 3192 hoc
1099 3132 1385 3211 tempore
1433 3129 1724 3193 futurum
1771 3130 2161 3212 promissum
2211 3132 2346 3195 est:
2397 3129 2570 3194 audi
2617 3128 2790 3192 filia

484 3236 560 3297 et
604 3233 787 3298 uide
829 3236 903 3297 et
937 3232 1231 3298 inclina
1268 3253 1519 3299 aurem
1556 3238 1764 3300 tuam
1804 3238 1879 3300 et
1917 3236 2383 3302 obliuiscere
2420 3238 2798 3320 populum·
2827 3244 2884 3283 ²⁵

478 3343 699 3403 tuum
758 3343 834 3405 et
889 3340 1186 3406 domum
1243 3342 1487 3424 patris
1542 3343 1680 3417 tui,
1749 3344 2103 3425 quoniam
2161 3344 2611 3427 concupiuit
2663 3364 2786 3408 rex

483 3448 819 3530 speciem
870 3450 1094 3527 tuam,
1145 3448 1323 3531 quia
1366 3448 1531 3532 ipse
1580 3452 1700 3513 est
1746 3450 1932 3514 deus
1980 3453 2180 3527 tuus,
2242 3453 2316 3515 et
2363 3450 2790 3516 adorabunt

483 3572 649 3617 eum
695 3554 912 3619 filiae
951 3554 1125 3640 Tyri
1173 3556 1247 3620 in
1294 3555 1773 3632 muneribus;
1825 3558 2126 3621 uultum
2172 3560 2387 3620 tuum
2436 3557 2782 3641 depreca-

662 3782 695 3836 8
733 3782 865 3837 Gen.
904 3783 989 3848 22,
1032 3783 1097 3840 18
1265 3784 1323 3835 11
1366 3782 1456 3837 Ps.
1494 3784 1586 3849 83,
1625 3784 1657 3836 5
1823 3785 1890 3839 13
1929 3784 1993 3838 cf.
2035 3786 2062 3838 Ι
2100 3783 2220 3840 Cor.
2263 3785 2345 3849 15,
2385 3784 2454 3838 26
2593 3786 2660 3838 16
2695 3784 2789 3837 ΡΒ.

485 3869 605 3935 147,
650 3871 673 3925 1
715 3886 795 3941 sq.
906 3872 977 3926 20
1014 3870 1082 3927 cf.
1119 3872 1319 3926 Matth.
1358 3872 1445 3938 25,
1485 3872 1551 3927 12
1663 3874 1735 3927 24
1769 3874 1859 3928 Ps.
1899 3876 1984 3939 44,
2025 3876 2089 3927 11
2132 3891 2247 3944 sqq.

554 4041 587 4094 2
640 4041 853 4096 fallatia
916 4042 964 4096 0
1136 4045 1173 4096 4
1228 3996 1433 4113 319111116
1496 4045 1541 4098 C
1682 4044 2081 4115 pollicitatione
2146 4046 2211 4099 G*
2265 4043 2654 4116 pollicitationi
2710 4046 2782 4099 L·

486 4132 519 4185 6
557 4148 776 4201 presens
808 4131 853 4185 C
1029 4132 1310 4187 iudeorum
1341 4130 1386 4185 0
1493 4134 1559 4187 14
1599 4134 1821 4205 accedet
1843 4136 1888 4205 .(ι
1911 4152 1949 4187 a
1975 4152 2044 4188 m.
2075 4132 2128 4203 2)
2158 4133 2211 4187 L
2323 4135 2389 4187 15
2417 4132 2649 4188 discedit
2675 4132 2792 4186 Lm

484 4218 727 4292 discedet
760 4220 839 4274 L¹2
972 4220 1039 4273 17
1078 4228 1167 4291 qm
1208 4224 1298 4290 (fv
1337 4222 1468 4276 add.
1506 4238 1574 4276 m.
1615 4222 1670 4285 3)
1709 4222 1766 4276 P
1906 4222 2236 4277 confortauit
2277 4222 2412 4277 ΟΜι
2559 4221 2624 4275 18
2661 4220 2794 4274 filiis

484 4310 597 4364 tuis
658 4308 789 4364 Gsb
1006 4309 1237 4364 intrabit
1290 4310 1344 4381 (b
1402 4328 1466 4365 ex
1518 4328 1556 4365 u
1611 4316 1774 4379 corr.)
1823 4311 2026 4367 ΗΜΘ
2209 4313 2275 4365 19
2341 4310 2510 4365 exibit
2557 4308 2611 4380 [b
2651 4326 2718 4363 ex
2755 4324 2793 4361 u

485 4402 645 4464 corr.)
686 4397 899 4453 ΗΘΜ
999 4400 1065 4453 21
1107 4400 1402 4470 apocalipsi
1447 4400 1495 4453 0
1600 4402 1669 4455 25
1704 4401 1906 4455 inclina
1947 4403 1986 4466 (i
2021 4404 2143 4457 init.
2180 4402 2245 4455 in
2277 4407 2414 4469 raa.)
2461 4400 2510 4454 0
