3159 4984
771 488 812 540 I.
875 488 978 540 De
1039 488 1426 542 utilitate
1486 487 1865 541 credendi
1919 487 2144 542 liber.
2544 489 2627 552 27

325 681 480 744 haee
529 683 654 747 duo
704 682 856 765 quid
901 683 1019 746 tibi
1067 682 1302 746 distare
1353 683 1664 747 uideatur.
1715 684 1775 747 id
1829 689 1995 748 certe
2044 683 2408 767 respondes,
2460 683 2628 764 quod

325 787 622 870 quamuis
671 791 936 870 uterque
984 791 1212 871 agatur
1273 807 1503 872 magna
1570 789 1917 871 cupiditate
1966 789 2287 861 noscendi,
2337 789 2627 853 curiosus

323 897 539 958 tamen
634 914 708 959 ea
789 895 1071 977 requirit.
1149 915 1306 977 quae
1383 895 1540 958 nihil
1618 895 1695 959 ad
1774 915 1843 960 se
1920 897 2222 962 adtinent.
2300 895 2628 960 studiosus

325 1005 542 1066 autem
602 1005 820 1066 eontra
873 1021 1034 1085 quae
1103 1002 1183 1066 ad
1248 1022 1388 1067 sese
1454 1003 1741 1067 adtinent
1814 1002 2092 1086 requirit.
2144 1002 2257 1066 sed
2305 1001 2451 1083 quia
2506 1018 2629 1064 non

240 1129 264 1167 s
325 1127 636 1192 negamus
685 1101 763 1173 ad
809 1109 1129 1174 hominem
1175 1110 1486 1192 pertinere
1536 1110 1871 1192 coniugem
1920 1129 1991 1174 ao
2036 1110 2269 1174 liberos
2311 1113 2374 1173 et
2412 1127 2629 1173 eorum

327 1214 626 1283 salutem.
685 1215 741 1278 si
787 1216 1100 1299 quispiam
1165 1235 1424 1299 peregre
1473 1215 1742 1298 positus,
1793 1215 2327 1297 quemadmodum
2374 1216 2635 1279 ualeant

328 1339 401 1385 ao
451 1339 592 1385 sese
641 1324 832 1405 agant
878 1341 996 1385 sua
1040 1322 1262 1385 coniux
1310 1340 1383 1385 ae
1429 1321 1632 1389 liberi,
1683 1341 1900 1386 omnes
1952 1321 2358 1386 aduenientes
2407 1320 2631 1385 sedulo

325 1430 754 1510 percontetur.
792 1447 1024 1511 magna
1055 1429 1272 1510 utique
1307 1428 1560 1492 ducitur
1588 1429 1937 1511 cupiditate
1968 1430 2290 1497 noscendi.
2322 1433 2386 1492 et
2416 1430 2626 1491 tamen

327 1534 498 1598 hune
547 1535 906 1600 studiosum
957 1555 1080 1600 non
1130 1555 1453 1604 uocamuS.
1507 1537 1615 1618 qui
1663 1538 1728 1599 et
1771 1557 2001 1620 magno
2052 1555 2235 1620 opere
2284 1536 2446 1600 scire
2484 1535 2633 1598 uult

247 1661 292 1700 ιο
329 1643 396 1703 et
441 1659 534 1710 ea.
585 1661 746 1724 quae
793 1641 868 1704 ad
919 1660 986 1705 se
1035 1642 1303 1706 maxime
1367 1641 1703 1725 pertinent.
1752 1661 1944 1724 quare
2012 1643 2135 1706 iam
2192 1642 2515 1726 intellegis
2554 1661 2631 1706 eo

329 1746 668 1810 uaccillare
742 1746 931 1810 istam
1001 1746 1430 1811 definitionem
1497 1747 1799 1824 studiosi,
1868 1747 2037 1830 quod
2103 1748 2305 1813 omnis
2372 1747 2627 1829 quidem

330 1853 662 1918 studiosus
711 1872 784 1917 ea
829 1873 1018 1918 nosse
1085 1854 1249 1929 uult,
1300 1873 1459 1937 quae
1527 1855 1606 1918 ad
1672 1874 1739 1919 se
1812 1855 2149 1937 pertinent.
2217 1874 2337 1919 non
2414 1857 2627 1917 tamen

329 1960 556 2024 omnis.
637 1960 746 2042 qui
820 1959 882 2023 id
958 1960 1110 2044 agit.
1163 1960 1490 2025 studiosus
1537 1959 1866 2025 uocandus
1916 1963 2033 2029 est,
2084 1959 2197 2024 sed
2253 1959 2329 2031 is,
2379 1959 2486 2041 qui
2535 1977 2627 2034 ea,

330 2084 488 2147 quae
529 2065 610 2128 ad
650 2065 930 2129 animum
969 2063 1376 2130 nutriendum
1415 2066 1760 2130 liberaliter
1810 2071 1999 2148 atque
2049 2065 2393 2130 ornandum
2441 2065 2631 2148 perti-

249 2191 296 2229 15
331 2175 498 2240 nent,
546 2171 994 2255 inpensissime
1042 2173 1327 2254 requirit:
1371 2175 1580 2237 tamen
1623 2173 1984 2236 studentem
2026 2178 2195 2237 recte
2235 2173 2629 2255 appellamus

329 2281 704 2364 praesertim
753 2279 1076 2354 addentes,
1127 2281 1278 2362 quid
1326 2281 1585 2345 studeat
1631 2281 1865 2347 audire.
1916 2299 2059 2344 nam
2118 2279 2309 2344 etiam
2368 2297 2627 2344 suorum

333 2387 695 2452 studiosum
772 2407 1114 2470 possumus
1187 2389 1521 2472 appellare,
1572 2387 1627 2452 si
1694 2407 1844 2452 suos
1910 2391 2159 2452 tantum
2226 2387 2453 2470 diligit.
2504 2405 2627 2450 non

331 2497 540 2558 tamen
565 2493 992 2582 'adiunctione
1040 2495 1214 2558 nulla
1253 2493 1573 2560 communi
1610 2495 1862 2560 nomine
1902 2494 2334 2560 studiosorum
2363 2493 2626 2577 dignum

331 2602 653 2682 putamus.
741 2599 1036 2664 audiendi
1101 2603 1312 2664 autem
1384 2600 1707 2683 cupidum,
1794 2599 2322 2681 quemadmodum
2392 2618 2459 2663 se
2526 2598 2626 2662 sui

250 2725 300 2762 2⁰
333 2707 674 2782 haberent,
742 2726 864 2771 non
930 2707 1316 2791 appellarem
1372 2706 1733 2772 studiosum
1784 2706 2109 2782 audiendi,
2174 2705 2297 2770 nisi
2345 2705 2627 2790 gaudens

333 2815 496 2880 bona
559 2815 728 2878 fama
787 2813 854 2878 id
927 2813 1135 2897 ipsum
1185 2833 1373 2897 saepe
1437 2814 1640 2878 uellet
1704 2813 1958 2885 audire:
2024 2812 2387 2878 studentem
2452 2831 2627 2889 uem,

336 2922 585 2986 etiamsi
635 2920 852 2986 semel.
901 2922 1065 2985 refer
1110 2939 1276 2986 nune
1325 2921 1609 2984 animum
1654 2921 1733 2984 ad
1782 2920 2103 2986 curiosum
2170 2923 2235 2984 et
2282 2919 2382 2983 dic
2446 2918 2627 2995 mihi,

335 3031 550 3091 utrum
617 3027 672 3092 si
738 3027 880 3108 quis
945 3027 1242 3092 fabellam
1305 3027 1579 3091 libenter
1652 3025 1900 3090 audiret
1972 3026 2129 3091 nihil
2204 3025 2325 3090 sibi
2373 3026 2628 3090 omnino

337 3134 750 3217 profuturam,
797 3131 862 3196 id
931 3137 1030 3198 est
1082 3151 1293 3197 rerum
1339 3133 1418 3196 ad
1465 3152 1534 3197 se
1579 3151 1704 3196 non
1758 3131 2231 3214 pertinentium.
2298 3150 2499 3213 neque
2560 3130 2627 3194 id

253 3253 302 3294 ²⁶
337 3240 552 3306 odiose
621 3243 809 3322 atque
885 3240 1121 3309 crebro.
1199 3239 1312 3304 sed
1383 3239 1707 3304 rarissime
1775 3257 1847 3302 ae
1890 3238 2363 3303 modestissime
2410 3238 2517 3301 uel
2560 3237 2626 3301 in

338 3347 632 3413 conuiuio
679 3348 786 3412 uel
831 3348 896 3411 in
963 3347 1176 3430 aliquo
1243 3345 1479 3411 circulo
1545 3346 1765 3410 ulloue
1831 3363 2159 3420 consessu,
2224 3344 2627 3408 uidereturne

336 3453 450 3518 tibi
517 3453 862 3519 curiosus?
909 3473 1032 3518 non
1081 3454 1320 3538 opinor,
1369 3453 1482 3518 sed
1529 3456 1700 3518 certe
1748 3453 1985 3516 habens
2033 3452 2207 3516 illius
2252 3452 2343 3515 rei
2392 3469 2625 3526 curam,

339 3577 476 3624 eum
552 3558 824 3623 libenter
896 3559 1160 3634 audiret,
1233 3560 1518 3642 profecto
1594 3559 1933 3623 uideretur.
2002 3564 2382 3642 quapropter
2436 3559 2625 3623 etiam

407 3831 432 3884 l
472 3829 804 3901 respondeas
830 3828 878 3885 S
925 3829 1255 3902 respondens
1289 3830 1378 3885 Oh
1430 3831 1781 3902 respondebis
1798 3849 1844 3900 p
2096 3833 2129 3886 3
2177 3837 2358 3887 tamen
2402 3850 2504 3888 om.
2542 3833 2631 3886 Ch

339 3936 436 3989 que
465 3918 556 3973 ch
655 3919 981 3976 studiosisS
1021 3919 1412 3975 studiosinsM
1558 3923 1593 3974 4
1640 3921 1881 3991 requiret
1907 3921 1961 3974 V
2135 3923 2166 3975 7
2214 3922 2437 3976 coniunx
2476 3921 2523 3976 S
2540 3921 2626 3974 Vb

337 4009 368 4062 8
405 4011 792 4078 percunctetur
819 4007 851 4061 b
997 4009 1030 4062 9
1057 4025 1383 4112 magnopere
1405 4008 1752 4078 SPpMVmb
1901 4010 1962 4064 ll
2006 4009 2385 4064 diffinitionem
2406 4009 2523 4062 SM
2530 4008 2629 4062 Vm
2723 4079 2727 4086 ί

341 4123 405 4176 13
453 4121 548 4192 qui
593 4121 670 4192 id]
720 4121 850 4192 quid
893 4122 982 4177 Oh
1028 4123 1160 4194 quid
1197 4123 1252 4176 P
1431 4125 1496 4177 15
1540 4124 1935 4194 iupernsissime
1974 4123 2022 4180 S
2060 4123 2463 4195 impendissime
2511 4123 2628 4176 Vm

339 4209 712 4281 inpensissime
756 4209 832 4266 M
1009 4212 1078 4266 18
1109 4203 1204 4266 ‘ad
1256 4213 1532 4267 iunctione
1592 4212 1641 4266 V
1816 4213 1880 4266 21
1941 4213 2085 4268 fama
2139 4213 2281 4267 bona
2328 4211 2453 4268 SM
2478 4212 2629 4264 Vmb

341 4299 408 4352 22
443 4298 608 4354 refert
628 4299 682 4354 V
782 4300 851 4354 25
889 4299 1162 4355 otioseCh
1188 4301 1372 4356 odiose
1406 4307 1452 4363 (c
1481 4302 1544 4354 in
1571 4302 1608 4355 d
1633 4302 1856 4370 mut.)P
1906 4319 1967 4356 ac
2002 4302 2397 4357 modestissime
2429 4317 2530 4355 om.
2549 4301 2632 4354 Cla

345 4411 411 4466 26
465 4430 719 4481 concessu
749 4413 848 4470 SP
901 4431 1156 4470 concessu
1183 4415 1258 4468 M
1479 4417 1546 4471 28
1597 4417 1736 4488 cum]
1777 4435 1901 4488 qum
1942 4417 2012 4470 P¹
2087 4416 2270 4471 audire
2301 4415 2347 4470 S
2360 4417 2435 4468 M
2460 4417 2629 4469 Vmb
