3159 4984
446 432 574 493 ‚318
1138 430 1189 480 S.
1248 427 1521 481 Aureli
1578 428 2020 496 Augustini

444 622 713 687 redditis
778 623 1183 687 transierunt.
1258 624 1350 687 ita
1414 626 1479 687 et
1542 624 1686 706 ipsa
1745 643 1872 688 non
1937 624 2172 692 soluta.
2241 624 2354 689 sed
2419 625 2746 708 adinpleta

446 732 615 805 sunt,
665 730 815 813 quia
860 748 935 794 ea
980 749 1104 795 non
1156 730 1351 795 inrita
1404 749 1521 795 nec
1576 732 1832 796 fallacia
1879 730 2178 796 Christus
2236 732 2538 808 ostendit.
2595 751 2743 796 cum

444 836 508 899 id
557 836 727 919 quod
774 856 995 902 eorum
1043 836 1507 921 significatione
1552 838 2050 920 promittebatur
2097 838 2401 902 exhibuit.

538 945 641 1008 19.
706 944 851 1009 Non
896 944 1133 1025 itaque.
1184 944 1355 1009 sicut
1398 944 1678 1009 Faustus
1727 944 2042 1027 opinatur.
2091 945 2398 1027 quaedam
2447 944 2744 1009 dominus

443 1050 626 1115 Iesus
672 1050 1046 1135 adinpleuit.
1088 1069 1247 1133 quae
1296 1052 1373 1115 ab
1422 1052 1700 1134 antiquis
1747 1051 1938 1115 iustis
1983 1052 2112 1114 iam
2159 1052 2332 1116 dicta
2375 1056 2556 1116 erant
2599 1058 2746 1117 ante
2819 1073 2858 1111 5

442 1157 651 1239 legem
690 1158 1010 1241 MoyseOS.
1050 1158 1241 1223 sicuti
1288 1162 1425 1223 est:
1472 1178 1614 1223 non
1663 1158 1989 1223 occides.
2039 1158 2210 1240 quod
2255 1178 2379 1223 non
2429 1161 2743 1225 contrario

446 1263 789 1347 redarguit,
848 1264 961 1328 sed
1018 1265 1223 1349 magis
1282 1264 1582 1329 firmauit.
1643 1284 1788 1329 cum
1847 1268 1914 1329 et
1967 1266 2046 1327 ab
2101 1265 2196 1329 ira
2251 1270 2316 1329 et
2372 1284 2410 1329 a
2455 1266 2746 1331 conuicio

444 1370 792 1435 reuocauit.
861 1371 1171 1453 quaedam
1218 1390 1370 1436 uero
1420 1372 1638 1437 soluit.
1679 1390 1841 1454 quae
1877 1372 2131 1455 propria
2166 1372 2549 1437 uidebantur
2583 1372 2749 1456 legis

446 1477 901 1553 Hebraeorum,
962 1478 1153 1543 sicuti
1214 1481 1349 1543 est:
1410 1478 1714 1543 oculum
1769 1499 1902 1562 pro
1960 1480 2200 1544 oculo,
2261 1478 2560 1544 dentem
2617 1498 2750 1562 pro

448 1584 689 1649 dente.
730 1585 899 1667 quod
940 1585 1193 1649 uidetur
1229 1586 1444 1668 potius
1492 1586 1838 1651 abstulisse
1885 1604 2076 1668 quam
2124 1585 2553 1651 confirmasse.
2603 1604 2754 1650 cum
2801 1610 2870 1647 m

446 1692 575 1756 ait:
635 1711 769 1775 ego
819 1694 1069 1757 autem
1118 1692 1285 1758 dico
1334 1694 1553 1758 uobis
1602 1712 1746 1758 non
1795 1693 2162 1758 resistere
2209 1692 2436 1767 malo;
2507 1691 2640 1756 sed
2689 1692 2757 1755 si

448 1798 617 1881 quis
666 1802 737 1863 te
786 1799 1262 1881 percusserit
1300 1800 1371 1863 in
1409 1799 1798 1863 maxillam
1835 1803 2040 1863 tuam
2080 1800 2435 1865 dextram.
2472 1798 2756 1883 praebe

448 1904 569 1969 illi
627 1908 701 1969 et
760 1906 1073 1970 alteram
1136 1909 1202 1971 et
1260 1909 1487 1971 cetera.
1554 1925 1672 1971 nos
1741 1906 1906 1971 enim
1973 1906 2246 1970 dicimus
2315 1905 2506 1970 etiam
2569 1905 2756 1971 haec.

448 2030 609 2093 quae
656 2012 766 2077 isti
811 2018 1043 2095 putant
1089 2012 1363 2079 soluisse
1414 2013 1762 2081 Christum.
1822 2013 2005 2077 uelut
2059 2012 2371 2077 contraria
2422 2012 2758 2076 referendo

454 2122 519 2181 et
562 2122 717 2183 tunc
764 2138 875 2201 pro
922 2122 1207 2201 tempore
1254 2120 1414 2183 bene
1462 2118 1664 2183 fuisse
1713 2119 2010 2183 instit-uta
2066 2120 2132 2181 et
2187 2137 2356 2181 nunc
2411 2136 2450 2181 a
2496 2118 2758 2182 Christo
2807 2141 2870 2177 vs

448 2244 572 2290 non
622 2226 853 2296 soluta.
902 2226 1014 2289 sed
1063 2225 1402 2308 adinpleta.

542 2334 646 2397 20.
696 2332 967 2397 Proinde
1014 2333 1291 2416 primum
1338 2333 1417 2396 ab
1456 2333 1557 2398 his
1609 2352 1862 2416 quaero,
1904 2337 2118 2397 utrum
2154 2332 2253 2396 illi
2292 2332 2535 2414 antiqui
2571 2332 2760 2397 iusti.

450 2440 663 2505 Enoch
734 2444 800 2505 et
864 2438 1019 2505 Seth
1086 2477 1173 2487 --
1237 2439 1355 2505 hos
1424 2440 1592 2503 enim
1657 2439 2064 2521 potissimum
2129 2438 2410 2503 Faustus
2478 2456 2762 2502 comme-

450 2549 656 2611 morat
704 2583 789 2593 —
839 2548 903 2610 et
959 2546 1013 2611 si
1071 2546 1181 2629 qui
1238 2546 1367 2613 alii.
1426 2566 1552 2610 non
1610 2545 1820 2610 solum
1878 2548 2021 2610 ante
2069 2546 2356 2629 Moysen.
2415 2544 2530 2609 sed
2585 2547 2652 2608 et
2701 2546 2764 2609 si

451 2652 560 2735 qui
625 2655 770 2717 ante
828 2652 1147 2717 Abraham
1204 2653 1481 2731 fuerunt,
1540 2653 1685 2717 irati
1751 2653 1880 2717 sint
1943 2652 2118 2716 fratri
2185 2652 2319 2717 sine
2387 2671 2581 2717 causa
2643 2656 2764 2715 aut
2803 2674 2874 2710 ευ

452 2760 744 2826 dixerunt
780 2760 995 2825 fratri:
1042 2760 1273 2825 fatue.
1327 2760 1382 2825 si
1431 2760 1598 2824 enim
1646 2779 1770 2824 non
1811 2760 2118 2837 dixerunt.
2158 2779 2272 2824 cur
2315 2778 2442 2824 non
2490 2760 2555 2823 et
2599 2758 2762 2822 talia

452 2870 853 2935 docuerunt?
913 2868 1140 2949 quodsi
1180 2871 1244 2932 et
1280 2868 1437 2931 talia
1494 2867 1865 2945 decumum,
1917 2886 2169 2949 quaem,
2220 2864 2762 2949 quemadmodum

452 2979 559 3043 uel
616 2997 834 3043 eorum
898 2977 1215 3043 iustitiam
1282 2975 1763 3057 doctrinamque
1823 2973 2116 3039 Christus
2176 2973 2596 3056 adinpleuerit
2653 2972 2764 3035 ad-

456 3085 698 3150 dendo:
771 3104 907 3169 ego
958 3087 1209 3149 autem
1260 3082 1427 3148 dico
1476 3083 1732 3147 uobis:
1783 3082 1848 3147 si
1895 3082 2065 3164 quis
2110 3080 2479 3145 irascitur
2535 3080 2766 3143 fratri

456 3211 589 3257 suo
649 3196 781 3257 aut
844 3190 909 3257 si
976 3191 1145 3274 quis
1204 3190 1397 3255 dicit
1456 3190 1718 3267 „racha“
1777 3192 1888 3253 aut
1934 3189 1988 3253 si
2038 3188 2180 3271 quis
2232 3188 2387 3253 dicit
2441 3187 2754 3262 „satue.··
2805 3208 2870 3243 ι’»

635 3410 668 3463 8
699 3408 763 3463 cf.
792 3408 886 3464 Ex.
919 3409 1003 3472 20,
1040 3408 1133 3472 13;
1163 3408 1361 3461 Matth.
1396 3410 1446 3471 5,
1477 3408 1544 3462 21
1576 3425 1656 3478 sq.
1767 3410 1801 3461 9
1839 3406 1932 3461 Ex.
1973 3407 2058 3469 21,
2098 3406 2195 3468 ‘24;
2233 3404 2431 3458 Matth.
2470 3407 2520 3467 5,
2563 3403 2634 3457 38
2673 3420 2756 3472 sq.

530 3554 555 3605 1
600 3550 825 3621 impleta
863 3550 961 3605 SG
1107 3551 1139 3604 2
1178 3552 1291 3605 sint
1336 3550 1402 3605 0¹
1583 3553 1618 3604 4
1657 3568 1791 3604 mon
1836 3550 1884 3604 0
2069 3546 2354 3619 quaedam]
2406 3562 2544 3616 quae
2583 3545 2762 3600 SMG

458 3640 801 3713 quaedsslallffl.
831 3640 961 3695 add.
992 3658 1059 3695 m.
1090 3642 1147 3711 2)
1178 3642 1230 3694 L
1340 3640 1587 3694 domiuus
1617 3656 1719 3694 om.
1742 3638 1794 3692 L
1866 3640 1899 3693 5
1929 3639 2072 3692 iesus
2112 3637 2344 3691 christus
2385 3636 2415 3688 b
2525 3634 2764 3703 [ladim-

456 3732 633 3803 pleuit
670 3730 760 3799 (ad
796 3734 892 3797 er.)
936 3730 983 3783 0
1155 3729 1315 3784 iustis
1362 3746 1465 3785 om.
1505 3728 1607 3784 SG
1750 3729 1784 3782 6
1830 3727 1954 3797 lege
2001 3726 2200 3780 LS¹M
2337 3741 2547 3779 moseos
2585 3724 2760 3778 13ῑέΙίι

460 3822 491 3874 7
532 3824 591 3876 et
626 3826 756 3875 ante
791 3820 859 3874 ab
896 3836 940 3875 s.
980 3820 1015 3875 1.
1056 3818 1103 3874 S
1243 3820 1276 3872 9
1312 3818 1644 3873 haebreorum
1690 3818 1736 3871 (J
1878 3818 1946 3869 12
1997 3814 2269 3871 maxillam
2313 3818 2434 3881 (sec.
2471 3813 2492 3865 l
2528 3829 2570 3868 8.
2612 3813 2672 3875 l.)
2719 3812 2776 3865 C

460 3910 731 3966 dexteram
776 3906 1026 3963 GSG-Mb
1166 3908 1232 3962 13
1268 3908 1371 3961 hec
1414 3907 1461 3961 C
1605 3908 1672 3959 14
1707 3906 1804 3960 isti
1845 3906 1885 3969 (i
1921 3907 2018 3973 fin.
2055 3906 2118 3958 in
2152 3908 2289 3965 raa.)
2335 3901 2455 3958 (38²
2597 3902 2768 3955 refer-

458 3998 625 4055 rendo
656 3998 703 4054 S
724 3997 1005 4063 reserando
1040 4000 1179 4066 (sup.
1212 4014 1243 4061 a
1270 4014 1339 4050 m.
1370 4001 1400 4049 1
1429 3996 1561 4050 add.
1595 3998 1643 4063 e)
1681 3995 1728 4049 0
1833 3996 1903 4049 15
1929 3998 2047 4048 tum
2075 3994 2150 4045 L*
2255 3992 2322 4047 18
2361 4007 2494 4046 enoc
2523 3988 2770 4045 LCMS¹

458 4091 559 4146 hos
608 4090 665 4159 (h
713 4104 755 4143 s.
805 4090 863 4153 1.)
919 4088 966 4141 G
1104 4087 1451 4157 potissimum
1496 4087 1592 4155 llll
1639 4084 1812 4155 (favtu
1867 4090 1961 4149 er.)
2017 4084 2064 4137 0
2244 4082 2310 4135 19
2350 4083 2406 4135 et
2439 4096 2540 4134 sec.
2569 4096 2612 4133 s,
2655 4079 2691 4131 l.
2723 4078 2778 4133 S

460 4182 530 4235 20
584 4184 713 4233 sunt
764 4178 810 4233 Ο
952 4194 1047 4231 avr
1106 4179 1159 4241 (v
1213 4190 1256 4229 8.
1320 4174 1379 4244 l.)
1422 4174 1467 4229 C
1609 4176 1674 4228 21
1717 4172 1932 4231 dixeist:
1977 4172 2022 4225 C
2161 4170 2315 4239 fatue
2355 4166 2454 4224 So
2484 4167 2670 4222 fatuae
2714 4166 2767 4219 G

460 4286 599 4341 quur
640 4267 688 4323 L
867 4268 937 4320 22
986 4265 1096 4319 alia
1132 4264 1301 4318 ΙιῙΜ1
1485 4262 1954 4333 quemammodum
1995 4260 2104 4312 LG
2287 4258 2357 4311 23
2403 4256 2676 4311 iusticiam
2727 4254 2780 4307 C

462 4359 531 4411 :5
570 4356 721 4410 fatue
760 4356 859 4409 SG
