3159 4984
522 503 673 566 ,726
1248 503 1299 556 S.
1356 501 1632 556 Aureli
1689 502 2129 572 Augustini

541 700 800 762 mutuae
836 717 1046 776 causa,
1078 717 1155 764 ne
1188 717 1225 762 a
1253 717 1321 764 se
1352 698 1601 763 scilicet
1634 697 1910 762 inuicem
1949 697 2329 776 aberrarent,
2369 701 2550 764 notas
2589 697 2866 763 sibimet

542 805 912 870 huiusmodi
968 805 1229 870 alternis
1285 804 1650 888 inposuisse
1705 804 2006 869 uidentur
2059 804 2280 868 Iudaei
2335 823 2410 868 ac
2465 805 2858 870 Iudaeorum

544 911 701 976 deus
744 963 759 978 .
802 915 991 995 atque
1028 913 1167 996 ipse
1215 902 1471 995 q'uidem
1521 932 1630 979 eos
1680 912 2183 978 circumcisionis
2232 913 2546 979 obscaeno
2595 915 2858 980 charac-

543 1023 674 1084 tere
732 1019 1034 1104 signauit,
1099 1041 1245 1103 quo,
1303 1021 1696 1104 ubicumque
1760 1026 2070 1087 terrarum
2134 1020 2390 1100 fuerint,
2454 1021 2856 1104 ubicumque

548 1126 865 1210 gentium,
924 1147 1037 1211 per
1105 1127 1654 1194 circumcisionem
1720 1131 1932 1215 tamen
1995 1128 2202 1212 ipsius
2269 1147 2408 1194 esse
2465 1131 2854 1201 noscantur3
2921 1146 2954 1184 ⁵

544 1231 711 1296 idem
759 1251 910 1298 uero
962 1253 1151 1298 suum
1199 1234 1489 1300 uicissim
1538 1235 1727 1300 deum
1774 1237 2108 1318 parentum
2155 1252 2420 1300 suorum
2468 1234 2858 1319 cognomine

547 1339 979 1423 signauerunt,
1029 1359 1176 1422 quo,
1224 1341 1614 1424 ubicumque
1655 1345 1719 1406 et
1755 1341 1891 1425 ipse
1928 1339 2140 1419 fuerit,
2177 1342 2242 1404 in
2279 1359 2514 1426 magna
2549 1340 2854 1423 quamuis

544 1444 807 1510 deorum
854 1446 1229 1528 frequentia,
1280 1465 1425 1512 cum
1472 1447 1631 1514 deus
1667 1447 1986 1514 Abraham
2034 1447 2305 1514 audierit
2349 1451 2415 1512 et
2461 1448 2620 1513 deus
2665 1447 2858 1512 Isaac

545 1556 610 1617 et
656 1551 814 1618 deus
862 1552 1074 1630 Iacob,
1121 1553 1413 1636 protinus
1470 1573 1539 1618 se
1595 1554 1878 1620 inuocari
1935 1557 2297 1639 cognoscat.
2365 1554 2540 1638 quod
2593 1553 2725 1618 fere
2781 1554 2856 1617 in

546 1659 769 1724 multis
827 1659 963 1724 fieri
1020 1660 1187 1726 solet
1240 1679 1437 1724 unum
1496 1660 1881 1727 habentibus
1938 1680 2185 1739 nomen,
2243 1665 2318 1726 ut
2373 1681 2592 1728 eorum
2657 1681 2856 1726 nemo
2893 1677 2950 1714 ιο

546 1767 904 1850 appellatus
960 1767 1345 1850 respondeat
1398 1767 1522 1834 nisi
1580 1768 1798 1834 audito
1857 1770 2253 1854 cognomine.
2320 1769 2416 1836 sic
2460 1787 2736 1852 namque
2783 1773 2858 1832 et

546 1875 765 1956 pastor
811 1877 1001 1955 atque
1051 1873 1468 1942 armentarius
1514 1875 1854 1959 pecoribus
1909 1879 2093 1941 notas
2145 1875 2432 1954 inurunt,
2487 1895 2566 1940 ne
2623 1894 2856 1941 eorum

546 1982 815 2065 quisque
864 2001 977 2067 pro
1028 2000 1144 2048 suo
1192 1986 1465 2066 usurpet
1510 1982 1812 2046 alienum.
1880 1982 2114 2065 quibus
2171 1982 2322 2064 quia
2375 1985 2441 2047 et
2491 2001 2611 2048 uos
2667 1983 2856 2048 simi-

544 2089 692 2154 liter
735 2089 948 2155 facitis
996 2090 1187 2155 deum
1234 2089 1555 2154 Abraham
1612 2088 1898 2154 dicentes
1955 2091 2021 2152 et
2077 2089 2270 2153 deum
2315 2089 2496 2154 Isaac
2542 2093 2610 2154 et
2653 2089 2854 2154 deum

544 2195 755 2274 Iacob,
822 2213 945 2260 non
1012 2196 1223 2260 solum
1289 2195 1480 2260 finem
1546 2194 1886 2260 ostenditis
1947 2194 2180 2259 habere
2237 2193 2446 2272 deum,
2505 2195 2617 2261 sed
2674 2196 2856 2279 quod
2893 2207 2946 2246 1⁵

545 2301 687 2366 sitis
737 2301 928 2366 etiam
974 2320 1094 2367 uos
1143 2301 1220 2365 ab
1270 2301 1491 2366 eodem
1542 2301 1732 2366 alieni
1782 2301 1948 2385 signi
1995 2301 2133 2365 eius
2181 2319 2254 2366 ac
2309 2302 2690 2366 sacramenti
2745 2321 2852 2366 ex-

543 2411 776 2492 pertes,
824 2408 995 2491 quod
1034 2410 1134 2473 est
1169 2407 1457 2473 uirilium
1494 2407 1838 2486 mutilatio,
1877 2427 1988 2492 per
2025 2427 2214 2491 quam
2251 2408 2423 2472 idem
2461 2427 2614 2474 suos
2650 2427 2850 2493 agno-

545 2515 687 2582 scit.
747 2517 1129 2599 quapropter
1174 2514 1280 2579 hic
1328 2515 1383 2579 si
1430 2518 1531 2579 est
1575 2515 1755 2592 deus,
1815 2533 2002 2598 quem
2062 2515 2293 2593 colitis,
2350 2513 2556 2597 liquet
2603 2533 2675 2580 ex
2722 2515 2852 2580 hoc

548 2622 911 2700 admodum,
971 2620 1142 2705 quod
1197 2622 1429 2686 habeat
1484 2623 1696 2686 finem.
1765 2622 1823 2687 si
1875 2640 2028 2687 uero
2083 2621 2404 2686 infinitum
2463 2621 2652 2686 deum
2701 2641 2848 2687 esse

544 2730 769 2807 uultis,
808 2729 961 2794 huic
997 2749 1119 2795 uos
1157 2732 1301 2793 ante
1340 2729 1700 2794 renuntiare
1737 2747 1999 2794 necesse
2039 2731 2139 2794 est
2175 2732 2241 2794 et
2277 2728 2557 2794 oratione
2595 2731 2852 2792 mutata
2879 2742 2940 2780 ω

546 2836 771 2902 erroris
827 2835 1154 2920 praeteriti
1210 2835 1413 2900 uestri
1467 2835 1942 2919 paenitudinem
2001 2854 2237 2920 gerere.
2307 2839 2373 2901 et
2414 2835 2538 2900 hoc
2585 2835 2846 2918 quidem

546 2944 789 3036 dictum
836 2945 929 3009 ita
975 2946 1092 3020 est,
1141 2945 1217 3007 ut
1264 2942 1340 3006 de
1396 2945 1612 3008 uestro
1669 2962 1789 3009 uos
1845 2942 2080 3008 uicisse
2133 2942 2504 3018 uideamur-3
2561 2943 2846 3024 alioquin

548 3070 873 3116 summum
941 3054 1007 3115 et
1073 3069 1297 3115 uerum
1367 3050 1553 3114 deum
1623 3052 1838 3114 utrum
1905 3049 1994 3114 sit
2054 3048 2223 3116 idem
2279 3049 2566 3114 infinitus
2622 3067 2844 3124 necne,

522 3157 603 3222 si
677 3157 1019 3240 quaeritur,
1097 3157 1172 3222 de
1247 3157 1367 3222 hoc
1443 3176 1594 3222 uero
1673 3175 1788 3221 nos
1852 3155 2003 3222 boni
2074 3159 2139 3220 et
2200 3156 2356 3219 mali
2429 3155 2846 3220 contrarietas

542 3264 825 3328 breuiter
869 3263 1107 3347 poterit
1152 3263 1435 3328 edocere.
1505 3263 1804 3345 quoniam
1854 3263 2109 3345 quidem
2158 3263 2214 3327 si
2259 3281 2383 3328 non
2432 3265 2533 3328 est
2576 3261 2844 3338 malum,
2873 3271 2926 3310 ὅ

544 3369 830 3455 profecto
879 3369 1165 3435 infinitus
1216 3373 1316 3434 est
1352 3369 1546 3444 deus3
1595 3370 1790 3434 habet
1827 3373 2039 3434 autem
2079 3369 2289 3446 finem,
2329 3370 2382 3434 si
2421 3369 2663 3434 malum
2703 3371 2840 3442 est;

618 3633 645 3684 1
684 3637 874 3686 mutua
896 3632 941 3686 G
1046 3639 1207 3686 causa
1230 3631 1349 3686 GS1
1462 3631 1771 3685 oberrarent
1790 3631 1897 3684 LO
1967 3633 2000 3684 2
2036 3631 2334 3702 inposuitse
2354 3629 2478 3684 8¹6
2625 3628 2773 3683 iudei
2797 3627 2848 3680 Ο

543 3722 575 3775 3
616 3725 881 3776 caractere
918 3719 1190 3774 LOSMG
1388 3720 1422 3773 5
1460 3720 1707 3790 gencium
1754 3721 1800 3773 Ο
2001 3722 2429 3776 noscanlcantur
2466 3717 2514 3772 S
2545 3733 2843 3771 noscantur

544 3815 638 3878 (m.
676 3815 709 3865 1
743 3827 843 3866 sec.
880 3828 915 3864 n
954 3811 1246 3878 super-sm)
1287 3807 1331 3862 Ο
1500 3809 1534 3863 6
1570 3813 1874 3878 pai-emtum
1921 3807 1968 3862 0
2136 3807 2166 3860 7
2207 3807 2352 3878 quod
2390 3806 2489 3862 SG
2657 3805 2694 3860 8
2731 3805 2839 3858 fre-

544 3901 771 3972 quencia
810 3901 854 3952 G
1013 3901 1047 3952 9
1085 3899 1373 3965 inuocariss
1417 3898 1464 3950 C
1633 3898 1702 3951 10
1738 3897 2068 3951 habentibus
2107 3899 2157 3966 (e
2196 3912 2263 3950 ex
2301 3899 2353 3960 a)
2399 3895 2446 3950 C'
2583 3897 2670 3964 ut]
2707 3895 2754 3948 ἀ
2795 3893 2848 3946 0

544 3995 607 4046 11
646 4009 731 4046 res
768 3990 1009 4062 pondeat
1050 3988 1096 4043 Ο
1160 3969 1171 3978 “
1202 3989 1269 4042 12
1310 3987 1615 4041 armSmrius
1650 3985 1696 4040 Ο
1835 3991 1992 4040 notas
2031 3987 2083 4056 (o
2112 4002 2178 4040 ex
2205 4001 2237 4039 a
2264 4003 2330 4039 m.
2361 3989 2414 4052 1)
2445 3983 2492 4036 C
2601 3985 2667 4038 16
2694 3983 2842 4052 sitis]

540 4081 673 4136 satis
712 4079 1039 4136 LOPSGM
1129 4079 1193 4132 1²7
1229 4076 1498 4130 motilatio
1518 4075 1833 4138 ,L¹S¹M¹G
1927 4076 1993 4130 18
2031 4073 2380 4145 quapropter]
2419 4073 2510 4144 qui
2549 4077 2772 4146 propter
2807 4071 2842 4124 b

540 4169 588 4223 si
635 4175 701 4236 (s.
752 4169 786 4224 l.
832 4187 903 4222 m.
950 4172 1016 4236 2)
1064 4167 1167 4222 LS
1208 4183 1310 4221 om.
1364 4163 1569 4218 CMGb
1730 4170 1814 4218 est
1851 4181 1922 4218 er.
1967 4167 2026 4218 ,11
2173 4161 2355 4217 colitis
2395 4163 2430 4224 (i
2461 4175 2550 4230 pr.
2589 4175 2658 4214 αι·
2695 4161 2752 4228 u)
2797 4159 2850 4213 0

540 4259 826 4314 admodum
868 4276 929 4312 ex
964 4259 1066 4312 hoc
1106 4255 1151 4310 Ο
1221 4257 1288 4312 19
1318 4253 1620 4309 ammodum
1661 4254 1839 4310 LGS¹
1911 4255 2268 4318 20oracione
2313 4252 2360 4307 (J
2426 4253 2493 4306 23
2533 4267 2746 4306 summu
2785 4257 2846 4306 et

542 4364 727 4401 uerum
767 4347 922 4400 deum
951 4347 1023 4398 L¹
1065 4363 1302 4399 summus
1342 4351 1396 4400 et
1434 4362 1593 4400 uerus
1632 4343 1764 4399 deus
1801 4345 1879 4397 Ι)
1987 4345 2058 4397 24
2093 4345 2214 4414 nos]
2250 4359 2349 4427 uos
2389 4341 2421 4395 b
2530 4341 2596 4394 25
2635 4341 2858 4395 malum·

542 4439 626 4488 est
664 4433 761 4489 SG
2445 4445 2450 4452 ·
