3159 4984
1033 482 1164 537 1111.
1222 482 1514 538 Contra
1567 482 2079 536 Adimantum.
2542 484 2669 547 143

372 678 798 763 ruptionem
847 678 1274 743 hereditate
1321 678 1773 761 possidebit.
1816 677 2155 745 adtendite.
2188 676 2339 759 quid
2371 676 2669 741 continuo

377 785 648 850 subiciat·
693 788 758 849 et
805 785 1144 869 adiungat:
1197 803 1366 849 ecce
1413 785 1857 868 mysterium
1907 784 2072 848 dico
2120 784 2368 849 uobis:
2418 800 2669 847 omnes

378 890 668 973 quidem
727 910 1236 974 resurgemus,
1295 909 1437 956 non
1493 894 1745 970 tamen
1813 908 2065 954 omnes
2130 888 2672 952 inmutabimur

375 998 445 1061 in
493 1002 768 1063 atomo,
817 998 889 1061 in
938 998 1098 1061 ictu
1139 999 1362 1065 oculi.
1404 998 1474 1061 111
1516 997 1935 1061 nouissima
1971 996 2172 1060 tuba.
2223 998 2441 1059 canet
2479 994 2669 1059 enim

322 1126 347 1164 5
383 1104 562 1167 tuba
608 1107 682 1168 et
727 1105 1008 1169 mortui
1057 1108 1460 1188 resurgent
1506 1102 1927 1186 incorrupti
1974 1105 2047 1166 et
2092 1122 2223 1167 nos
2272 1106 2669 1165 commnta-

382 1211 640 1275 bimur.
700 1210 924 1275 deinde
973 1211 1249 1275 contexit
1295 1214 1360 1273 et
1407 1209 1560 1274 dicit
1608 1209 1799 1273 etiam
1842 1208 2025 1283 illud,
2075 1208 2244 1290 quod
2288 1209 2477 1291 paulo
2528 1212 2671 1272 ante

383 1317 890 1386 commemoraui.
957 1320 1030 1381 111
1096 1316 1407 1386 ostendat.
1467 1316 1674 1397 qualis
1728 1316 1944 1379 futura
1998 1316 2085 1381 sit
2129 1316 2269 1398 ipsa
2311 1314 2670 1379 inmutatio.

381 1422 594 1485 statim
663 1422 894 1507 quippe
953 1423 1142 1487 dicit:
1212 1425 1514 1505 oportet
1569 1423 1763 1487 enim
1821 1420 2325 1504 corruptibile
2378 1421 2517 1485 hoc
2573 1421 2673 1483 in-

380 1528 602 1591 duere
677 1527 1328 1610 incorruptionem
1406 1533 1479 1593 et
1549 1529 1873 1592 mortale
1961 1528 2099 1593 hoc
2186 1526 2495 1591 induere
2572 1527 2670 1590 in-

291 1659 340 1697 10
375 1634 946 1697 mortalitatem.
1033 1634 1180 1699 hinc
1257 1654 1404 1719 ergo
1483 1634 1759 1717 adparet.
1828 1635 1977 1717 quia
2051 1653 2199 1699 caro
2275 1636 2340 1697 et
2413 1633 2673 1717 sanguis

375 1758 639 1823 regnum
697 1740 800 1803 dei
855 1760 978 1806 non
1045 1741 1484 1824 possidebunt.
1561 1742 1713 1823 quia
1786 1761 1932 1805 cum
2004 1740 2283 1805 induerit
2352 1741 2672 1822 incorrup-

376 1847 614 1911 tionem
691 1851 758 1910 et
829 1847 1370 1921 inmortalitatem,
1447 1848 1572 1911 iam
1638 1868 1763 1913 non
1840 1867 1981 1912 caro
2060 1851 2125 1912 et
2198 1846 2457 1929 sanguis
2534 1847 2671 1914 6111,

381 1955 492 2018 sed
533 1955 599 2018 in
647 1974 876 2037 corpus
925 1956 1202 2018 caeleste
1249 1955 1621 2019 mutabitur.
1672 1956 1841 2037 quod
1898 1955 2153 2037 quidem
2214 1972 2285 2017 ex
2344 1953 2673 2019 occasione

379 2062 815 2127 tractauimus
891 2062 1040 2143 quia
1103 2061 1253 2126 huic
1318 2080 1567 2144 quoque
1634 2062 1984 2127 sententiae
2048 2062 2327 2125 multum
2389 2059 2675 2125 insidiari

291 2191 338 2229 15
383 2169 590 2231 solent
643 2171 946 2251 negantes
1005 2188 1338 2251 corporum
1393 2169 1939 2234 resurrectionem.
2006 2188 2150 2232 nam
2204 2168 2331 2233 ista
2385 2168 2673 2250 quaestio

379 2294 500 2339 non
549 2274 626 2339 de
676 2292 952 2356 corpore.
1003 2274 1114 2338 sed
1163 2274 1238 2338 de
1287 2274 1496 2338 anima
1540 2274 1867 2359 proposita
1914 2278 2033 2352 est,
2073 2294 2261 2355 quam
2309 2278 2538 2357 putant
2582 2275 2675 2340 sic

379 2381 578 2463 accipi
623 2381 686 2444 in
733 2381 898 2463 lege,
955 2382 1030 2442 ut
1084 2380 1346 2463 sangnis
1403 2400 1543 2445 esse
1603 2379 2033 2444 existimetur:
2102 2382 2271 2463 quod
2329 2401 2443 2446 nos
2498 2382 2674 2445 nullo

375 2487 560 2552 modo
611 2486 704 2553 sic
751 2487 1207 2569 intellegimus.
1275 2486 1386 2550 sed
1445 2486 1739 2567 quamuis
1796 2486 1873 2550 de
1926 2506 2227 2569 pecorum
2275 2488 2501 2553 animis
2549 2508 2671 2552 non

374 2612 688 2664 curemus,
721 2612 864 2658 cum
899 2594 1130 2675 quibus
1160 2613 1282 2659 11011
1314 2594 1622 2657 habemus
1660 2593 1922 2659 rationis
1962 2594 2237 2676 aliquam
2276 2594 2669 2671 societatem,

277 2722 329 2761 20
371 2702 580 2764 tamen
627 2699 790 2763 illud
838 2700 1006 2781 quod
1052 2700 1150 2763 lex
1199 2700 1356 2764 dicit
1399 2700 1789 2764 fundendum
1840 2719 1979 2765 esse
2026 2700 2399 2783 sanguinem
2446 2719 2560 2764 nec
2607 2700 2671 2763 in

369 2824 578 2870 escam
644 2805 1126 2883 adsumendum,
1195 2806 1375 2887 qnia'
1408 2807 1667 2889 sanguis
1734 2809 1833 2870 est
1896 2807 2123 2884 anima,
2168 2807 2233 2870 in
2290 2806 2471 2891 signo
2530 2826 2671 2873 esse

365 2913 646 2995 positum
698 2912 970 2977 dicimus
1017 2912 1188 2977 sicut
1233 2912 1358 2976 aHa
1393 2913 1599 2977 multa
1636 2916 1701 2977 et
1735 2932 1933 2996 paene
1972 2913 2183 2977 omnia
2218 2914 2669 2996 scripturarum

362 3016 616 3081 illarum
668 3023 1060 3084 sacramenta
1109 3019 1310 3103 signis
1360 3023 1424 3083 et
1469 3020 1692 3103 figuris
1729 3021 1918 3103 plena
1955 3022 2106 3085 sunt
2140 3020 2391 3084 futurae
2428 3018 2669 3103 praedi-

365 3124 652 3201 cationis,
722 3144 884 3208 quae
947 3126 1076 3189 iam
1140 3146 1253 3208 per
1319 3126 1645 3191 dominum
1710 3130 1999 3191 nostrum
2062 3127 2277 3191 Iesum
2344 3125 2668 3191 Christum

269 3252 322 3291 25
365 3229 680 3295 declarata
718 3235 835 3296 est.
886 3232 980 3296 sic
1027 3236 1128 3297 est
1172 3233 1338 3297 enim
1389 3233 1651 3316 sanguis
1702 3233 1927 3310 anima,
1968 3233 2283 3315 quomodo
2320 3237 2500 3316 petra
2537 3237 2669 3298 erat

364 3334 676 3415 Christus,
718 3336 889 3402 sicut
925 3337 1080 3402 dicit
1120 3339 1489 3421 apostolus:
1539 3338 1904 3402 bibebant
1951 3338 2144 3402 enim
2192 3338 2278 3403 de
2327 3340 2667 3421 spiritali

361 3446 728 3524 sequente
773 3446 1007 3526 petra,
1055 3447 1271 3527 petra
1328 3448 1578 3507 autem
1638 3446 1799 3508 erat
1846 3443 2220 3509 Christus.
2287 3451 2509 3509 notum
2567 3448 2667 3509 est

357 3552 570 3613 autem
617 3550 784 3615 filios
832 3550 1072 3615 Israhel
1119 3554 1300 3632 petra
1345 3569 1649 3634 percussa
1693 3550 1933 3615 bibisse
1980 3569 2207 3633 aquam
2264 3550 2329 3613 in
2386 3551 2659 3629 heremo,

536 3758 570 3811 2
607 3760 630 3813 1
673 3758 793 3815 Cor.
837 3760 920 3823 15,
959 3760 1026 3813 51
1068 3776 1188 3829 sqq.
1300 3760 1368 3813 26
1409 3760 1438 3813 I
1477 3758 1599 3815 Cor.
1643 3760 1725 3816 10.
1763 3762 1800 3813 4
1908 3761 1975 3813 27
2016 3762 2082 3815 cs.
2120 3761 2281 3815 Num.
2322 3763 2407 3826 20,
2450 3763 2513 3816 11

427 3898 454 3951 1
495 3898 782 3954 adtendite
819 3902 895 3953 P¹
933 3899 1205 3954 attendite
1249 3900 1336 3955 Gb
1447 3903 1479 3953 2
1518 3900 1679 3954 uobis
1716 3900 1835 3955 dico
1881 3902 2111 3955 TCSVb
2221 3904 2257 3956 4
2296 3903 2513 3956 athomo
2559 3902 2668 3957 GV

351 3988 532 4039 atomo
571 3986 648 4039 Ρ1
792 3992 950 4043 canet
989 3990 1039 4051 (6
1079 4005 1216 4044 corr.
1255 4005 1324 4043 ea:
1358 3989 1398 4054 i)
1439 3990 1550 4044 PG
1662 3992 1694 4043 5
1733 3990 2122 4045 inmutabimur
2165 3991 2341 4045 CSTb
2460 3992 2491 4044 6
2532 4008 2657 4045 con-

349 4076 490 4129 texit
527 4076 598 4129 Ρι
708 4077 742 4130 9
781 4078 1120 4147 corruptione
1163 4078 1213 4131 V
1320 4078 1386 4133 10
1427 4078 1655 4151 adparet
1680 4080 1755 4133 Ρι
1865 4081 1926 4134 11
1974 4080 2275 4150 possidebit
2309 4081 2357 4135 0
2496 4080 2653 4137 indu-

349 4194 467 4255 eret
481 4190 530 4245 0
626 4192 693 4245 17
715 4192 1051 4247 existimetur
1071 4210 1187 4248 esse.
1211 4194 1252 4243 Γ
1351 4193 1421 4247 20
1442 4193 1581 4249 dixit
1599 4193 1687 4249 ΘΙ
1694 4194 1744 4249 b
1888 4196 2165 4251 fundenda
2184 4196 2230 4249 ζ
2327 4198 2392 4249 21
2417 4196 2659 4267 6633111Ρ

347 4305 738 4371 adsumendum
763 4306 817 4362 G
986 4308 1042 4361 in
1079 4309 1235 4379 signo
1273 4326 1375 4365 om.
1420 4306 1714 4365 GTCSVb
1841 4311 1910 4364 27
1950 4311 2199 4381 sequenti
2228 4310 2291 4377 P,
2332 4314 2383 4377 (e
2424 4312 2487 4365 in
2524 4312 2543 4364 1
2579 4328 2653 4365 m.

337 4410 430 4463 pr.
451 4398 610 4456 corr.)
637 4396 688 4452 G
834 4400 1094 4466 sequente
1124 4414 1216 4451 eos
1237 4397 1268 4451 b
1382 4398 1452 4452 28
1483 4406 1623 4469 aqua
1654 4400 1817 4469 (airy.
1846 4416 1915 4453 m.
1944 4416 2047 4454 rec.
2079 4400 2238 4467 add.)
2262 4400 2315 4453 P
2410 4416 2585 4453 eremo
2610 4398 2659 4455 S
