3159 4984
883 483 973 536 VI.
1022 482 1311 538 Contra
1369 484 1745 538 Faustum
1800 485 1925 538 lib.
1982 485 2154 538 XXII.
2518 487 2646 551 683

345 678 690 742 aduersum
729 676 1105 741 clementiae
1145 677 1460 756 ueritatis,
1503 679 1657 761 quid
1694 679 2025 744 inimicum
2062 680 2206 744 fidei
2250 679 2650 754 christianae,

345 784 406 849 si
447 783 744 848 meretrix
791 784 1018 850 relicta
1063 784 1479 850 fornicatione
1525 785 1592 850 in
1640 788 1892 851 castum
1941 788 2311 871 coniugium
2369 807 2649 852 commu·

342 893 570 956 tetur?
630 893 696 954 et
745 891 898 973 quid
944 895 1078 954 tam
1123 892 1548 976 incongruum
1597 896 1663 957 et
1706 892 1983 958 alienum
2032 913 2067 957 a
2114 894 2237 958 fide
2282 893 2649 977 prophetae,

346 1017 536 1080 quam
587 998 642 1061 si
692 1017 814 1063 non
865 998 1146 1063 crederet
1203 1001 1419 1064 omnia
1473 1003 1740 1081 peccata
1792 1000 2129 1083 inpudicae
2186 1000 2453 1066 dimissa
2507 1018 2647 1064 esse

285 1129 313 1170 5
345 1106 410 1169 in
448 1106 682 1170 melius
722 1109 1154 1171 commutatae
1177 1111 1207 1170 ⁴?
1255 1107 1471 1190 itaque
1521 1127 1667 1171 cum
1715 1107 2115 1172 meretricem
2150 1107 2461 1191 propheta.
2498 1106 2650 1171 fecit

341 1233 622 1292 uxorem,
674 1216 739 1277 et
803 1213 883 1277 ad
937 1213 1140 1277 uitam
1199 1213 1637 1297 corrigendam
1691 1214 1945 1278 mulieri
2002 1214 2370 1281 consultum
2429 1216 2530 1278 est
2585 1217 2650 1277 et

345 1319 586 1405 figurae
637 1323 1128 1395 sacramentum,
1180 1320 1256 1384 de
1307 1339 1432 1401 quo
1481 1340 1629 1385 mox
1674 1321 2033 1402 loquemur,
2080 1340 2467 1403 expressum.
2536 1320 2647 1384 sed

345 1428 488 1510 quis
553 1446 678 1492 non
746 1428 994 1503 uideat,
1063 1427 1126 1492 in
1193 1428 1315 1492 hoc
1379 1428 1548 1493 facto
1618 1429 1773 1511 quid
1844 1429 2063 1512 potius
2127 1429 2647 1493 Manichaeorum

344 1533 620 1599 offendat
659 1554 932 1599 errorem
955 1538 984 1598 Ρ
1034 1534 1304 1603 scilicet,
1349 1535 1498 1617 quia
1534 1536 1745 1600 solent
1782 1535 1927 1599 dare
1968 1555 2221 1618 operam
2258 1535 2644 1612 meretriceS,

249 1661 308 1698 ιο
346 1661 425 1706 ne
483 1640 782 1725 grauidae
840 1642 1013 1706 fiant.
1082 1641 1344 1725 proinde
1401 1642 1546 1706 istis
1603 1642 1939 1707 fornicaria
1998 1641 2207 1726 magis
2271 1661 2646 1725 permanens

341 1748 655 1832 placebat,
702 1750 780 1811 ut
825 1747 1017 1812 deum
1063 1749 1350 1832 ipsorum
1399 1768 1522 1812 non
1568 1748 1817 1832 ligaret,
1866 1767 2055 1831 quam
2092 1749 2284 1813 unius
2322 1748 2444 1824 uiri
2480 1748 2645 1812 facta

339 1873 496 1920 uxor
537 1857 616 1919 ut
657 1858 926 1939 pareret.

431 1963 536 2025 81.
612 1961 710 2026 De
776 1960 1114 2026 Salomone
1181 1963 1398 2025 autem
1465 1959 1621 2043 quid
1686 1960 1922 2038 dicam,
1984 1960 2111 2025 nisi
2173 1961 2320 2044 quia
2385 1962 2646 2045 grauius

337 2069 542 2152 ipsius
581 2069 792 2134 fidelis
831 2072 897 2133 et
934 2073 1190 2135 sanctae
1230 2069 1585 2151 scripturae
1622 2067 1993 2133 testimonio
2022 2067 2431 2152 redarguitur
2458 2087 2647 2149 quam

257 2192 312 2231 1⁶
336 2175 778 2258 petulantibus
828 2180 894 2239 et
937 2175 1296 2260 nugacibus
1341 2173 1569 2238 Fausti
1617 2173 1978 2240 conuiciis?
2032 2173 2147 2238 illa
2192 2174 2360 2238 enim
2409 2173 2485 2238 de
2532 2174 2644 2240 illo

339 2285 404 2345 et
450 2281 602 2364 quid
647 2281 799 2348 boni
844 2283 1021 2365 prius
1077 2280 1416 2346 habuisset
1469 2284 1534 2345 et
1592 2279 1747 2363 quid
1801 2280 1957 2344 mali
2028 2279 2318 2347 faciendo
2378 2282 2643 2359 bonum,

336 2388 401 2452 in
451 2409 574 2471 quo
622 2389 899 2472 primum
946 2389 1176 2466 fuerat,
1215 2388 1607 2470 reliquisset,
1646 2387 1961 2452 ueraciter
1995 2387 2395 2470 fideliterque
2430 2388 2649 2452 locuta

339 2497 473 2569 est;
539 2495 666 2558 iste
725 2497 941 2559 autem
1000 2493 1206 2559 oculis
1265 2493 1505 2558 clausis
1561 2493 1671 2557 uel
1723 2494 1941 2576 potius
1996 2493 2289 2558 extinctis
2346 2513 2471 2558 non
2519 2513 2643 2576 quo

335 2601 577 2665 lumine
643 2601 1092 2665 manifestante
1161 2598 1539 2674 ducebatur,
1606 2599 1770 2678 ibat,
1838 2598 1951 2664 sed
2018 2619 2141 2682 quo
2206 2599 2647 2664 maliuolentia

245 2723 300 2762 πο
335 2707 794 2790 praecipitante
830 2707 1170 2784 ferebatur,
1209 2706 1526 2771 inruebat.
1575 2705 1699 2770 hoc
1734 2705 1875 2788 ipso
1915 2706 2082 2769 enim
2118 2706 2325 2789 magis
2361 2706 2641 2770 insinua-

339 2817 570 2879 uerunt
633 2814 841 2878 sancti
904 2813 1055 2877 libri
1119 2811 1440 2895 religiosis
1505 2811 1859 2877 lectoribus
1925 2815 1992 2876 et
2054 2812 2437 2878 electoribus
2484 2812 2640 2890 suis,

340 2941 530 3004 quam
569 2924 745 2986 caste
783 2920 1120 2984 habuerint
1158 2918 1365 2984 sancti
1401 2919 1526 2983 uiri
1559 2918 1777 3000 plures
1814 2938 2039 2984 uxores
2064 2971 2078 2998 ,
2119 2918 2291 3002 quod
2319 2917 2639 2996 Salomon,

337 3027 445 3110 qui
496 3047 602 3092 eas
649 3047 776 3092 non
821 3028 935 3092 illo
982 3026 1196 3105 mode,
1247 3024 1362 3090 sed
1407 3024 1617 3108 magis
1664 3024 1744 3088 ad
1788 3025 2120 3090 libidinem
2158 3044 2346 3108 quam
2384 3025 2465 3089 ad
2500 3045 2640 3107 pro-

339 3135 636 3219 paginem
685 3134 932 3200 habuit.
988 3132 1362 3216 inprobatus
1412 3134 1510 3196 est
1559 3134 1625 3195 et
1666 3131 2089 3215 reprehensus
2135 3132 2236 3196 his
2284 3132 2519 3212 uerbiS,
2566 3134 2641 3195 ut

249 3257 302 3296 25
337 3241 763 3324 appellaretur
799 3243 1044 3305 amator
1076 3239 1420 3304 mulierum
1459 3242 1525 3302 et
1568 3239 1716 3303 inde
1766 3239 1845 3302 ad
1880 3239 2269 3322 profundum
2305 3239 2639 3305 idolatriae

333 3347 553 3429 lapsus
610 3350 800 3429 atque
858 3345 1188 3410 demersus
1246 3344 1466 3410 eadem
1524 3345 1797 3410 ueritate
1852 3365 2187 3429 personam
2246 3346 2490 3411 nullius
2540 3365 2637 3411 ac-

339 3456 631 3536 ceptante
677 3453 1069 3536 proderetur.

423 3561 526 3624 32.
575 3561 762 3624 Nunc
813 3579 962 3644 ergo
1010 3559 1140 3624 iam
1187 3560 1593 3643 pertractatis
1639 3559 1928 3642 personis
1976 3558 2293 3636 omnibus,
2332 3578 2444 3641 per
2480 3577 2635 3639 quas

328 3666 611 3730 Faustus
659 3666 919 3748 putauit
965 3666 1314 3748 scripturas
1362 3665 1601 3730 ueteris
1648 3664 2019 3728 testamenti
2066 3683 2206 3728 esse
2268 3663 2634 3744 culpandas,

511 3881 578 3933 18
617 3880 682 3934 cs.
706 3880 790 3933 ῘΠ
827 3881 960 3950 Reg.
998 3881 1066 3944 3;
1111 3883 1210 3944 113
1251 3880 1394 3934 Eccl.
1432 3881 1502 3933 47

402 4052 431 4103 1
472 4048 804 4103 clementias*
842 4048 895 4101 L
1038 4047 1328 4102 christiane
1372 4049 1418 4102 L
1546 4051 1581 4100 4
1620 4048 1875 4119 inpudice
1913 4048 1966 4102 L
2093 4050 2126 4103 5
2166 4051 2499 4102 commutate
2534 4047 2637 4104 LO

329 4138 360 4191 7
398 4139 743 4208 loqueremur
778 4137 878 4191 SG
969 4137 1002 4191 8
1039 4137 1440 4190 manicheorum
1478 4138 1579 4192 LC
1672 4139 1739 4193 10
1778 4137 2003 4207 grauide
2040 4136 2149 4191 LG
2256 4137 2322 4190 14
2360 4142 2544 4192 sancte
2582 4139 2634 4190 L

328 4229 396 4281 15
453 4227 708 4280 conuitiis
760 4226 808 4280 Ο
985 4225 1050 4278 17
1107 4226 1458 4295 relinquisset
1517 4225 1695 4281 SGM
1742 4225 2094 4296 relinquisset
2150 4227 2289 4297 (exp.
2344 4243 2415 4280 m.
2471 4225 2525 4294 2)
2578 4225 2635 4280 L

325 4315 396 4370 20
432 4315 831 4370 insinuauerint
873 4315 920 4368 C
1095 4317 1165 4368 24
1203 4315 1502 4385 rephensus
1545 4317 1593 4368 L
1765 4316 1835 4368 26
1873 4316 2162 4386 ueritatem
2203 4319 2344 4384 (exp.
2382 4332 2449 4368 m.
2489 4317 2541 4384 2)
2580 4315 2633 4369 L

326 4403 536 4473 accepit
572 4407 698 4458 ante
736 4404 789 4457 L
899 4404 966 4458 28
1005 4404 1355 4474 pertractatis
1397 4409 1478 4470 (ea
1516 4421 1557 4459 ε.
1600 4406 1636 4459 l.
1675 4422 1710 4458 a
1749 4421 1817 4459 m.
1856 4409 1909 4470 1)
1956 4405 2003 4457 C
