3159 4984
377 497 560 558 ‚654
1143 493 1194 546 S.
1250 493 1526 547 Aureli
1579 493 2015 562 Augustini

431 687 544 750 sed
587 687 771 770 plane
822 691 896 750 ut
943 688 1103 752 hanc
1151 707 1367 752 curam
1417 687 1790 771 suscipiant,
1829 689 1897 751 ui
1937 690 2267 772 coguntur.
2318 688 2475 752 satis
2515 691 2581 750 et
2616 686 2747 751 hoc

430 793 859 878 significatum
911 796 1029 870 est,
1080 793 1248 876 quod
1297 813 1442 858 cum
1489 794 1739 859 ueniret
1786 795 1863 859 de
1911 813 2062 878 agro
2098 794 2310 864 Iacob,
2358 792 2633 858 occurrit
2684 793 2747 856 ei

428 901 542 964 Lia
588 919 860 983 eumque
911 900 1202 965 detinens
1250 900 1376 964 ait:
1444 900 1532 964 ad
1586 919 1701 964 me
1756 900 2115 976 intrabis;
2174 899 2496 965 conduxi
2542 899 2745 963 enirn

428 1009 501 1070 te
547 1027 678 1090 pro
727 1007 1259 1092 mandragoris
1307 1007 1462 1071 filii
1499 1007 1668 1084 mei,
1706 1010 2034 1088 tamquam
2073 1007 2345 1071 diceret:
2396 1005 2745 1070 doctrinae.

431 1132 619 1195 quam
685 1115 920 1198 diligis,
987 1114 1089 1180 uis
1153 1113 1418 1179 conferri
1481 1115 1714 1179 bonam
1776 1113 2187 1198 opinionem?
2254 1112 2385 1178 noli
2441 1111 2749 1196 defugere
2832 1135 2867 1172 .-·›

430 1204 788 1287 officiosum
836 1221 1141 1288 laborem.
1191 1221 1348 1286 haec
1393 1221 1459 1286 in
1508 1221 1781 1286 ecclesia
1830 1221 1985 1305 geri,
2036 1219 2324 1302 quisquis
2372 1217 2749 1285 aduerterit.

431 1326 650 1391 cernit.
722 1328 1077 1410 experimur
1139 1328 1202 1392 in
1270 1327 1596 1411 exemplis,
1662 1327 1833 1409 quod
1896 1327 2350 1411 intellegamus
2414 1327 2477 1388 in
2535 1324 2744 1389 libris.

430 1433 572 1515 quis
637 1453 759 1500 non
828 1435 1046 1500 uideat
1103 1436 1223 1500 hoc
1281 1435 1417 1519 geri
1471 1438 1609 1501 toto
1671 1435 1819 1501 orbe
1876 1439 2206 1512 terrarum,
2254 1433 2471 1499 uenire
2519 1449 2748 1496 omnes

431 1559 502 1604 ex
550 1541 846 1624 operibus
897 1542 1140 1606 saeculi
1188 1545 1252 1607 et
1295 1541 1385 1606 ire
1433 1541 1498 1606 in
1548 1542 1751 1607 otium
1809 1541 2283 1627 cognoscendae
2340 1544 2406 1606 et
2460 1540 2749 1604 contem-

426 1646 693 1730 plandae
740 1649 1034 1713 ueritatis
1080 1652 1406 1732 tamquam
1451 1649 1517 1713 in
1563 1650 1923 1732 amplexum
1974 1648 2247 1724 Rache1;
2298 1651 2364 1712 et
2409 1645 2610 1728 excipi
2656 1644 2741 1708 de
2794 1667 2859 1704 ιο

425 1755 709 1819 trauerso
777 1755 1217 1820 ecclesiastica
1279 1755 1665 1821 necessitate
1734 1759 1925 1838 atque
1990 1754 2265 1820 ordinari
2326 1754 2391 1818 in
2454 1754 2747 1818 laborem

426 1863 754 1944 tamquam
793 1860 907 1925 Lia
957 1861 1244 1926 dicente:
1293 1861 1381 1926 ad
1425 1881 1538 1926 me
1585 1862 1955 1926 intrabis?
2002 1861 2234 1944 quibus
2282 1863 2454 1925 caste
2500 1861 2747 1942 myste-

427 1963 592 2028 rium
673 1965 776 2031 dei
851 1967 1406 2049 dispensantibus,
1473 1970 1546 2032 ut
1613 1968 1678 2031 in
1744 1970 1930 2033 nocte
2006 1966 2198 2032 huius
2266 1966 2507 2032 saeculi
2566 1965 2747 2030 filios

430 2075 729 2154 generent
775 2072 948 2150 fidei,
997 2073 1298 2138 laudatur
1343 2093 1380 2136 a
1423 2074 1681 2157 populis
1732 2074 1923 2138 etiam
1960 2074 2073 2137 illa
2108 2073 2265 2138 uita.
2306 2072 2489 2137 cuius
2526 2090 2747 2136 amore

429 2179 717 2244 conuersi
767 2198 945 2262 spem
993 2181 1236 2246 saeculi
1279 2180 1695 2263 reliquerunt,
1756 2183 1821 2244 et
1869 2200 1941 2245 ex
1988 2179 2173 2246 cuius
2217 2179 2607 2263 professione
2658 2177 2749 2242 ad
2784 2202 2851 2240 ιε»

427 2282 924 2349 misericordiam
971 2286 1280 2370 regendae
1328 2286 1534 2370 plebis
1586 2287 1914 2370 adsumpti
1962 2288 2133 2354 sunt.
2188 2286 2256 2350 id
2311 2285 2479 2350 enim
2540 2287 2749 2368 agunt

427 2388 491 2452 in
542 2391 836 2456 omnibus
883 2392 1210 2458 laboribus
1258 2392 1414 2472 suis,
1463 2395 1538 2458 ut
1581 2393 1697 2456 illa
1753 2391 2086 2476 professio,
2145 2411 2270 2475 quo
2346 2409 2414 2457 se
2480 2409 2746 2455 conuer-

426 2498 653 2576 terant,
695 2498 844 2580 quia
880 2499 1042 2563 tales
1080 2501 1356 2565 rectores
1403 2499 1661 2583 populis
1710 2499 1906 2578 dedit,
1944 2498 2139 2564 latius
2178 2501 2244 2563 et
2280 2497 2511 2564 clarius
2548 2496 2747 2580 glori-

427 2601 671 2683 ficetur,
725 2607 1045 2686 tamquam
1083 2605 1274 2670 Iacob
1321 2624 1447 2671 non
1493 2608 1833 2670 recusante
1880 2607 2131 2670 noctem
2171 2604 2341 2682 Liae‚
2392 2609 2467 2668 ut
2500 2603 2747 2668 Rachel

427 2707 634 2790 pomis
683 2711 1209 2776 suaueolentibus
1271 2713 1338 2775 et
1392 2711 1557 2776 clare
1616 2711 1969 2776 nitentibus
2026 2711 2346 2794 potiatur:
2413 2729 2571 2792 quae
2628 2710 2743 2774 ali·
2782 2735 2849 2774 ευ

431 2815 679 2897 quando
730 2818 794 2880 et
840 2816 980 2899 ipsa
1025 2821 1386 2900 praestante
1433 2817 1872 2882 misericordia
1916 2817 2019 2882 dei
2056 2835 2167 2900 per
2205 2835 2273 2881 se
2310 2817 2515 2900 ipsam
2551 2808 2745 2899 parit,

429 2922 534 2985 uix
597 2923 854 2988 tandem
921 2923 1201 3006 quidem,
1269 2925 1418 3007 quia
1484 2943 1810 3008 perrarum
1879 2925 1998 3001 est,
2056 2925 2131 2987 ut
2194 2923 2302 2998 „in
2358 2921 2745 3006 principio

432 3031 592 3091 erat
639 3030 954 3093 uerbum
1002 3033 1077 3094 et
1119 3029 1433 3094 uerbum
1482 3034 1644 3095 erat
1690 3031 1885 3114 apud
1933 3029 2150 3094 deum
2206 3031 2281 3093 et
2337 3028 2519 3093 deus
2577 3033 2747 3092 erat

430 3135 779 3198 uerbum“
836 3137 902 3199 et
948 3135 1253 3218 quicquid
1297 3136 1376 3201 de
1421 3137 1540 3202 hac
1574 3156 1643 3201 re
1682 3136 1785 3220 pie
1826 3135 2268 3218 sapienterque
2306 3134 2557 3213 dicitur,
2598 3133 2741 3198 sine

429 3238 875 3322 phantasmate
944 3242 1212 3306 carnalis
1279 3241 1688 3326 cogitationis
1756 3245 1823 3307 et
1878 3241 2217 3306 salubriter
2273 3241 2379 3305 uel
2434 3259 2507 3305 ex
2560 3243 2747 3323 parte
2784 3271 2849 3311 ιε»

433 3347 734 3427 capiatur.

521 3453 624 3516 59.
676 3452 848 3516 Haec
896 3451 974 3517 de
1019 3452 1225 3518 tribus
1272 3452 1580 3536 patribus,
1621 3452 1963 3530 Abraham,
2004 3453 2185 3518 Isaac
2226 3456 2294 3518 et
2329 3452 2541 3530 Iacob,
2582 3471 2741 3534 quo·

610 3641 644 3694 3
682 3641 818 3698 Gen.
855 3643 942 3710 30,
985 3644 1051 3697 14
1087 3659 1204 3714 sqq.
1314 3643 1386 3697 22
1419 3642 1538 3698 Ioh.
1580 3645 1628 3708 1,
1668 3646 1697 3698 1

509 3785 534 3837 1
575 3784 725 3840 satiS.
761 3783 836 3838 Et
868 3783 971 3838 hoc
1009 3785 1041 3838 b
1212 3786 1246 3840 5
1283 3785 1546 3855 diffugere
1591 3785 1639 3839 0
1844 3787 1877 3839 6
1916 3785 2161 3856 quisquis
2198 3785 2315 3856 (alt.
2356 3785 2477 3855 quis
2514 3801 2559 3839 ε.
2598 3785 2659 3850 Ζ.)
2697 3783 2753 3839 S

435 3873 468 3927 8
512 3873 614 3928 hoc
662 3872 870 3944 geritur
914 3877 1033 3927 toto
1080 3873 1197 3928 orbi
1241 3874 1330 3928 Pb
1509 3875 1536 3928 ἃ
1578 3873 1827 3928 homines
1880 3873 1929 3928 G
2103 3876 2137 3930 9
2184 3873 2265 3944 ex]
2313 3872 2382 3928 ab
2435 3871 2747 3928 GPSGMb

438 3962 502 4017 10
540 3959 598 4016 et
631 3979 736 4017 om.
773 3962 806 4016 b
917 3963 983 4016 11
1023 3965 1329 4018 &ansuerso
1369 3962 1440 4015 M
1583 3961 2037 4033 atque—dicente
2074 3981 2177 4019 om.
2221 3963 2325 4019 SG‘
2466 3960 2651 4017 labore
2688 3961 2749 4016 L

435 4053 504 4106 14
541 4053 804 4122 generant
840 4049 873 4103 b
1043 4057 1176 4120 post
1203 4067 1324 4121 gen.
1352 4051 1586 4106 habetur
1611 4053 1675 4106 in
1708 4053 1756 4108 C
1778 4048 1843 4119 ut),
1870 4052 1981 4107 diei
2160 4053 2323 4107 etiam
2352 4053 2407 4120 (e
2432 4053 2497 4106 in
2521 4053 2661 4119 ras.)
2698 4051 2755 4106 C’

436 4141 648 4196 etiams.
701 4139 754 4192 L
899 4139 954 4193 in
1008 4139 1107 4193 illa
1153 4137 1358 4194 SGMb
1473 4142 1536 4194 15
1595 4140 1683 4212 ad]
1740 4147 1798 4196 et
1844 4143 1876 4196 b
1985 4143 2055 4196 16
2092 4141 2269 4212 plenis
2304 4139 2397 4193 M*
2452 4139 2671 4210 plebem
2708 4141 2747 4195 b

440 4230 502 4283 19
556 4231 838 4282 recusante
894 4225 1030 4282 SGb
1081 4234 1418 4299 recusantem
1475 4233 1615 4298 (exp.
1662 4247 1733 4290 m.
1782 4233 1842 4298 2)
1886 4229 2017 4285 LM
2062 4233 2137 4298 (m
2186 4233 2282 4298 er.)
2466 4228 2535 4282 20
2570 4245 2751 4284 suane

437 4317 707 4370 olentibus
745 4315 884 4370 Lob
1029 4315 1209 4386 potiai·
1249 4319 1338 4384 (ιν
1377 4333 1446 4372 m.
1485 4321 1526 4372 2
1561 4318 1719 4386 add.)
1758 4317 1813 4372 L
1924 4319 1987 4373 21
2026 4321 2305 4390 prestante
2343 4318 2393 4372 G
2494 4316 2567 4370 24
2594 4319 2747 4388 sapi-

438 4409 590 4460 enter
627 4420 731 4476 que
775 4403 824 4457 0
964 4403 1100 4458 dicii
1139 4411 1224 4468 (Ν
1265 4404 1396 4460 add.
1435 4422 1504 4460 m.
1543 4407 1603 4474 2)
1641 4405 1695 4459 L
1802 4407 1875 4461 25
1913 4407 2325 4478 phantasmatae
2361 4406 2416 4461 L
