3159 4984
456 470 585 531 314
1164 467 1215 519 S.
1272 466 1551 519 Aureli
1606 465 2045 535 Augustini

453 660 743 737 facimus,
794 662 849 726 si
896 680 1128 726 nouam
1194 662 1259 725 et
1322 660 1650 725 meliorem
1714 659 1900 723 Pauli
1953 662 2244 724 tenentes
2292 660 2750 725 confessionem

454 772 733 832 ueterem
780 767 959 831 illam
1006 787 1078 831 ac
1126 766 1497 831 deteriorem
1564 766 1961 849 proicimus?
2026 770 2138 830 aut
2195 766 2248 830 si
2295 766 2481 831 uobis
2529 786 2750 831 secun-

455 874 606 939 dum
654 873 822 957 quod
869 874 947 938 ad
993 874 1327 941 Romanos
1358 874 1580 937 scribit
1627 872 1876 938 credere
1943 872 2113 938 cordi
2163 876 2279 950 est,
2329 873 2510 939 nobis
2559 892 2748 955 quare

453 980 699 1046 licitum
766 1000 889 1045 non
956 980 1043 1045 sit
1102 980 1449 1045 secundum
1502 980 1670 1061 quod
1717 979 1797 1043 ad
1865 978 2225 1045 Corinthios
2276 979 2750 1063 dogmatizare?

455 1088 745 1168 quamuis
796 1090 859 1151 et
904 1088 1024 1151 hoc
1064 1086 1143 1151 ad
1182 1087 1479 1151 duritiam
1520 1088 1798 1151 uestram
1836 1087 1928 1149 ita
1973 1085 2422 1168 responderim.
2470 1086 2748 1168 alioquin
2812 1112 2842 1149 5

454 1193 621 1258 absit
666 1195 1027 1277 apostolum
1092 1193 1212 1269 dei,
1262 1193 1431 1275 quod
1498 1192 1878 1267 aedificauit,
1928 1212 2232 1275 umquam
2281 1192 2623 1262 destruere.
2673 1212 2748 1257 ne

454 1320 521 1365 se
568 1300 703 1383 ipse
750 1300 1315 1382 praeuaricatorem
1364 1300 1730 1366 constituat.
1771 1303 1845 1364 ut
1892 1302 2286 1364 contestatus
2335 1303 2452 1364 est.
2501 1318 2749 1364 uerum-

452 1411 663 1472 tamen
729 1408 785 1471 si
848 1407 985 1472 eius
1052 1410 1151 1471 est
1213 1406 1382 1488 prior
1443 1407 1556 1470 illa
1621 1407 1953 1482 sententia,
2003 1426 2169 1471 nunc
2237 1406 2566 1471 emendata
2614 1409 2747 1479 est3

454 1514 549 1577 sin
596 1514 692 1577 fas
740 1532 863 1578 non
913 1516 1013 1577 est
1047 1514 1319 1576 Paulum
1354 1512 1826 1577 inemendatum
1879 1512 2107 1578 dixisse
2148 1512 2386 1595 aliquid
2425 1532 2748 1594 umquam,

451 1619 655 1703 ipsius
702 1639 827 1684 non
876 1624 992 1683 est.
2790 1646 2848 1681 ιο

544 1728 604 1792 2.
653 1727 1119 1795 AUGITSTINUS
1166 1726 1530 1806 respondit:
1597 1726 1737 1791 Hoc
1787 1729 1904 1791 est.
1956 1727 2125 1808 quod
2171 1727 2360 1808 paulo
2409 1728 2553 1789 ante
2603 1725 2745 1792 dixi.

454 1832 601 1913 quia
646 1832 757 1896 ubi
820 1832 913 1896 sic
976 1832 1312 1897 manifesta
1356 1832 1624 1896 ueritate
1687 1832 1798 1897 isti
1860 1832 2318 1916 praefocantur,
2385 1836 2458 1896 ut
2505 1832 2751 1897 obsessi

454 1938 747 2002 dilucidis
812 1937 1023 2002 uerbis
1091 1942 1451 2003 sanctarum
1517 1939 1972 2021 scripturarum
2040 1940 2274 2003 exitum
2323 1940 2384 2003 in
2435 1939 2526 2003 eis
2573 1939 2749 2003 falla-

454 2045 585 2109 ciae
635 2064 785 2109 suae
834 2046 1099 2128 reperire
1140 2064 1260 2109 non
1309 2045 1575 2128 possint,
1615 2044 1681 2108 id
1727 2046 2186 2111 testimonium.
2217 2046 2387 2127 quod
2431 2047 2750 2129 prolatum

453 2155 569 2217 est.
618 2151 851 2215 falsum
901 2170 1040 2215 esse
1107 2151 1505 2233 respondent.
1558 2172 1593 2216 o
1643 2170 1870 2216 uocem
1927 2172 1965 2215 a
2009 2152 2276 2216 ueritate
2326 2152 2636 2236 fugacem,
2684 2154 2746 2217 in
2791 2178 2846 2216 15

451 2258 727 2321 amentia
771 2258 1192 2340 pertinacem!
1243 2276 1445 2339 usque
1510 2257 1667 2321 adeo
1725 2258 1966 2321 inuicta
2013 2261 2181 2333 sunt,
2233 2278 2393 2339 quae
2440 2259 2745 2324 aduersus

451 2382 567 2428 uos
617 2363 692 2427 de
741 2363 972 2429 diuinis
1040 2363 1365 2428 codicibus
1421 2363 1843 2445 proferuntur,
1892 2368 1965 2428 ut
2031 2384 2154 2429 non
2205 2366 2290 2429 sit
2337 2366 2528 2441 aliud,
2579 2365 2748 2448 quod

450 2470 675 2534 dicatis
725 2470 845 2535 nisi
894 2489 998 2535 eos
1047 2490 1187 2535 esse
1250 2470 1534 2535 falsatos.
1597 2489 1754 2551 quae
1805 2472 2148 2536 auctoritas
2196 2472 2554 2535 litterarum
2603 2492 2747 2555 ape-

448 2576 574 2642 riri.
655 2577 762 2658 qui
836 2596 1012 2641 sacer
1082 2578 1245 2641 liber
1322 2576 1557 2651 euolui‚
1636 2577 1803 2659 quod
1881 2577 2330 2641 documentum
2407 2578 2747 2643 cuiuslibet

450 2683 799 2765 scripturae
840 2683 916 2747 ad
984 2682 1449 2747 conuincendos
1518 2701 1757 2747 errores
1825 2684 1990 2747 exeri
2037 2687 2269 2766 potest.
2321 2684 2376 2749 si
2423 2684 2579 2748 haec
2625 2704 2746 2749 uox
2786 2715 2846 2751 ευ

448 2789 825 2865 admittitur,
896 2788 950 2853 si
1018 2787 1289 2852 alicuius
1354 2788 1649 2870 ponderis
1717 2789 2141 2855 aestimatur?
2207 2790 2378 2853 aliud
2429 2795 2527 2855 est
2571 2792 2745 2873 ipsos

446 2895 640 2961 libros
698 2916 818 2961 non
886 2897 1165 2978 accipere
1232 2900 1296 2960 et
1360 2895 1535 2959 nullo
1605 2916 1820 2959 eorum
1896 2896 2152 2961 uinculo
2232 2897 2517 2966 detineri.
2579 2898 2746 2979 quod

446 3004 671 3086 pagani
737 3004 811 3067 de
879 3003 1169 3068 omnibus
1243 3003 1421 3067 libris
1496 3002 1753 3071 nostris,
1803 3003 1972 3085 quod
2037 3003 2253 3067 Iudaei
2313 3004 2388 3068 de
2438 3023 2605 3069 nouo
2655 3008 2744 3069 te-

447 3112 758 3174 stamento
799 3109 1059 3185 faciunt,
1101 3108 1268 3189 quod
1309 3107 1577 3189 denique
1625 3127 1739 3172 nos
1787 3107 1911 3190 ipsi
1960 3108 2034 3172 de
2084 3110 2316 3173 uestris
2367 3112 2431 3173 et
2479 3110 2744 3175 aliorum

442 3213 918 3288 haereticorum,
988 3214 1042 3277 si
1107 3233 1265 3295 quos
1332 3232 1483 3278 suos
1550 3218 1616 3277 et
1679 3214 1962 3297 proprios
2031 3215 2282 3290 habent,
2333 3218 2436 3279 uel
2497 3217 2572 3281 de
2621 3217 2741 3281 his.
2787 3248 2844 3287 :35

446 3319 553 3400 qui
601 3320 996 3402 appellantur
1044 3319 1383 3403 apocryphi
1422 3356 1507 3367 —
1548 3339 1669 3384 non
1720 3320 1887 3401 quod
1935 3321 2205 3385 habendi
2255 3322 2384 3385 sint
2429 3322 2490 3386 in
2533 3324 2738 3404 aliqua

627 3530 655 3581 ’ἰ
696 3529 762 3581 cf.
806 3528 921 3583 Gal.
963 3530 1011 3583 2.
1060 3531 1123 3581 1⁵

524 3670 541 3721 l
587 3672 835 3723 tenentes
877 3675 1039 3736 (po-t.
1082 3684 1145 3721 en
1185 3684 1228 3721 8.
1272 3670 1328 3726 l.)
1386 3670 1432 3723 G
1562 3671 1596 3721 2
1643 3670 1966 3738 proiecimus
2021 3672 2068 3725 C
2199 3673 2230 3723 3
2282 3672 2446 3741 cordi]
2505 3673 2646 3727 credi
2695 3672 2742 3723 Ι,

447 3758 479 3807 5
518 3757 891 3827 responderem
930 3758 981 3810 L
1091 3762 1123 3811 >3
1162 3762 1215 3811 et
1253 3759 1398 3827 prior
1440 3758 1519 3811 Cb
1667 3776 1806 3813 nunc
1846 3761 1985 3829 (exp.
2027 3780 2092 3815 m.
2133 3767 2162 3814 1
2191 3768 2239 3815 et
2275 3762 2329 3814 in
2369 3771 2659 3829 super-scr.)
2689 3762 2742 3815 L

448 3848 509 3899 11
534 3864 655 3913 cap.
678 3845 857 3898 XXIII
880 3845 1153 3898 LPSJIG
1300 3846 1597 3913 Agustinus
1619 3846 1670 3898 L
1787 3850 1846 3899 12
1878 3849 2110 3901 obsssessi
2143 3854 2188 3901 (s
2219 3857 2311 3915 er.)
2341 3851 2388 3903 C
2496 3852 2559 3903 13
2589 3850 2742 3904 delu-

448 3934 581 3987 cislis
623 3934 719 3987 SG
864 3934 1078 3986 fallacie
1119 3932 1239 3985 LJI
1278 3933 1483 3985 fallatie
1520 3932 1571 3986 G
1687 3938 1748 3987 14
1788 3938 2055 4005 repperire
2087 3938 2304 3992 LSJIG
2427 3942 2482 3992 15
2523 3956 2740 4009 respon-

445 4024 611 4077 deant
647 4036 700 4085 (η
740 4042 803 4075 m.
844 4022 875 4074 2
914 4025 1203 4089 super-scr.)
1245 4022 1343 4073 SG
1458 4022 1521 4073 16
1552 4022 1686 4075 adea
1725 4024 1774 4075 L
1891 4026 1952 4078 18
1991 4044 2128 4095 quae
2166 4028 2272 4079 iam
2309 4028 2356 4079 (Ι
2497 4029 2670 4098 aporii
2712 4030 2746 4081 l»

446 4113 512 4165 19
541 4116 596 4165 et
626 4112 744 4180 quis
776 4112 805 4163 b
836 4112 955 4179 quis
990 4112 1037 4163 C
1185 4110 1323 4162 liber
1354 4109 1407 4166 (b
1449 4126 1513 4162 ez:
1544 4121 1597 4174 u)
1635 4112 1699 4163 M
1841 4112 2007 4167 libere
2040 4115 2188 4168 uolui
2219 4116 2270 4168 L
2301 4116 2467 4186 libere
2499 4118 2648 4170 uolui
2679 4118 2744 4169 S*

443 4200 512 4253 20
540 4200 813 4271 scriptoris
850 4200 896 4253 (J
1073 4196 1427 4251 couiucendos
1464 4200 1511 4251 (Ι
1615 4201 1674 4251 21
1713 4203 2041 4256 anuuittitur
2069 4204 2200 4257 LG1
2377 4206 2664 4259 extimatur
2691 4206 2744 4259 L

444 4290 512 4342 24
569 4290 665 4343 dec
721 4290 882 4342 eteris
922 4288 984 4341 8¹
1044 4287 1110 4341 de
1168 4288 1356 4341 usmis
1400 4287 1472 4339 G·
1585 4290 1652 4341 25
1691 4289 2050 4343 hereticorum
2096 4292 2192 4343 (JL
2319 4294 2387 4345 26
2427 4294 2642 4363 apocrifi
2685 4295 2744 4353 S.

446 4382 505 4445 (o
544 4394 587 4430 s.
630 4380 693 4445 l.)
730 4378 777 4431 (J
812 4378 1039 4447 apocryfi
1083 4376 1267 4429 LGJI
