3159 4984
994 484 1080 565 YI.
1122 485 1409 541 Contra
1464 486 1836 539 Faustum
1892 486 2024 540 lib.
2083 486 2228 539 XIII.
2637 491 2764 554 385
2875 533 2883 541 .

469 685 837 766 prolataque
886 682 1263 747 auctoritate
1309 682 1761 765 prophetarum
1812 682 1904 747 eis
1954 702 2022 747 se
2069 702 2193 747 non
2233 684 2484 748 credere
2524 685 2764 762 dixerit,

466 792 637 873 quod
684 791 783 855 illi
828 790 1104 867 Hebraei
1152 790 1299 863 sint,
1348 789 1484 872 ipse
1531 808 1858 873 paganus:
1929 789 2324 855 ostendimus
2382 790 2571 856 fidem
2625 811 2765 874 pro-

465 899 801 982 phetarum
842 918 915 963 ex
950 897 1073 973 his,
1104 915 1264 979 quae
1298 899 1568 960 uentura
1607 896 1974 961 cecinerunt
2011 899 2075 960 et
2109 898 2364 963 uenisse
2403 902 2762 963 cernuntur.

468 1006 652 1069 credo
701 1005 891 1083 enim,
942 1004 1111 1087 quod
1160 1022 1305 1067 eum
1353 1022 1477 1067 non
1524 1002 1776 1079 lateret,
1835 1007 2104 1086 quantas
2163 1024 2200 1066 a
2257 1004 2516 1089 regibus
2573 1006 2763 1071 huius

403 1137 429 1174 ,5
474 1112 711 1177 saeculi
756 1111 1232 1195 persecutiones
1278 1110 1456 1193 prius
1494 1109 1833 1193 pertulerit
1869 1110 2212 1175 christiana
2248 1109 2510 1195 religio;
2561 1116 2674 1175 aut
2710 1114 2764 1177 si

463 1219 709 1296 lateret,
739 1238 851 1302 per
877 1216 1081 1300 ipsam
1114 1216 1444 1281 historiam
1483 1216 1774 1300 gentium
1813 1219 1877 1280 et
1913 1216 2274 1301 imperiales
2311 1218 2492 1303 leges
2530 1220 2760 1285 litteris
2818 1238 2828 1249 ·

463 1326 931 1407 memoriaeque
978 1325 1308 1389 mandatas
1372 1324 1429 1388 ei
1476 1324 1664 1388 facile
1710 1324 2102 1406 probaretur.
2174 1326 2343 1407 quod
2381 1314 2537 1391 ‘cum
2583 1330 2759 1392 tanto

462 1436 607 1498 ante
671 1432 1066 1517 praedictum
1134 1450 1205 1495 ex
1269 1431 1577 1515 propheta
1647 1434 2063 1515 cognosceret
2129 1432 2415 1497 dicente:
2490 1434 2762 1516 utquid

462 1540 930 1603 fremuerunt
995 1541 1263 1621 gentes
1332 1540 1405 1601 et
1467 1538 1736 1620 populi
1801 1539 2155 1603 meditati
2223 1544 2400 1603 sunt
2461 1542 2758 1606 inania?

376 1668 429 1706 ιο
471 1645 888 1711 astiterunt
950 1664 1167 1729 reges
1233 1648 1479 1709 terrae
1538 1648 1612 1709 et
1666 1645 2052 1729 principes
2112 1651 2631 1712 conuenerunt
2684 1648 2758 1715 in

458 1772 682 1817 unum
711 1751 1081 1816 aduersus
1116 1752 1497 1817 dominum
1531 1754 1606 1815 et
1642 1751 2043 1817 aduersum
2067 1752 2454 1818 Christum
2487 1756 2758 1821 eius—

458 1878 615 1941 quae
683 1878 805 1923 non
874 1858 949 1922 de
1006 1858 1146 1941 ipso
1194 1858 1405 1923 Dauid
1462 1858 1666 1923 fuisse
1727 1858 1895 1923 dicta
1940 1859 2002 1923 in
2054 1859 2277 1924 eodem
2324 1860 2462 1945 ipso
2509 1864 2755 1946 psalmo

457 1965 640 2030 facile
707 1965 1001 2048 adparet;
1048 1964 1139 2029 ibi
1207 1965 1374 2029 enim
1443 1964 1677 2029 dicitur
1743 1966 1936 2029 etiam
2005 1966 2184 2043 illud,
2244 1968 2413 2050 quod
2467 1970 2755 2037 homines

457 2071 809 2153 quamlibet
833 2072 1378 2155 pertinacissimos
1417 2071 1559 2155 ipsa
1597 2091 1808 2137 rerum
1847 2056 2358 2141 manifestatione
2399 2078 2751 2143 confundit:

368 2198 421 2237 ιε
458 2178 803 2243 dominus
871 2178 1065 2243 dixit
1131 2179 1216 2242 ad
1282 2198 1423 2242 me:
1490 2178 1712 2243 filius
1771 2198 1979 2244 meus
2041 2200 2117 2245 es
2177 2185 2276 2257 tn,
2338 2202 2471 2266 ego
2531 2184 2752 2251 hodie

457 2286 681 2369 genui
720 2290 821 2362 te3
862 2285 1175 2369 postula
1204 2304 1377 2349 ame
1419 2288 1496 2351 e.t
1534 2285 1723 2351 dabo
1764 2286 1911 2349 tibi
1950 2289 2221 2370 gentes
2252 2288 2752 2356 hereditatem

454 2395 656 2457 tuam
696 2396 769 2458 et
806 2393 1377 2477 possessionem
1409 2396 1616 2457 tuam
1655 2393 2020 2458 terminos
2060 2388 2336 2460 terrae:
2378 2398 2546 2479 quo‘d
2577 2401 2750 2482 genti

451 2498 869 2577 Iudaeorum,
934 2500 999 2563 in
1071 2519 1197 2583 qua
1258 2500 1552 2583 regnauit
1617 2500 1864 2578 Dauid,
1943 2522 2066 2567 non
2135 2521 2275 2567 esse
2356 2523 2749 2584 concessum,

456 2603 690 2670 Christi
738 2611 953 2671 autem
1001 2607 1255 2673 nomine
1302 2607 1491 2691 longe
1539 2608 1793 2691 lateque
1844 2629 2062 2677 omnes
2121 2613 2344 2695 gentes
2403 2596 2749 2696 occupante

354 2730 414 2769 κο
450 2731 631 2777 nemo
664 2713 916 2777 dubitat
945 2734 1082 2779 esse
1114 2715 1479 2799 conpletum
1507 2753 1597 2761 —
1631 2716 1837 2793 cred0‚
1876 2721 2258 2795 moueretur,
2301 2736 2444 2781 cum
2493 2718 2639 2784 hinc
2685 2724 2752 2783 et

452 2817 576 2881 alia
622 2818 827 2883 multa
874 2838 947 2883 ex
991 2819 1319 2903 prophetis
1370 2819 1637 2899 audiret,
1703 2840 1861 2902 quae
1920 2841 2088 2886 nunc
2147 2822 2442 2905 persequi
2487 2824 2748 2907 longum

452 2929 566 2988 est.
642 2924 891 2990 uideret
956 2927 1147 2991 etiam
1212 2928 1388 3011 ipsos
1454 2946 1637 3011 reges
1703 2933 1904 2993 terrae
1969 2925 2209 2995 'Christi
2285 2930 2546 3014 imperio
2619 2931 2747 2995 iam

450 3030 789 3095 salubriter
850 3032 1229 3116 subiugatos
1298 3052 1647 3115 omnesque
1715 3038 1940 3117 gentes
2009 3036 2210 3099 eidem
2278 3035 2625 3100 seruientes
2683 3040 2747 3101 et

447 3137 765 3221 legeretur
822 3138 879 3203 ei
937 3139 1014 3204 de
1069 3140 1317 3223 psalmo
1377 3144 1578 3225 tanto.
1619 3145 1761 3204 ante
1826 3142 2260 3224 praedictum:
2329 3142 2746 3207 adorabunt

348 3266 408 3305 25
454 3263 617 3308 eum
675 3265 927 3311 omnes
983 3266 1221 3331 reges,
1284 3250 1553 3323 terrae,
1616 3268 1870 3313 omnes
1931 3252 2196 3331 gentes
2281 3250 2622 3313 seruient
2678 3253 2742 3315 ei

444 3353 778 3434 totumque
810 3354 1131 3435 psalmum
1160 3355 1395 3437 ipsum,
1431 3355 1541 3437 qui
1580 3356 1848 3439 figurate
1887 3360 2215 3437 tamquam
2244 3357 2308 3420 in
2339 3355 2738 3421 Salomonem

444 3457 693 3535 dicitur,
744 3459 800 3523 si
845 3460 1054 3544 legere
1103 3462 1322 3538 uellet,
1374 3462 1694 3527 inueniret
1740 3461 2064 3527 Christum
2119 3483 2264 3527 uere
2314 3483 2526 3547 regem
2575 3465 2738 3547 paci-

620 3696 653 3749 s
690 3696 778 3749 Ps.
818 3697 867 3759 2,
914 3700 937 3750 1
979 3715 1095 3768 sqq.
1208 3701 1279 3754 24
1313 3702 1401 3756 Pa.
1443 3702 1526 3765 71,
1571 3704 1634 3756 11

516 3849 533 3896 l
583 3846 643 3899 eo
685 3846 831 3916 quod
868 3848 899 3901 b
1037 3850 1069 3900 2
1108 3849 1292 3919 hebrei
1332 3853 1377 3905 C
1536 3856 1570 3906 4
1611 3869 1641 3905 a
1681 3860 1843 3921 (corr.
1884 3872 1951 3909 m.
1995 3860 2060 3922 2)
2099 3856 2152 3908 L
2289 3858 2320 3909 6
2359 3856 2652 3925 hystoriam
2695 3857 2741 3911 S

436 3933 716 3988 historiam
757 3936 815 4005 (h
851 3952 893 3991 ε.
935 3938 993 4004 Ζ.)
1032 3936 1109 3990 M
1244 3940 1417 3995 literis
1462 3942 1510 3995 G
1647 3942 1677 3996 7
1726 3945 1795 4013 ei]
1836 3944 1879 3997 ἃ
1917 3944 2186 3999 L¹S¹MG
2331 3950 2484 3999 tante
2525 3952 2586 4014 (8.
2629 3964 2656 3999 e
2697 3965 2734 3999 a

434 4038 503 4075 m.
534 4028 565 4075 1
592 4030 643 4089 o)
678 4024 725 4077 S
822 4024 889 4079 10
923 4028 1065 4079 terre
1111 4026 1159 4081 0
1252 4030 1317 4082 11
1360 4030 1617 4085 aduersus
1658 4032 1802 4103 dnm]
1843 4034 2128 4088 aduersum
2167 4040 2291 4103 xpm
2324 4034 2354 4086 b
2475 4036 2541 4087 12
2573 4038 2732 4105 quael

438 4111 578 4180 quod
644 4112 720 4165 Cb
922 4114 1086 4168 dauid
1160 4118 1201 4185 (i
1263 4134 1305 4171 8.
1374 4120 1408 4173 l.
1477 4138 1514 4174 a
1577 4138 1644 4175 m.
1713 4123 1771 4191 2)
1836 4123 1890 4176 L
2089 4122 2286 4177 fu*isse
2351 4122 2426 4175 M
2618 4124 2728 4178 dic-

430 4204 547 4253 tum
611 4201 865 4256 L¹S¹PG
1055 4206 1115 4257 16
1181 4208 1395 4276 postola
1460 4208 1532 4261 L¹
1718 4212 1905 4281 daboss
1978 4212 2024 4266 0
2203 4213 2267 4267 18
2333 4212 2612 4265 iudeorum
2689 4214 2732 4265 (J

434 4314 501 4368 20
531 4272 865 4388 completum
906 4274 1028 4373 esse
1073 4320 1120 4374 G
1340 4327 1668 4395 moueretur]
1731 4328 1890 4395 modo
1959 4330 2161 4383 uerSmr
2224 4328 2511 4383 L¹PS¹Gb
2567 4327 2724 4383 modo

427 4410 706 4459 uereretur
745 4408 867 4475 (alt.
906 4424 962 4460 re
999 4425 1041 4461 8.
1082 4412 1117 4465 l.
1160 4428 1196 4464 a
1231 4429 1299 4466 m.
1340 4416 1399 4481 2)
1440 4412 1489 4468 S
1510 4419 1871 4471 mo-nueretur
1897 4418 1966 4471 M
2075 4420 2144 4473 26
2175 4420 2351 4487 ipsum
2379 4418 2648 4487 psalmum
2683 4418 2730 4471 (Ἰ

428 4533 447 4545 “
484 4529 619 4570 XXV.
650 4530 772 4579 Aug.
796 4536 907 4571 nect.
932 4536 971 4573 6.
1230 4556 1237 4561 ·
2436 4526 2501 4578 25
