3159 4984
881 451 973 506 VI.
1037 451 1326 507 Contra
1384 451 1753 506 Faustum
1810 449 1943 502 lib.
1998 448 2171 503 XXII.
2534 450 2664 512 623

370 651 855 716 delectationem
921 649 999 712 ab
1063 648 1346 725 inlicito,
1413 666 1605 729 quam
1668 666 1791 713 non
1858 645 2155 712 frenando
2220 647 2663 728 peccauerunt.

366 777 597 842 magna
642 762 742 824 est
784 758 999 839 itaque
1048 759 1113 818 et
1157 755 1432 818 humana
1479 757 1784 832 creatura,
1834 753 2343 837 quandoquidem
2376 769 2491 834 per
2526 767 2664 813 eam

365 865 857 948 possibilitatem
923 863 1332 939 instauratur,
1397 880 1509 943 per
1573 880 1763 942 quam
1820 861 1875 926 si
1929 858 2265 933 uoluisset,
2334 876 2449 922 nec
2506 855 2665 920 ceci-

369 972 587 1036 disset.
638 989 906 1054 magnus
955 988 1104 1053 ergo
1155 968 1446 1033 dominus
1495 971 1561 1032 et
1604 966 1943 1032 laudabilis
1988 967 2198 1044 ualde,
2238 965 2347 1048 qui
2382 963 2666 1030 condidit

295 1101 322 1138 5
370 1099 528 1144 eam.
598 1077 881 1143 condidit
929 1077 1096 1141 enim
1145 1079 1210 1140 et
1254 1075 1603 1152 inferiores,
1653 1093 1813 1157 quae
1862 1094 1985 1140 non
2039 1076 2313 1157 possunt
2364 1089 2661 1155 peccare;

370 1185 654 1250 condidit
717 1186 783 1249 et
845 1183 1140 1248 meliores
1163 1234 1178 1262 ,
1257 1201 1416 1264 quae
1479 1181 1709 1247 nolunt
1769 1199 2050 1264 peccare.
2134 1179 2423 1244 bestialis
2498 1177 2664 1242 enim

365 1293 591 1356 natura
655 1310 777 1357 non
840 1292 1082 1374 peccat,
1150 1288 1300 1372 quia
1353 1288 1513 1352 nihil
1565 1287 1721 1352 facit
1774 1291 1995 1354 contra
2050 1289 2367 1351 aeternam
2430 1287 2661 1368 legem,

368 1398 470 1462 cui
518 1398 612 1462 sic
659 1397 916 1462 subdita
962 1399 1079 1475 est,
1129 1399 1202 1460 ut
1251 1395 1388 1460 eius
1432 1395 1749 1478 particeps
1796 1413 1936 1460 esse
1984 1414 2107 1459 non
2152 1393 2377 1476 possit.
2442 1411 2663 1456 rursus

369 1505 654 1589 angelica
719 1503 1015 1580 sublimis
1079 1503 1306 1566 natura
1367 1521 1490 1567 non
1547 1504 1789 1585 peccat,
1849 1501 1999 1584 quia
2049 1500 2141 1564 ita
2192 1499 2509 1584 particeps
2566 1503 2665 1564 est

275 1630 326 1666 ιο
367 1612 530 1696 legis
598 1615 907 1688 aeternae,
972 1612 1049 1674 ut
1103 1611 1280 1676 solus
1337 1629 1475 1674 eam
1532 1609 1809 1674 delectet
1861 1608 2040 1688 deuS,
2098 1605 2281 1673 cuius
2344 1607 2664 1673 uoluntati

371 1719 506 1783 sine
553 1719 689 1784 ullo
737 1717 1159 1800 experimento
1207 1716 1643 1799 temptationis
1701 1716 2112 1798 obtemperat.
2178 1715 2368 1779 homo
2426 1717 2659 1791 autem,

368 1824 548 1890 cuius
585 1826 842 1908 propter
875 1825 1208 1906 peccatum
1245 1823 1578 1904 temptatio
1618 1826 1719 1887 est
1752 1822 1889 1886 uita
1926 1840 2116 1904 super
2148 1824 2401 1899 terram,
2432 1819 2665 1886 subdat

369 1929 510 2006 sibi,
579 1929 748 2012 quod
813 1929 1005 1993 habet
1065 1947 1399 1994 commune
1464 1948 1612 1994 cum
1675 1929 1921 2007 bestiis,
1988 1928 2221 1994 subdat
2287 1927 2425 2007 deo,
2492 1925 2661 2009 quod

364 2035 556 2100 habet
619 2055 955 2101 commune
1013 2055 1157 2100 cum
1213 2036 1476 2120 angelis,
1535 2036 1734 2102 donec
1787 2035 2037 2100 iustitia
2091 2038 2157 2100 et
2209 2034 2661 2099 inmortalitate

275 2160 326 2198 1⁵
363 2143 642 2225 perfecta
688 2147 879 2225 atque
924 2145 1224 2227 percepta
1269 2143 1346 2206 ab
1392 2143 1536 2208 istis
1583 2143 1913 2221 exaltetur,
1959 2143 2091 2206 illis
2139 2143 2460 2224 aequetur.

454 2251 560 2314 29.
608 2251 914 2315 Mortales
953 2252 1168 2314 autem
1215 2249 1669 2315 delectationes
1716 2268 1919 2331 usque
1966 2248 2044 2313 ad
2088 2248 2497 2331 reparandam
2544 2267 2658 2312 seu

367 2356 847 2422 custodiendam
891 2357 1084 2421 istam
1129 2357 1462 2422 mortalem
1511 2357 1785 2420 salutem
1832 2356 1969 2421 siue
2006 2355 2512 2436 uniuscuiusque
2548 2355 2659 2420 ho-

362 2463 550 2529 minis
599 2464 739 2530 siue
775 2464 978 2547 ipsius
1016 2464 1277 2528 humani
1314 2464 1564 2548 generis
1602 2464 1710 2528 uel
1747 2461 2110 2528 excitandae
2146 2462 2256 2526 uel
2289 2461 2657 2526 relaxandae

364 2572 540 2639 sunt:
579 2570 750 2634 ultra
787 2570 843 2634 si
877 2570 1206 2652 prolapsae
1242 2570 1480 2634 Fuerint
1515 2573 1580 2634 et
1618 2572 1835 2634 contra
1868 2567 2321 2650 temperantiae
2348 2569 2657 2632 rationem

270 2689 325 2730 20
365 2677 683 2742 hominem
732 2695 856 2742 non
903 2695 971 2742 se
1015 2679 1338 2761 regentem
1379 2676 1766 2760 abripuerint
1799 2675 2115 2752 libidines,
2158 2676 2343 2738 erunt
2374 2673 2656 2756 profecto

364 2783 639 2848 inlicitae
689 2802 762 2848 ac
808 2787 1025 2866 turpes
1075 2788 1138 2848 et
1185 2783 1410 2867 dignae
1451 2782 1774 2848 doloribus
1814 2780 2150 2846 emendari.
2200 2779 2427 2862 quodsi
2464 2781 2655 2846 etiam

365 2888 806 2971 perturbatum
857 2891 1170 2954 rectorem
1215 2889 1280 2952 in
1327 2891 1572 2952 tantam
1626 2888 1998 2972 uoraginem
2051 2885 2335 2970 perditae
2392 2905 2654 2952 consue-

360 2995 604 3060 tudinis
659 2999 974 3080 mergant.
1033 2999 1109 3059 ut
1162 2996 1272 3060 uel
1324 2993 1564 3059 inultas
1620 2994 1756 3059 fore
1812 2992 2076 3060 credens
2124 2992 2545 3059 confessionis
2593 2999 2659 3058 et

268 3130 282 3171 1
361 3102 788 3185 paenitentiae
837 3103 1142 3186 neglegat
1184 3101 1587 3180 medicinam,
1638 3119 1762 3184 qua
1808 3103 2132 3166 correctus
2190 3103 2494 3184 emergat,
2552 3101 2660 3164 uel

273 3219 324 3260 ὓ
359 3207 572 3290 peiore
619 3211 824 3274 morte
873 3207 1080 3273 cordis
1127 3211 1348 3272 contra
1388 3208 1567 3271 illam
1617 3209 1935 3272 aeternam
1972 3205 2408 3291 prouidentiae
2446 3207 2655 3291 legem

358 3314 808 3397 blasphemum
856 3314 950 3379 eis
996 3314 1421 3397 patrocinium
1489 3313 1876 3378 defensionis
1950 3312 2251 3377 adhibeat
2321 3317 2512 3396 atque
2564 3315 2659 3378 ita

533 3523 570 3576 4
606 3521 672 3574 cf.
709 3521 798 3576 Pe.
832 3521 921 3584 47,
962 3523 995 3576 2
1107 3521 1174 3576 12
1215 3521 1280 3576 cf.
1317 3521 1434 3575 Iob.
1475 3525 1524 3586 7,
1565 3522 1592 3574 1

433 3683 456 3735 1
498 3681 814 3736 refrenando
853 3679 1072 3736 SMGG
1179 3681 1210 3735 3
1247 3680 1566 3784 caecidisset
1594 3683 1741 3750 (exp.
1767 3698 1837 3736 m.
1869 3685 1933 3750 2)
1963 3681 2017 3736 L
2136 3683 2173 3736 4
2208 3681 2391 3752 ualde]
2428 3682 2590 3737 nimis
2622 3684 2652 3736 b

359 3799 390 3850 7
427 3797 604 3868 legem
643 3801 712 3862 (ε.
753 3798 788 3853 Ζ.
825 3813 893 3851 m.
931 3801 987 3864 1)
1029 3797 1074 3851 Ο
1173 3798 1204 3850 9
1244 3797 1478 3868 anglaca
1510 3798 1559 3852 G
1644 3799 1714 3853 10
1741 3797 2016 3852 uoluntati
2044 3799 2094 3867 (s
2124 3801 2218 3866 er.)
2240 3797 2294 3852 L
2387 3799 2449 3852 11
2474 3803 2649 3868 temp-

357 3887 584 3940 tationis
625 3889 680 3958 (p
717 3903 762 3941 s.
801 3887 858 3950 Ζ.)
897 3885 991 3939 M2
1139 3888 1479 3957 optemperat
1505 3886 1552 3940 Ο
1658 3888 1727 3942 13
1762 3886 2316 3942 subdat—commune
2356 3887 2444 3954 (in
2478 3903 2647 3956 mam.

353 3975 541 4044 infer.)
579 3975 626 4030 S
733 3976 800 4028 14
837 3975 992 4029 don&
1035 3974 1098 4029 0¹
1243 3974 1488 4030 iustitiae
1516 3975 1570 4030 L
1716 3979 1773 4030 et
1808 3993 1909 4031 om.
1940 3979 1993 4031 L
2135 3975 2547 4030 immortalitate
2574 3975 2651 4029 L²

356 4089 425 4144 18
477 4089 744 4144 rexandac
795 4089 842 4144 S
1018 4092 1084 4145 19
1140 4090 1188 4144 si
1243 4091 1388 4145 ultra.
1437 4091 1555 4146 SM
1605 4047 1751 4146 ἔκτα
1790 4049 1852 4146 {⁵1
1906 4093 1959 4148 G
2137 4091 2209 4146 20
2257 4092 2579 4163 arripuerint
2618 4091 2656 4172 b-

357 4179 425 4232 23
461 4179 667 4233 inultas
708 4181 750 4246 (i
783 4180 846 4234 in
879 4183 1014 4248 ras.)
1053 4179 1108 4233 L
1311 4179 1382 4233 24
1418 4181 1674 4251 neglecat
1710 4180 1787 4234 L¹
1968 4179 2236 4234 medicina
2280 4183 2369 4250 (ev
2410 4179 2541 4234 add.
2579 4195 2674 4243 m..

355 4267 414 4338 2)
441 4267 496 4321 L
639 4273 907 4324 correctus
945 4271 994 4340 (c
1027 4285 1072 4323 ε.
1112 4285 1232 4338 exp.
1266 4287 1302 4340 p
1342 4285 1380 4322 a
1405 4285 1476 4323 m.
1511 4269 1560 4340 1)
1608 4269 1655 4324 0
1776 4269 1845 4324 25
1883 4269 2121 4340 peiorem
2150 4267 2251 4324 ΒΘ
2358 4269 2427 4322 26
2464 4271 2646 4339 patro-

355 4358 598 4428 cinitium
638 4361 784 4428 (erp.
821 4375 890 4414 m.
927 4362 984 4424 1)
1030 4358 1077 4413 0
