3159 4984
420 422 549 483 408
1106 416 1155 469 S.
1215 416 1507 469 Aureli
1564 415 2033 483 Augustini

420 610 779 683 comitatur,
856 610 1179 694 suscipere
1245 630 1370 675 non
1436 608 1814 693 dedignatus
1873 614 1972 673 est
2027 609 2219 673 etiam
2273 609 2403 685 ille,
2453 628 2712 692 prorsus

422 716 612 781 etiam
677 717 788 780 ille
859 716 1031 780 filius
1098 715 1199 780 dei
1270 734 1519 798 semper
1570 715 1764 779 uiuus
1817 716 1882 779 in
1941 734 2057 779 sua
2109 715 2375 786 iustitia,
2421 720 2714 779 mortuus

422 826 635 887 autem
665 825 925 906 propter
953 822 1187 887 delicta
1214 824 1434 888 nostra
1468 822 1533 885 in
1574 840 1758 886 carne
1799 824 2098 904 suscepta
2134 842 2205 887 ex
2241 842 2444 905 poena
2480 826 2712 887 nostra.

424 929 514 994 sic
572 933 637 993 et
697 948 953 1012 semper
1006 928 1381 993 benedictus
1435 928 1498 991 in
1556 947 1676 993 sua
1727 928 1994 1005 iustitia,
2059 928 2437 994 maledictus
2503 932 2716 993 autem

422 1040 680 1119 propter
729 1037 962 1102 delicta
1008 1039 1225 1101 nostra
1267 1036 1334 1099 in
1382 1036 1586 1101 morte
1642 1038 1943 1119 suscepta
1989 1054 2060 1099 ex
2103 1054 2308 1118 poena
2350 1038 2584 1103 nostra.
2642 1054 2718 1100 ac
2771 1058 2798 1095 5

423 1163 536 1226 per
582 1145 702 1209 hoc
752 1143 1041 1207 additum
1090 1146 1226 1208 est:
1277 1143 1538 1219 omnis,
1587 1162 1666 1207 ne
1715 1142 2008 1207 Christus
2056 1142 2135 1205 ad
2181 1161 2399 1207 ueram
2445 1144 2715 1207 mortem

418 1269 541 1315 11011
580 1250 891 1333 pertinere
935 1250 1269 1326 diceretur,
1310 1248 1366 1313 si
1404 1268 1441 1311 a
1477 1247 1840 1325 maledieto,
1871 1248 2041 1331 quod
2075 1250 2266 1313 morti
2305 1250 2716 1313 coniunctum

419 1357 536 1432 est,
585 1356 913 1439 insipienti
960 1355 1441 1421 honorificentia
1486 1357 1897 1438 separaretur.

512 1463 568 1528 7.
641 1459 769 1540 Qui
815 1466 1031 1527 autem
1078 1482 1151 1526 ex
1195 1462 1469 1525 ueritate
1527 1440 1896 1545 euangelica
1949 1462 2155 1526 fidelis
2215 1465 2332 1539 est,
2397 1462 2718 1547 intellegit

420 1573 557 1633 tam·
608 1588 732 1633 non
795 1588 935 1634 esse
987 1568 1437 1633 contumeliam
1486 1567 1724 1633 Christi
1779 1586 1852 1631 ex
1907 1587 2012 1633 ore
2058 1568 2290 1652 Moysi,
2357 1588 2502 1633 cum
2569 1588 2714 1634 eum
2753 1588 2808 1627 10

423 1676 580 1740 dixit
643 1676 1077 1750 maledictum,
1145 1694 1269 1739 non
1328 1694 1397 1737 ex
1457 1674 1792 1737 diuinitate
1847 1674 2200 1739 maiestatis
2259 1694 2434 1753 suae,
2483 1676 2595 1740 sed
2644 1694 2718 1739 ex

422 1782 790 1847 condicione
850 1801 1088 1865 poenae
1153 1783 1426 1858 nostrae,
1495 1799 1567 1844 ex
1633 1798 1756 1862 qua
1818 1781 1881 1844 in
1948 1782 2123 1865 ligno
2189 1801 2538 1865 suspensus
2595 1785 2714 1857 est,

424 1908 613 1971 quam
660 1908 783 1953 non
844 1890 943 1952 est
996 1888 1138 1952 laus
1192 1885 1429 1952 Christi
1485 1906 1558 1950 ex
1619 1906 1724 1951 ore
1769 1886 2308 1965 Manichaeorum,
2367 1908 2509 1953 cum
2568 1908 2714 1953 eum

419 1999 655 2079 negant
721 2014 971 2059 carnem
1040 1994 1341 2059 habuisse
1409 1994 1773 2071 mortalem,
1837 1994 1902 2057 in
1968 2013 2094 2076 qua
2155 2013 2374 2059 ueram
2445 1998 2715 2061 mortem

421 2104 764 2185 pateretur,
814 2102 963 2183 quia
1010 2121 1082 2165 ex
1127 2101 1240 2165 illo
1300 2098 1670 2183 prophetico
1727 2100 2068 2165 maledicto
2123 2100 2266 2166 laus
2319 2100 2718 2186 intellegitur
2752 2118 2805 2158 1⁵

420 2208 827 2282 humilitatis,
898 2226 969 2271 ex
1030 2208 1159 2272 isto
1226 2207 1545 2272 haeretico
1612 2206 1796 2290 quasi
1858 2207 2095 2272 honore
2153 2208 2388 2272 crimen
2443 2209 2716 2273 obicitur

422 2315 745 2379 falsitatis.
798 2314 853 2379 si
901 2333 1047 2399 ergo
1096 2334 1292 2399 negas
1341 2314 1772 2392 maledictum,
1811 2334 1974 2399 nega
2017 2318 2376 2393 mortuum3
2427 2316 2484 2381 si
2517 2334 2714 2399 negas

424 2426 771 2497 mortuum,
839 2441 964 2486 non
1009 2422 1137 2485 iam
1198 2424 1417 2486 contra
1462 2422 1752 2504 Moysen,
1811 2421 1924 2486 sed
1979 2424 2198 2487 contra
2251 2423 2578 2505 apostolos
2625 2422 2714 2487 di-

414 2530 632 2593 micas.
683 2528 738 2593 si
785 2530 999 2593 autem
1047 2528 1365 2594 confiteris
1422 2530 1767 2605 mortuum,
1815 2528 2112 2592 confitere
2163 2529 2524 2611 suscepisse
2567 2548 2714 2612 poe-

422 2656 567 2700 nam
613 2635 862 2719 peccati
913 2634 1115 2699 nostri
1164 2634 1298 2699 sine
1354 2638 1617 2716 peccato
1673 2638 1912 2699 nostro.
1975 2635 2104 2699 iam
2159 2654 2309 2700 uero
2365 2635 2477 2700 ubi
2533 2636 2712 2701 audis
2749 2652 2804 2688 2⁰
2874 2652 2879 2656 ·

420 2761 687 2826 poenam
733 2741 1001 2825 peccati,
1050 2744 1162 2803 aut
1210 2760 1280 2804 ex
1330 2740 1768 2805 benedictione
1818 2740 1998 2804 crede
2065 2741 2426 2805 uenientem
2484 2743 2597 2805 aut
2642 2759 2712 2804 ex

421 2847 885 2912 maledictione.
936 2847 993 2912 si
1040 2866 1111 2926 ex
1149 2846 1588 2912 benedictione
1628 2846 1809 2911 uenit
1843 2866 2044 2929 poena
2079 2848 2345 2929 peccati,
2385 2852 2537 2931 opta
2573 2866 2711 2912 esse

421 2973 671 3037 semper
714 2954 779 3018 111
826 2972 1029 3037 poena
1073 2954 1356 3037 peccati3
1416 2954 1470 3017 si
1527 2956 1742 3018 autem
1789 2958 1970 3037 optas
2017 2954 2162 3018 inde
2207 2954 2480 3031 liberari,
2531 2954 2712 3020 crede

413 3080 525 3143 per
572 3060 823 3123 diuinae
872 3060 1228 3125 sententiae
1275 3060 1588 3125 iustitiam
1637 3080 1708 3125 ex
1753 3060 2198 3125 maledictione
2244 3062 2520 3126 uenisse.
2570 3081 2710 3127 con-

412 3166 589 3231 fitere
638 3186 787 3251 ergo
836 3168 1248 3231 maledictum
1301 3166 1664 3249 suscepisse
1710 3187 1821 3249 pro
1878 3167 2083 3245 nobiS,
2143 3188 2334 3249 quem
2388 3168 2778 3234 confiteris²⁵

414 3276 737 3337 mortuum
778 3292 917 3339 esse
955 3293 1065 3355 pro
1106 3274 1309 3349 nobis,
1342 3293 1457 3338 nec
1497 3274 1670 3337 aliud
1709 3274 2064 3358 significare
2103 3274 2391 3339 uoluisse
2420 3274 2705 3369 Moysen,

416 3398 561 3442 cum
620 3379 896 3444 diceret:
964 3381 1429 3445 maledictus
1497 3380 1767 3457 omnis,
1836 3380 1963 3463 qui
2016 3381 2092 3445 in
2168 3381 2376 3465 ligno
2441 3400 2706 3464 pepen-

415 3485 632 3555 derit.
691 3487 815 3551 nisi
882 3489 1203 3563 „mortalis
1264 3488 1469 3553 omnis
1526 3490 1593 3551 et
1649 3488 1923 3552 moriens
1981 3488 2208 3567 omnis,
2267 3488 2486 3570 quiin
2532 3488 2706 3571 ligno

415 3594 845 3675 pependerit.“
899 3598 1151 3677 poterat
1198 3596 1363 3660 enim
1413 3596 1620 3660 dicere
1677 3596 2092 3671 „maledictus
2141 3596 2345 3661 omnis
2392 3595 2502 3677 qui
2543 3614 2706 3660 mor-

587 3812 621 3865 3
659 3812 725 3865 cf.
765 3813 917 3866 Rom.
958 3814 1009 3877 4,
1050 3814 1119 3867 25
1230 3814 1298 3866 27
1338 3814 1501 3867 Deut.
1541 3815 1628 3877 21,
1667 3814 1736 3867 23

478 3969 511 4022 3
570 3986 709 4039 pena
767 3968 829 4023 δ’*
888 3987 1061 4040 paena
1122 3970 1173 4023 G
1282 3972 1314 4021 8
1363 3970 1786 4036 honorificzentia
1837 3972 1906 4024 0²
2037 3974 2104 4025 12
2165 3988 2335 4042 paene
2391 3973 2454 4026 3¹
2515 3939 2706 4042 110θή01,

420 4056 481 4113 13
501 4059 899 4113 manicheorum
924 4059 1027 4113 LO
1133 4060 1199 4113 15
1218 4058 1557 4129 intellegitur
1576 4061 1649 4112 L¹
1759 4061 1826 4115 16
1847 4060 2085 4114 heretico
2104 4061 2206 4115 LC
2319 4063 2378 4115 19
2401 4079 2624 4131 paenam
2641 4062 2706 4115 8¹

415 4148 483 4200 22
518 4148 953 4215 maledictionem
994 4155 1131 4217 (exp.
1152 4164 1221 4204 m.
1243 4150 1297 4213 2)
1318 4148 1371 4201 L
1512 4149 1943 4219 benedictionem
1984 4151 2122 4218 (esp.
2152 4168 2219 4205 m.
2253 4152 2380 4204 2113
2407 4150 2706 4206 benedicti-

412 4252 511 4289 one
542 4240 612 4291 (m
644 4242 738 4302 er.)
759 4238 829 4289 M
934 4238 1002 4290 24
1032 4236 1467 4309 maledictionem
1489 4236 1565 4289 L²
1591 4239 1971 4293 maledictione
1994 4250 2060 4301 (m
2085 4244 2178 4294 er.)
2204 4240 2274 4291 M
2379 4240 2447 4293 26
2473 4241 2621 4295 uolui
2642 4240 2706 4295 8¹

412 4324 479 4375 2³·
514 4323 767 4377 mortales
808 4324 905 4379 SG·
1013 4324 1082 4378 ‘29
1123 4324 1215 4393 qui
1252 4340 1353 4379 om.
1399 4325 1445 4378 C
