3159 4984
504 454 633 515 492
1204 452 1256 503 S.
1314 450 1588 504 Aureli
1647 450 2084 518 Augustini

508 646 959 711 cessitudinem
1020 646 1395 711 Manichaea
1447 645 1606 709 fides
1661 644 1938 710 reddidit
1989 648 2226 714 tutum.
2284 664 2446 729 quae
2502 645 2816 730 principio

506 753 664 817 mihi
710 769 840 818 non·
882 753 1151 817 cunctiS.
1202 771 1364 834 quae
1414 772 1486 814 ex
1536 751 1874 816 saluatoris
1923 751 2175 816 nomine
2215 751 2453 834 scripta
2489 752 2814 836 leguntur.

500 860 741 942 passim
791 858 1043 924 credere
1091 858 1427 941 persuasit,
1478 859 1591 923 sed
1637 858 1923 941 probare,
1984 858 2039 921 si
2088 858 2217 921 sint
2264 858 2484 923 eadem
2533 876 2703 936 uera,
2757 858 2814 923 si

502 986 675 1033 sana.
718 967 772 1031 si
810 966 1209 1047 incorruptaz
1261 983 1401 1029 esse
1450 965 1620 1029 enim
1666 964 1986 1047 permulta
2033 964 2291 1030 zizania.
2341 983 2504 1047 quse
2550 964 2616 1029 in
2665 983 2814 1029 con—

500 1074 749 1157 tagium
817 1073 966 1138 boni
1044 1072 1305 1138 seminis
1382 1072 1712 1154 scripturis
1787 1090 1986 1155 paene
2064 1071 2356 1136 omnibus
2431 1071 2818 1157 noctiuagus
2889 1088 2922 1128 ⁵

502 1180 762 1261 quidam
824 1179 1168 1244 seminator
1226 1178 1618 1262 insperserit.
1685 1178 2050 1259 idcircoque
2107 1198 2208 1243 me
2265 1198 2342 1242 ne
2398 1178 2503 1242 hic
2549 1177 2812 1261 quidem

502 1287 800 1351 terruerit
846 1306 1074 1352 sermo.
1127 1287 1425 1367 quamuis
1472 1286 1803 1350 reuerendi
1851 1285 2126 1352 nominis
2183 1305 2330 1369 prae
2388 1305 2457 1350 se
2511 1286 2674 1351 ferat
2715 1285 2812 1349 in-

510 1394 950 1476 scriptionem.
1028 1393 1181 1474 quia
1251 1393 1517 1475 probare
1592 1392 1750 1455 mihi
1825 1392 2032 1456 adhuc
2099 1411 2170 1457 ex
2233 1392 2558 1475 proposito
2631 1392 2810 1457 licet.

504 1503 801 1564 utrumne
868 1502 934 1563 et
998 1498 1101 1565 hic
1164 1498 1503 1563 interdiani
1568 1500 1796 1564 satoris
1865 1503 1929 1562 et
1992 1498 2144 1563 boni
2209 1498 2314 1564 sit.
2374 1517 2450 1562 an
2517 1497 2810 1563 nocturni
2911 1512 2926 1521 ·

502 1607 678 1671 illius
728 1610 795 1671 et
838 1606 1123 1689 pessimi.
1190 1609 1261 1669 tu
1320 1624 1495 1676 uero.
1554 1606 1667 1689 qui
1723 1608 1959 1669 temere
2010 1606 2222 1670 omnia
2269 1605 2492 1671 credis,
2543 1606 2653 1688 qui
2701 1624 2808 1668 na·
2847 1622 2912 1659 ιο

501 1718 681 1777 turae
745 1713 1121 1779 beneficium
1190 1714 1501 1779 rationem
1566 1732 1638 1777 ex
1702 1712 2067 1779 hominibus
2136 1713 2416 1789 damme,
2475 1712 2580 1777 cui
2640 1711 2811 1775 inter

503 1840 725 1885 uerum
790 1820 1153 1901 falsumque
1210 1820 1489 1884 iudicare
1544 1819 1768 1903 religio
1827 1822 1928 1884 est
1983 1819 2216 1901 cuique
2271 1818 2512 1884 bonum
2567 1836 2606 1881 a
2659 1836 2806 1883 con-

499 1928 689 1993 trario
778 1946 1065 2009 separare
1152 1946 1275 1992 non
1350 1927 1563 1991 minus
1639 1926 1960 1991 formidini
2027 1928 2128 1991 est
2200 1944 2390 2007 quam
2455 1924 2806 1988 infantibus

503 2034 772 2101 maniae.
815 2034 966 2117 quid
1006 2035 1293 2099 facturus
1335 2034 1477 2100 eris,
1519 2052 1666 2097 cum
1704 2036 1768 2097 te
1807 2033 1870 2097 in
1911 2034 2174 2116 capituli
2215 2032 2404 2096 huius
2443 2031 2806 2115 angustiam

508 2140 854 2205 necessitas
904 2143 1139 2223 coget?
1190 2140 1330 2204 dico
1380 2142 1613 2205 autem.
1665 2158 1810 2203 cum
1857 2143 1921 2202 te
1968 2138 2243 2203 Iudaeus
2292 2157 2408 2203 seu
2455 2138 2599 2221 quis
2645 2138 2811 2203 alter
2843 2151 2904 2189 ιε’»

504 2246 813 2312 sermonis
861 2246 1051 2311 istius
1098 2264 1222 2310 non
1270 2246 1511 2310 inscius
1549 2245 2001 2327 interpellabit,
2042 2244 2198 2326 quid
2233 2245 2325 2308 ita
2359 2245 2524 2328 legis
2563 2248 2630 2308 et
2661 2263 2806 2327 pro-

501 2353 835 2434 phetarum
893 2355 1227 2435 praecepta
1282 2371 1403 2416 non
1462 2371 1702 2424 serues,
1763 2370 1908 2416 cum
1959 2350 2249 2416 Christus
2297 2352 2516 2416 eadem
2564 2370 2686 2415 non
2733 2370 2806 2416 se

507 2458 763 2523 uenisse
813 2460 1062 2523 soluere
1112 2458 1283 2523 dicat
1327 2456 1439 2524 sed
1491 2458 1861 2541 adinplere?
1910 2476 2133 2541 nempe
2173 2458 2416 2541 cogeris
2458 2460 2570 2521 aut
2603 2475 2806 2521 uanae

502 2565 943 2647 superstitioni
992 2565 1405 2629 succumbere
1456 2568 1567 2629 aut
1616 2565 1964 2648 capitulum
2003 2563 2282 2646 profiteri
2319 2566 2550 2629 falsum
2591 2566 2704 2627 aut
2737 2566 2806 2627 te

503 2671 739 2737 Christi
788 2691 1014 2755 negare
1064 2672 1469 2754 discipulum.
2841 2686 2902 2724 ω

591 2782 651 2844 4.
710 2781 1181 2850 AUGUSTINUS
1228 2778 1592 2862 respondit:
1651 2779 1786 2842 Iam
1833 2778 2071 2843 totiens
2120 2778 2377 2861 explosa
2421 2780 2614 2860 atque
2661 2796 2807 2843 con·

498 2887 673 2951 uicta
719 2887 871 2969 quia
907 2886 1162 2969 repetis„
1206 2905 1319 2950 nos
1360 2904 1638 2967 quoque,
1679 2885 1915 2967 quibus
1954 2904 2028 2951 ea
2065 2884 2482 2953 conuicimuS.
2523 2888 2808 2968 repetere

498 3012 620 3057 non
670 2992 934 3077 pigebit.
1004 3012 1077 3056 ea
1136 2991 1460 3057 christiani
1519 3012 1590 3055 ex
1646 2993 1788 3075 lege
1847 2995 1914 3057 et
1964 2992 2289 3076 prophetis
2353 3012 2478 3057 non
2541 2992 2808 3057 faciunt.

494 3099 732 3181 quibus
783 3099 1142 3182 significata
1188 3100 1341 3162 sunt
1394 3078 1539 3174 ists..
1601 3118 1763 3181 quae
1819 3098 2080 3165 faciunt.
2151 3098 2299 3163 illae
2347 3098 2582 3182 quippe
2631 3102 2812 3162 erant

498 3206 735 3289 figurae
786 3206 1165 3270 futurorum.
1223 3222 1383 3286 quas
1430 3206 1621 3269 rebus
1667 3204 1828 3287 ipsis
1872 3225 1984 3287 per
2021 3205 2346 3270 Christum
2392 3205 2692 3270 reuelatis
2741 3209 2812 3269 et
2842 3214 2900 3255 ’ὅ

496 3312 919 3395 praesentatis
968 3311 1195 3375 auferri
1246 3312 1596 3393 oportebat.
1646 3315 1719 3375 ut
1765 3331 1838 3375 eo
1888 3331 2142 3394 quoque
2200 3312 2361 3395 ipso.
2419 3312 2590 3394 quod
2646 3311 2807 3376 haec

673 3503 704 3555 6
746 3502 811 3555 ef.
850 3502 1047 3556 Matth.
1090 3502 1173 3566 13,
1212 3502 1279 3553 25

569 3638 591 3689 1
634 3634 1042 3689 manicheaLG
1180 3638 1355 3689 totum
1384 3634 1459 3687 L·
1607 3620 1672 3705 q}
1703 3634 1777 3687 L¹
1925 3636 1958 3689 5
1988 3652 2160 3705 poene
2195 3634 2242 3688 0
2371 3638 2708 3703 nocteuagus
2738 3634 2802 3688 s·

496 3726 525 3777 7
580 3724 864 3779 reuerendi
921 3724 958 3793 (i
1014 3738 1081 3777 ea:
1139 3740 1167 3778 e
1223 3728 1381 3792 corr.)
1430 3724 1477 3777 C
1617 3741 1673 3777 se
1722 3724 1814 3791 (er.
1863 3741 1931 3777 m.
1981 3726 2045 3790 2)
2095 3724 2147 3777 L
2292 3724 2432 3779 ferat
2477 3724 2524 3793 (a
2573 3740 2614 3779 s,
2666 3730 2718 3785 e)
2763 3722 2813 3776 0

493 3816 526 3867 9
599 3813 916 3867 interzizani
990 3812 1065 3865 13²
1138 3812 1477 3867 interzizanii
1543 3812 1622 3867 Sb
1769 3814 1860 3882 an]
1923 3829 1984 3866 ac
2049 3813 2081 3865 b
2222 3815 2281 3865 11
2353 3812 2672 3867 beneficium
2740 3812 2806 3866 8¹

497 3929 563 3982 12
586 3884 794 3998 {eligio
845 3932 928 3981 est
972 3934 1005 3983 ᾖ
1043 3882 1292 3982 {udicare
1342 3932 1393 3993 (fi
1445 3945 1481 3981 a
1524 3944 1595 3981 m.
1635 3932 1693 3994 2)
1737 3926 1782 3981 S
1959 3928 2028 3981 14
2073 3927 2282 3996 manice
2326 3926 2452 3982 6²8
2486 3934 2700 3984 maniae
2737 3926 2812 3979 M

494 4018 559 4072 15
620 4018 770 4089 cogit
822 4018 1131 4073 L¹SGMb
1334 4018 1401 4069 16
1462 4016 1841 4087 interpellauit
1904 4016 2274 4071 L¹P1MGS¹
2486 4017 2550 4069 18
2607 4016 2804 4085 uanae]

489 4108 664 4161 bonae
704 4108 846 4161 LM¹
881 4108 1019 4176 bene
1054 4106 1128 4160 ΘΙ
1203 4108 1270 4159 21
1307 4104 1444 4173 Gap.
1473 4106 1726 4159 XXXVII
1753 4105 2029 4160 LSPMG
2123 4106 2424 4175 Agustinus
2453 4108 2503 4159 L
2578 4106 2648 4158 22
2677 4122 2800 4159 con·

490 4197 757 4250 uincimus
801 4194 1107 4250 LCSGMb
1254 4195 1489 4265 repetire
1544 4194 1716 4247 L¹M¹
1833 4194 1902 4248 23
1939 4196 2156 4265 pigeuit
2211 4196 2300 4247 Μ1
2427 4196 2496 4247 24
2535 4194 2803 4264 quibus—-

490 4284 700 4339 faciunt
739 4285 923 4351 (infra
962 4288 1075 4337 text
1120 4284 1249 4336 add.
1290 4300 1357 4336 m.
1396 4286 1453 4350 1)
1499 4282 1545 4334 0
1651 4282 1720 4335 25
1759 4282 1880 4335 istis
1920 4282 1951 4333 b
2061 4282 2130 4336 26
2169 4282 2444 4352 oportebit
2489 4284 2638 4349 (sup.
2677 4280 2694 4333 i
2735 4298 2806 4339 m.

491 4376 519 4427 1
564 4374 694 4426 add.
736 4372 785 4442 a)
824 4374 869 4425 (1
