3159 4984
473 489 604 551 658
1182 487 1232 538 S.
1290 483 1568 536 Aureli
1624 481 2061 548 Augustini

472 678 643 742 sulta
687 677 802 741 illa
849 681 1104 741 aeterna
1150 677 1291 760 lege
1337 675 1644 754 iustitiae,
1694 693 1853 758 quae
1901 675 2255 738 naturalem
2304 674 2585 740 ordinem
2632 693 2777 758 per-

469 786 708 850 turbari
755 786 953 862 uetat,
1003 803 1126 849 non
1174 783 1396 865 utique
1442 783 1888 848 tantummodo
1936 801 2291 864 corporum,
2340 782 2455 847 sed
2498 783 2779 845 maxime

473 912 544 956 ac
608 892 904 975 primitus
971 891 1345 968 animorum,
1412 889 1562 973 quia
1626 891 1689 954 in
1753 888 2155 972 procreandis
2210 888 2360 954 filiis
2422 889 2777 954 ordinatam

355 1003 362 1009 '
472 999 842 1064 societatem
892 1017 1014 1063 non
1065 997 1436 1070 custodiuit,
1485 996 1709 1061 merito
1762 996 2097 1078 culpabilis
2134 997 2461 1061 inuenitur
2494 1031 2583 1042 —
2619 997 2781 1080 quid

470 1106 722 1184 mirum,
772 1106 826 1170 si
873 1104 1188 1188 peccatrix
1235 1123 1272 1168 a
1315 1107 1647 1187 peccatore
1693 1104 2036 1168 laudatur?
2844 1119 2879 1155 ⁵

563 1214 668 1278 62.
721 1209 905 1289 Quod
954 1212 1042 1274 ita
1087 1210 1270 1275 nobis
1317 1211 1596 1274 Faustus
1643 1210 1751 1275 uel
1794 1210 1937 1293 ipsa
1970 1211 2345 1274 Manichaea
2389 1211 2783 1293 peruersitas

473 1319 813 1382 arbitratur
859 1318 1221 1395 aduersum,
1280 1317 1462 1399 quasi
1518 1316 1703 1382 nobis
1761 1317 1826 1381 in
1880 1317 2057 1382 illius
2114 1317 2461 1401 scripturae
2516 1337 2782 1382 uenera-

471 1425 644 1490 tione
712 1425 1032 1509 diguoque
1097 1423 1432 1506 praeconio
1487 1423 1653 1487 uitia
1703 1424 2057 1500 hominum,
2118 1443 2277 1506 quae
2332 1424 2445 1488 illa
2501 1443 2785 1488 comme-

475 1535 699 1608 morat,
765 1550 1024 1596 necesse
1091 1531 1178 1595 sit
1241 1530 1625 1612 adprobare;
1692 1531 1842 1614 quin
1906 1530 2121 1613 potius
2188 1548 2448 1595 necesse
2505 1533 2623 1606 est,
2682 1533 2785 1608 ut,

477 1642 709 1722 quanto
733 1639 920 1702 illam
949 1637 1313 1721 religiosius
1343 1637 1713 1721 accipimus,
1744 1641 1919 1702 tanto
1952 1637 2249 1702 fidentius
2275 1637 2391 1701 illa
2419 1638 2787 1720 culpemuS,
2836 1653 2897 1689 ιο

476 1765 636 1828 quae
682 1766 794 1829 per
841 1745 976 1810 eius
1027 1745 1362 1808 ueritatem
1411 1744 1645 1808 certius
1696 1744 2007 1827 culpanda
2054 1744 2413 1809 didicimus.
2470 1743 2561 1808 ibi
2610 1743 2789 1808 enim

475 1852 806 1918 fornicatio
858 1855 922 1916 et
969 1851 1174 1916 omnis
1220 1850 1507 1914 inlicitus
1556 1851 1934 1915 concubitus
1983 1849 2199 1916 diuino
2246 1850 2381 1913 iure
2422 1850 2789 1926 damnatur,

479 1979 552 2024 ac
597 1979 710 2043 per
755 1959 899 2036 hoc,
949 1977 1094 2024 cum
1139 1956 1296 2022 talia
1342 1957 1737 2039 quorundam
1783 1957 1953 2021 facta
1998 1960 2471 2032 commemorat,
2520 1956 2597 2021 de
2644 1957 2791 2039 qui-

459 2067 600 2148 bus
651 2086 722 2131 eo
760 2066 902 2131 loco
945 2085 1124 2130 suam
1162 2067 1374 2130 taceat
1411 2064 1813 2142 sententiam,
1850 2063 2189 2129 iudicanda
2223 2064 2407 2129 nobis
2442 2064 2790 2147 permittit,

477 2192 600 2237 non
649 2171 970 2236 laudanda
1004 2170 1396 2254 praescribit.
1447 2169 1589 2252 quis
1630 2169 1799 2234 enim
1836 2173 2126 2236 nostrum
2162 2169 2227 2233 in
2263 2169 2405 2252 ipso
2446 2170 2791 2253 euangelio
2838 2183 2903 2222 1⁵

476 2297 602 2343 non
652 2277 1007 2341 detestatur
1042 2276 1314 2340 Herodis
1363 2275 1826 2354 crudelitatem,
1868 2295 2015 2341 cum
2053 2275 2130 2340 de
2170 2275 2405 2341 Christi
2441 2275 2791 2341 natiuitate

482 2383 800 2449 sollicitus
867 2385 966 2447 tot
1020 2382 1294 2447 infantes
1349 2381 1541 2446 iussit
1597 2383 1853 2448 occidi?
1918 2386 1985 2446 at
2037 2383 2160 2449 hoc
2213 2384 2455 2448 factum
2510 2383 2598 2448 ibi
2656 2402 2790 2447 non

478 2491 900 2572 uituperatur,
942 2488 1055 2554 sed
1089 2491 1342 2552 tantum
1379 2493 1685 2555 narratur.
1737 2488 1851 2554 sed
1886 2509 1964 2554 ne
2002 2490 2124 2555 hoc
2152 2489 2508 2554 Manichaei
2542 2507 2794 2554 uesana

477 2597 854 2681 inpudentia
899 2596 1134 2660 falsum
1184 2614 1324 2660 esse
1373 2595 1779 2674 contendant,
1818 2596 1967 2678 quia
2005 2600 2071 2660 et
2106 2597 2311 2680 ipsam
2352 2595 2587 2662 Christi
2624 2597 2793 2660 nati-

478 2705 772 2782 uitatem‚
814 2721 938 2785 qua
973 2701 1262 2766 Herodes
1309 2701 1719 2784 perturbatus
1771 2704 1889 2778 est,
1939 2705 2195 2786 negant,
2242 2703 2525 2786 ipsorum
2561 2702 2793 2766 Iudae·
2835 2717 2905 2754 ³⁰

479 2829 660 2873 orum
707 2808 1148 2873 inmanitatem
1206 2810 1272 2872 et
1329 2808 1704 2872 caecitatem
1758 2809 1995 2892 legant,
2054 2808 2589 2890 quemadmodum
2644 2808 2791 2873 illic

477 2914 923 2980 tantummodo
972 2917 1276 2992 narretur,
1327 2933 1450 2979 non
1499 2915 1917 2999 uituperetur‚
1968 2919 2033 2980 et
2076 2918 2288 2980 tamen
2350 2916 2426 2979 ab
2487 2915 2791 2980 omnibus

480 3021 850 3086 detestetur.

573 3129 677 3191 63.
731 3125 875 3204 Sed,
922 3126 1240 3208 inquiunt,
1289 3127 1412 3192 iste
1439 3128 1672 3207 ludas,
1722 3129 1831 3211 qui
1879 3148 2024 3193 cum
2064 3147 2181 3194 sua
2217 3148 2379 3192 nuru
2419 3129 2789 3206 concubuit,

482 3235 647 3297 inter
713 3232 1048 3297 duodecim
1113 3232 1504 3315 patriarchas
1569 3237 1970 3317 conputatur.
2040 3235 2192 3316 quid
2258 3236 2477 3300 enim?
2542 3239 2609 3299 et
2672 3235 2791 3300 ille
2836 3248 2903 3287 τι

481 3339 694 3417 ludas,
744 3340 852 3421 qui
901 3339 1225 3404 dominum
1273 3340 1554 3418 tradidit,
1604 3359 1812 3405 nonne
1857 3341 2024 3405 inter
2071 3340 2399 3407 duodecim
2460 3342 2791 3424 apostolos

481 3449 853 3511 numeratus
937 3449 1038 3511 est
1122 3449 1185 3509 et
1250 3465 1396 3510 cum
1462 3446 1554 3512 eis
1620 3467 1787 3511 unus
1854 3467 1925 3511 ex
1992 3447 2082 3514 eis
2149 3447 2229 3511 ad
2291 3446 2788 3530 praedicandum

667 3637 731 3690 12
760 3635 826 3690 cf.
855 3635 949 3690 Ex.
980 3637 1064 3700 20,
1095 3638 1164 3690 14
1194 3677 1208 3690 .
1239 3637 1300 3689 17
1416 3637 1480 3690 17
1511 3636 1577 3690 cf.
1606 3637 1804 3692 Matth.
1832 3638 1883 3704 2,
1914 3639 1981 3692 16
2089 3639 2159 3692 25
2188 3639 2254 3692 cf.
2286 3638 2419 3694 Gen.
2450 3639 2537 3702 25,
2566 3639 2637 3692 22
2664 3655 2791 3710 sqq.

553 3763 588 3815 3
639 3778 698 3830 q3
745 3763 835 3829 (m.
888 3762 922 3812 2
971 3760 1026 3813 ia
1069 3764 1355 3828 superscr.)
1403 3759 1451 3814 S
1594 3749 1635 3813 '4
1682 3760 1825 3827 Quid
1877 3763 1985 3816 inc.
2048 3778 2090 3815 c.
2140 3762 2208 3815 62
2254 3763 2317 3816 in
2362 3762 2394 3816 b
2540 3763 2572 3816 6
2610 3764 2789 3816 mani·

485 3849 614 3903 chea
650 3849 704 3902 L
861 3849 892 3901 7
931 3849 1240 3902 ueneration
1279 3847 1334 3901 L
1519 3851 1552 3903 9
1592 3849 1889 3920 approbare
1932 3849 2009 3905 6²
2190 3851 2259 3905 10
2294 3851 2552 3905 fidentius
2592 3849 2687 3918 (fid
2724 3852 2795 3904 in

483 3943 619 4003 ras.)
649 3936 704 3989 L
849 3938 1138 4006 culpaemus
1167 3935 1216 3992 S
1340 3940 1402 3992 11
1443 3937 1769 4008 culpandam
1797 3939 1851 3992 L
1978 3943 2045 3994 14
2074 3939 2363 3994 iudicanda
2400 3947 2455 4010 (n
2492 3957 2535 3994 8.
2576 3941 2611 3996 l.
2650 3955 2794 3994 corr.

487 4043 550 4080 ex
585 4024 844 4094 iudicata)
881 4025 932 4080 G
1045 4027 1109 4078 15
1139 4025 1486 4096 praescripsit
1512 4025 1566 4079 L
1679 4027 1745 4080 16
1783 4026 2087 4082 detestatur
2118 4029 2205 4094 (de
2234 4045 2277 4083 8.
2309 4029 2344 4082 Ζ.
2375 4045 2413 4082 a
2440 4046 2508 4082 m.
2538 4029 2593 4092 2)
2622 4027 2803 4083 LSM

488 4115 729 4168 detestat
777 4116 864 4184 (ev
918 4113 1047 4169 add.
1093 4130 1163 4170 m.
1207 4123 1330 4170 rec.)
1384 4115 1432 4170 G
1611 4116 1676 4168 17
1736 4115 1805 4168 ad
1847 4116 1921 4169 L¹
1980 4134 2039 4170 at
2102 4117 2159 4184 (d
2204 4117 2266 4171 in
2312 4121 2339 4170 t
2382 4117 2537 4186 mut.)
2583 4116 2797 4172 ΗΜΘ

487 4204 555 4256 18
610 4203 876 4257 manichei
930 4201 1049 4257 Lo
1222 4203 1290 4258 19
1347 4221 1406 4275 q3
1463 4204 1551 4274 (m.
1609 4207 1642 4257 2
1697 4206 1751 4258 ia
1804 4209 2091 4274 superscr.)
2148 4205 2196 4260 S
2408 4209 2465 4259 et
2527 4221 2630 4261 om.
2688 4204 2799 4260 SG-

487 4291 658 4358 ipsam
717 4299 786 4355 (8.
847 4291 880 4344 Ζ.
926 4289 1004 4356 G)
1062 4291 1224 4345 etiam
1265 4291 1365 4346 SG
1545 4293 1614 4346 20
1668 4297 1873 4364 negant
1930 4297 1984 4362 (a
2048 4311 2164 4362 emo.
2222 4299 2275 4348 et
2327 4311 2356 4348 e
2409 4309 2672 4362 superscr.
2722 4312 2801 4350 m.

491 4379 543 4444 2)
584 4377 628 4431 S
767 4377 1047 4431 iudeorum
1093 4378 1141 4432 G
1244 4380 1302 4432 21
1353 4381 1820 4449 quemammodum
1859 4379 1911 4434 L
2020 4384 2087 4435 ‘25
2126 4382 2231 4437 XII
2270 4381 2369 4437 SG
