3159 4984
760 433 847 486 VI.
886 431 1177 487 Contra
1232 433 1600 487 Faustum
1657 433 1787 487 lib.
1844 433 2096 487 XXXIII.
2497 437 2623 499 795

420 631 479 694 8.
542 628 837 695 Ceterum
888 629 997 712 qui
1042 629 1197 692 haec
1246 648 1367 692 non
1416 629 1722 712 litigiose.
1773 629 1885 694 sed
1931 629 2182 713 placide
2233 649 2306 694 ac
2353 628 2626 693 fideliter

330 738 659 818 quaerunt,
728 735 1034 800 accedant
1094 736 1173 800 ad
1232 735 1555 800 Christum
1623 757 1746 801 non
1815 751 1996 801 carne
2065 736 2177 800 sed
2237 737 2442 805 corde.
2501 755 2625 800 non

330 841 611 925 corporis
679 843 1064 926 praesentia,
1133 843 1246 907 sed
1310 842 1459 906 fidei
1523 843 1836 926 potentia,
1905 843 2074 908 sicut
2140 842 2252 907 ille
2319 841 2625 918 centurio,

328 951 482 1013 tunc
538 949 792 1026 melius,
852 949 1005 1031 quid
1058 948 1427 1014 Matthaeus
1486 949 1729 1024 dixerit,
1790 951 2089 1038 sentient.
2153 949 2391 1014 talibus
2459 947 2626 1012 enim

270 1082 295 1120 5
332 1055 566 1120 dicitur
615 1056 679 1119 in
724 1056 1014 1138 psalmo:
1080 1056 1422 1121 accedite
1471 1055 1557 1119 ad
1609 1075 1771 1121 eum
1821 1060 1895 1120 et
1936 1054 2506 1120 inluminamini
2555 1057 2628 1118 et

332 1164 602 1228 uultus
681 1165 924 1228 uestri
999 1182 1142 1227 non
1218 1163 1694 1230 erubescent.
1782 1164 1948 1227 unde
2024 1164 2322 1230 centurio.
2372 1162 2484 1226 ille
2549 1161 2628 1225 ad

336 1268 663 1337 Christum
718 1270 925 1353 magis
983 1273 1358 1346 accesserat,
1427 1270 1610 1334 cuius
1667 1270 1858 1334 fidem
1914 1271 2004 1334 ita
2057 1270 2370 1346 laudauit,
2438 1287 2626 1352 quam

332 1375 431 1440 illi
474 1377 622 1460 ipsi,
670 1395 783 1459 per
830 1396 991 1459 quos
1038 1376 1233 1440 uerba
1280 1396 1397 1441 sua
1442 1377 1638 1441 misit.
1697 1377 1846 1442 huic
1892 1378 1982 1441 rei
2030 1377 2238 1441 simile
2288 1380 2387 1441 est
2437 1377 2626 1440 etiam

333 1483 517 1563 illud,
559 1483 730 1567 quod
770 1483 1066 1548 dominus
1106 1483 1230 1547 ait:
1278 1483 1548 1567 tetigit
1593 1503 1702 1548 me
1744 1484 2048 1567 aliquis,
2090 1483 2339 1567 quando
2379 1483 2626 1558 mulier,

256 1615 305 1652 ιο
335 1607 493 1672 quae
531 1589 771 1654 fluxum
810 1589 1138 1673 sanguinis
1176 1591 1557 1674 patiebatur,
1598 1594 1864 1673 tangens
1900 1588 2214 1653 fimbriam
2251 1588 2626 1652 uestimenti

335 1695 473 1760 eius
541 1698 723 1760 salua
784 1697 952 1760 facta
1017 1699 1133 1761 est.
1209 1696 1332 1761 hoc
1408 1697 1573 1760 enim
1651 1696 2027 1761 mirabiliter
2093 1695 2424 1778 discipulis
2492 1694 2626 1759 suis

336 1801 543 1866 dicere
581 1803 955 1867 uidebatur:
1007 1803 1177 1885 quis
1215 1822 1325 1867 me
1364 1802 1676 1886 tetigit?
1717 1804 1818 1866 et:
1859 1802 2127 1888 tetigit
2163 1820 2272 1865 me
2314 1801 2625 1883 aliquis,

335 1926 479 1972 cum
538 1928 683 1972 eum
739 1909 927 1972 turba
982 1909 1421 1992 conprimeret.
1492 1909 1764 1991 denique
1828 1909 1950 1974 hoc
2007 1909 2064 1972 ei
2119 1907 2627 1990 responderunt:

335 2015 604 2078 turbae
642 2017 716 2078 te
756 2016 1257 2097 conprimunt,
1299 2017 1373 2079 et
1411 2014 1634 2082 dicis:
1686 2016 1856 2098 quis
1902 2035 2014 2080 me
2053 2015 2363 2098 tetigit?
2411 2033 2628 2096 quem-

238 2149 293 2188 15
336 2120 676 2185 admodum
734 2141 881 2206 ergo
938 2122 1034 2186 illi
1089 2123 1478 2206 premebant,
1539 2121 1654 2186 sed
1707 2122 1820 2186 illa
1873 2122 2113 2205 tetigit,
2163 2121 2256 2186 sic
2303 2119 2401 2184 illi
2445 2119 2630 2184 missi

333 2229 511 2290 erant
556 2227 635 2290 ad
675 2227 1022 2306 Christum,
1072 2229 1185 2293 sed
1223 2229 1507 2294 centurio
1546 2229 1754 2313 magis
1793 2229 2084 2294 accessit.
2133 2211 2628 2292 ita‘Matthaeus

332 2335 398 2396 et
462 2353 703 2398 morem
760 2355 883 2401 non
940 2354 1145 2417 usque
1202 2336 1358 2401 adeo
1416 2335 1761 2401 inusitatae
1817 2335 2168 2400 locutionis
2227 2333 2513 2399 seruauit
2568 2336 2632 2397 et

332 2439 601 2521 mystice
650 2440 890 2524 aliquid
936 2442 1293 2516 intimauit;
1352 2443 1557 2506 Lucas
1617 2450 1830 2506 autem
1892 2443 2011 2506 hoc
2069 2442 2280 2524 ipsum
2329 2439 2630 2523 quemad-

331 2545 591 2610 modum
638 2551 891 2630 gestum
940 2553 1132 2615 esset.
1183 2549 1481 2624 ostendit,
1530 2553 1608 2612 ut
1651 2550 1800 2613 hinc
1847 2549 2178 2612 aduertere
2237 2565 2628 2629 cogeremur,

247 2681 301 2719 πο
332 2651 493 2715 illud
540 2653 907 2717 Matthaeus
956 2655 1491 2735 quemadmodum
1540 2654 1784 2718 dixerit.
1853 2655 2092 2718 uellem
2155 2671 2326 2730 sane,
2384 2657 2458 2715 ut
2517 2652 2626 2715 ali-

332 2758 475 2838 quis
539 2757 809 2822 istorum
874 2779 1206 2835 uanorum,
1275 2759 1380 2842 qui
1438 2760 1808 2824 huiusmodi
1865 2758 2386 2843 quaestiunculas
2448 2759 2630 2839 quasi

332 2883 594 2946 magnas
644 2865 1033 2930 calumniose
1082 2866 1369 2931 obiciunt
1414 2867 1769 2950 euangelio.
1817 2871 2100 2930 narraret
2159 2864 2398 2947 aliquid
2459 2865 2628 2930 idem

328 2969 467 3052 ipse
523 2970 623 3034 bis
680 2990 965 3048 numero,
1024 2991 1147 3037 non
1201 2972 1437 3037 falsum
1493 2992 1610 3038 nec
1667 2972 1998 3046 fallaciter,
2066 2971 2178 3036 sed
2245 2971 2500 3036 omnino
2568 2971 2632 3034 id

331 3076 554 3141 uolens
602 3076 895 3143 intimare
945 3081 1010 3142 et
1055 3098 1381 3162 exponere,
1432 3083 1496 3144 et
1542 3080 1693 3145 stilo
1744 3079 2179 3162 exciperentur
2236 3078 2430 3142 uerba
2491 3078 2628 3142 eius

248 3212 301 3250 25
334 3181 517 3264 eique
569 3183 1008 3261 recitarentur,
1068 3188 1285 3250 utrum
1344 3205 1463 3250 non
1522 3186 1767 3269 aliquid
1821 3186 1968 3268 plus
2027 3184 2326 3249 minusue
2394 3185 2633 3248 diceret

506 3393 540 3445 ὸ
575 3392 664 3446 Ps.
704 3393 791 3458 33,
829 3397 861 3447 6
976 3395 1041 3448 12
1080 3396 1207 3449 Luc.
1246 3396 1295 3460 8,
1333 3396 1402 3449 43
1440 3411 1557 3465 sqq.

406 3517 427 3567 l
470 3519 705 3588 ceterum
752 3518 799 3572 Ο
971 3519 1249 3589 litigiosae
1286 3520 1387 3575 SG
1558 3520 1802 3590 placidae
1840 3520 1918 3574 L²
2026 3519 2058 3571 2
2097 3518 2362 3574 accedant
2397 3521 2448 3581 (a
2493 3533 2628 3571 corr.

328 3635 394 3674 cx
430 3638 465 3674 u
504 3639 572 3676 m.
610 3627 661 3688 1)
708 3624 813 3679 OS·
950 3614 1094 3697 {pr—n]
1133 3615 1245 3680 iiffn
1283 3627 1368 3680 Pb
1505 3627 1537 3681 3
1576 3627 1986 3697 ssllpraesentia
2025 3629 2156 3693 (ras.
2194 3629 2369 3693 quatt.
2411 3624 2536 3688 litt.)
2575 3621 2627 3674 L

325 3712 359 3764 4
394 3712 670 3766 mattheus
705 3713 815 3767 LC'
917 3715 950 3769 8
988 3717 1151 3769 etiam
1182 3724 1245 3784 (s.
1275 3717 1311 3770 l.
1340 3732 1459 3784 sup.
1492 3733 1612 3785 exp.
1651 3717 1814 3782 enim)
1844 3716 1891 3771 S
1996 3717 2062 3770 10
2100 3715 2255 3784 quae]
2298 3729 2399 3783 que
2430 3715 2481 3781 (e
2512 3727 2577 3765 ex
2606 3711 2622 3764 i

328 3815 463 3852 corr.
502 3806 550 3853 et
588 3851 601 3870 ὁ
639 3818 705 3856 m.
746 3803 779 3855 2
820 3805 973 3868 add.)
1011 3805 1164 3859 LPS
1200 3806 1293 3875 qui
1326 3805 1377 3860 G
1407 3822 1509 3876 que
1542 3806 1609 3858 M
1723 3806 1778 3858 11
1815 3809 1899 3859 est
1925 3805 2070 3858 facta
2099 3801 2198 3856 SG
2301 3802 2376 3860 ,14
2408 3814 2628 3869 conpre-

326 3893 482 3942 munt
506 3888 576 3942 M
712 3907 869 3960 quem
899 3893 1186 3948 admodum
1226 3895 1273 3948 Ο
1415 3897 1481 3949 15
1510 3897 1730 3965 pmebat
1757 3893 1858 3948 LS
1879 3891 2162 3963 premebat
2194 3891 2245 3944 G
2395 3889 2459 3942 16
2488 3892 2628 3941 mat-

326 3974 486 4029 theus
516 3976 620 4030 Lo
728 3979 792 4032 17
832 3981 1093 4034 inusitate
1124 3983 1247 4037 ΜΘ
1391 3983 1654 4036 locutioni
1684 3981 1784 4036 SG
1821 3981 2112 4036 locutionis
2144 3981 2190 4046 (s
2218 3994 2261 4032 s.
2293 3977 2350 4045 l.)
2382 3974 2632 4029 L2P³M²

327 4064 569 4120 seruabit
604 4065 837 4122 L¹M¹G
875 4069 1125 4124 seruabat
1167 4073 1206 4138 (i
1243 4072 1306 4124 in
1344 4089 1375 4125 a
1410 4072 1570 4140 corr.)
1611 4071 1658 4127 S
1767 4071 1832 4125 18
1870 4070 2080 4124 mistice
2111 4068 2217 4122 LC
2251 4065 2476 4136 mystice
2505 4061 2632 4117 8¹6

325 4133 603 4236 ffifimauit
640 4137 848 4254 alliquid
884 4186 933 4240 0
1104 4186 1224 4257 hoc]
1256 4187 1323 4241 ad
1351 4187 1453 4241 hoc
1481 4187 1588 4240 Lc)
1614 4191 1669 4241 et
1705 4186 1807 4240 hoc
1834 4185 1938 4240 Mb
2117 4185 2182 4238 21
2223 4180 2630 4252 ᾏᾳὶᾳεςῑΙΙιιιίιιε-

326 4269 474 4324 modi
515 4273 563 4326 0
667 4274 736 4327 22
774 4275 1135 4330 calumniosae
1197 4276 1313 4330 GS¹
1453 4291 1515 4329 ex
1570 4275 1856 4345 euangelio
1914 4279 1998 4342 (ex
2051 4290 2093 4328 s.
2153 4274 2188 4329 1.
2247 4289 2284 4325 a
2337 4287 2408 4324 m.
2463 4269 2518 4336 2)
2577 4267 2631 4321 L

324 4357 395 4410 23
423 4357 530 4428 bis]
567 4367 651 4422 bis
692 4364 749 4429 (b
791 4380 855 4419 ex
891 4381 925 4418 u
965 4381 1099 4419 corr.
1138 4381 1206 4418 m.
1247 4367 1301 4428 2)
1341 4365 1587 4419 LSMP³
1622 4367 1706 4420 uis
1750 4365 1800 4420 G
1875 4368 1944 4420 24
1983 4366 2097 4419 eius
2131 4367 2194 4427 (s,
2227 4364 2261 4417 l.
2303 4379 2338 4414 a
2376 4375 2444 4412 m.
2483 4363 2535 4416 1)
2573 4358 2626 4411 L
