3159 4984
1049 414 1180 469 1111.
1237 413 1529 469 Contra
1585 414 2091 470 Adimantum.
2571 412 2693 476 171

407 608 488 672 de
536 607 776 673 inimici
823 607 1180 684 dilectione,
1218 613 1293 674 ut
1329 628 1452 675 non
1497 609 1798 673 reddatur
1842 610 2081 673 malum
2117 628 2231 691 pro
2267 608 2457 684 malo,
2494 624 2701 672 nonne

406 714 476 778 in
539 714 866 781 ueteribus
931 715 1109 780 libris
1174 716 1443 799 legitur:
1512 716 1805 781 domine
1880 716 2063 782 deus
2128 734 2357 791 meus,
2424 714 2488 778 si
2552 713 2701 779 feci

407 820 644 899 istud,
713 821 777 887 si
843 826 960 887 est
1023 822 1394 904 iniquitas
1459 823 1534 887 in
1600 823 1941 887 manibus
2008 822 2213 896 meis,
2272 821 2337 886 si
2400 819 2701 884 reddidi

409 926 1026 992 retribuentibus
1075 928 1256 991 mihi
1304 930 1516 1002 mala,
1557 928 1894 993 decidam
1930 928 2199 993 merito
2240 926 2325 990 ab
2364 926 2699 990 inimicis

345 1058 374 1095 ε»
413 1034 598 1096 meis
663 1034 963 1098 inanis?
1029 1035 1172 1115 quis
1236 1034 1356 1098 hoc
1423 1034 1681 1109 diceret,
1756 1033 1877 1099 nisi
1952 1033 2060 1115 qui
2125 1032 2318 1096 sciret
2388 1031 2509 1096 hoc
2583 1030 2699 1095 deo

411 1140 680 1222 placere,
747 1144 824 1205 ut
884 1142 1124 1205 malum
1189 1162 1300 1225 pro
1365 1142 1534 1207 malo
1593 1159 1780 1208 nemo
1823 1140 2093 1205 reddat?
2140 1139 2257 1204 sed
2299 1139 2421 1204 hoc
2465 1137 2705 1221 perfec-

415 1246 628 1310 torum
676 1251 794 1323 est,
842 1252 916 1312 ut
960 1266 1083 1313 non
1134 1248 1381 1313 oderint
1425 1248 1490 1313 in
1537 1248 1976 1333 peccatoribus
2023 1246 2147 1311 nisi
2201 1248 2479 1329 peccata,
2526 1244 2700 1327 ipsos

413 1355 627 1417 autem
673 1354 962 1419 homines
1001 1354 1304 1438 diligant;
1344 1358 1410 1419 et
1447 1374 1594 1420 cum
1630 1354 1975 1421 uindicant.
2015 1373 2136 1419 non
2176 1350 2502 1417 uindicent
2536 1368 2701 1415 acer-

411 1460 612 1524 bitate
677 1459 1002 1535 saeuitiae,
1071 1461 1184 1525 sed
1249 1461 1679 1527 moderatione
1741 1460 2046 1527 iustitiae.
2094 1479 2170 1523 ne
2217 1460 2357 1541 ipsa
2401 1456 2699 1522 relaxatio

326 1590 380 1629 ιο
413 1566 658 1648 peccati
739 1567 884 1650 plus
959 1570 1185 1633 noceat
1254 1568 1570 1651 peccatori
1642 1586 1831 1650 quam
1904 1585 2105 1650 poena
2176 1565 2516 1631 uindictae.
2591 1584 2707 1630 nec

420 1674 630 1735 tamen
677 1672 798 1737 hoc
845 1674 1130 1738 fecerunt
1175 1675 1332 1739 iusti
1377 1674 1666 1740 homines
1714 1673 1837 1738 nisi
1884 1672 2259 1738 auctoritate
2327 1672 2563 1750 diuina,
2628 1690 2707 1736 ne

419 1778 562 1858 quis
609 1779 947 1845 arbitretur
990 1780 1230 1863 passim
1277 1781 1400 1845 sibi
1447 1800 1587 1846 esse
1632 1782 2015 1865 permissum
2060 1799 2281 1845 necare
2320 1798 2507 1861 quem
2546 1778 2708 1843 uelit

419 1887 531 1947 aut
574 1884 809 1951 iudicio
847 1888 1140 1969 persequi
1177 1890 1290 1952 aut
1323 1888 1545 1971 poenis
1585 1887 1977 1969 quibuslibet
2012 1887 2328 1970 adfligere.
2368 1884 2703 1968 aliquando

422 1994 633 2055 autem
681 1996 894 2076 aperte
941 1994 1198 2077 ponitur
1242 1994 1306 2057 in
1355 1994 1688 2077 scripturis
1734 1995 1871 2078 ipsa
1920 1994 2134 2057 diuina
2180 1993 2545 2069 auctoritas,
2594 1991 2705 2056 ali-

326 2124 378 2163 15
420 2098 667 2177 quando
717 2102 930 2164 autem
977 2101 1354 2167 occultatur.
1413 2106 1486 2165 ut
1551 2104 1617 2165 et
1679 2100 2032 2164 manifestis
2096 2100 2297 2165 lector
2359 2100 2709 2164 instruatur

419 2210 482 2266 et
531 2210 892 2271 exerceatur
937 2208 1245 2274 obscuris,

513 2311 694 2377 Certe
768 2314 1096 2380 inimicum
1171 2319 1236 2379 et
1307 2319 1775 2398 persecutorem
1860 2333 2049 2381 suum
2134 2314 2322 2379 nimis
2387 2313 2705 2397 ingratum

421 2421 487 2481 et
533 2419 722 2485 nimis
767 2420 1072 2487 infestum
1120 2422 1274 2488 Saul
1335 2442 1549 2507 regem
1614 2422 1861 2505 accepit
1904 2420 2113 2486 Dauid
2166 2421 2231 2484 in
2296 2421 2703 2505 potestatem,

420 2528 493 2589 ut
557 2526 616 2590 ei
679 2526 915 2593 faceret
977 2528 1147 2612 quod
1209 2530 1446 2603 uellet;
1515 2533 1579 2595 et
1671 2529 1866 2613 elegit
1925 2548 2178 2612 parcere
2233 2528 2447 2612 potius
2514 2544 2703 2609 quam

326 2656 380 2695 ω
423 2632 732 2699 occidere.
781 2654 903 2701 non
953 2636 1120 2700 enim
1169 2640 1304 2701 erat
1337 2637 1554 2703 iussus
1595 2636 1877 2703 occidere
1916 2635 2031 2701 sed
2066 2655 2271 2718 neque
2306 2633 2702 2718 prohibitus;

415 2738 611 2804 immo
659 2740 850 2805 etiam
889 2742 1195 2807 diuinitus
1235 2743 1518 2808 audierat
1553 2762 1623 2808 se
1658 2743 1892 2826 inpune
1928 2742 2133 2807 facere
2171 2739 2472 2824 quicquid
2508 2739 2707 2804 uellet

416 2843 712 2921 inimico;
763 2850 829 2911 et
871 2852 1085 2912 tamen
1132 2851 1373 2913 tantam
1419 2851 1799 2933 potestatem
1848 2848 1928 2913 ad
1972 2846 2521 2911 mansuetudinem
2561 2864 2703 2910 con-

417 2950 588 3015 tulit.
655 2952 904 3017 dicatur
961 2953 1122 3019 mihi
1184 2974 1371 3037 quem
1418 2956 1656 3033 timuit,
1705 2975 1850 3020 cum
1894 2954 2243 3019 interficere
2298 2952 2523 3020 noluit.
2588 2969 2703 3016 nec

418 3055 738 3123 hominem
784 3077 1128 3142 possumus
1157 3060 1364 3125 dicere
1393 3060 1708 3135 timuisse,
1739 3079 1927 3142 quem
1967 3060 2295 3143 acceperat
2329 3059 2393 3123 in
2430 3060 2708 3142 potesta-

327 3188 382 3228 ιε
413 3164 565 3240 tem,
633 3184 746 3230 nec
801 3165 1013 3234 deum.
1080 3166 1189 3249 qui
1253 3165 1529 3232 dederat.
1596 3166 1707 3231 ubi
1772 3186 1919 3251 ergo
1984 3184 2099 3230 nec
2166 3163 2510 3229 difficultas
2575 3163 2703 3229 fuit

419 3270 742 3335 occidendi
789 3291 903 3337 nec
948 3272 1157 3349 timor,
1207 3273 1462 3338 dilectio
1509 3273 1793 3357 pepercit
1835 3272 2113 3337 inimico.
2164 3288 2309 3335 ecce
2346 3269 2555 3334 Dauid
2589 3269 2701 3334 ille

417 3374 688 3444 bellator
732 3379 1001 3464 inpleuit
1046 3383 1452 3464 praeceptum
1501 3379 1757 3448 Christi.
1806 3378 1977 3462 quod
2034 3378 2414 3462 accepimus,
2455 3380 2529 3441 ut
2556 3376 2703 3440 uili-

418 3500 642 3575 gamus
689 3486 1001 3551 inimicos.
1067 3490 1256 3569 atque
1319 3487 1562 3551 utinam
1628 3486 1749 3552 hoc
1812 3484 2211 3549 imitar-ntur
2254 3483 2384 3553 isti,
2434 3482 2542 3565 qui
2588 3483 2703 3546 hu-

593 3696 626 3746 2
664 3695 752 3749 Ps.
793 3696 842 3758 7,
881 3697 916 3748 4
953 3712 1034 3767 sq.
1144 3698 1214 3749 22
1251 3696 1316 3749 cf.
1354 3696 1381 3749 1
1419 3698 1554 3767 Reg.
1593 3698 1680 3753 24.
1718 3696 1751 3749 3
1789 3712 1906 3766 sqq.
1946 3699 2001 3749 et
2038 3694 2125 3758 26,
2164 3694 2197 3747 8
2236 3710 2352 3763 sqq.

489 3878 516 3929 1
557 3874 892 3939 ᾶίῑεοῒίοιιεῃ
921 3877 982 3927 ut
1013 3839 1166 3941 ¹¹(non
1196 3874 1288 3942 er.)
1315 3873 1392 3927 G²
1521 3873 1719 3943 nonne]
1750 3889 1857 3927 non
1881 3871 1950 3936 G,
1969 3887 2072 3926 om.
2098 3868 2330 3925 TCSVb
2438 3867 2471 3922 8
2499 3866 2703 3921 acerbi-

417 3998 529 4049 tate
561 3991 616 4060 (b
647 4008 712 4047 ex
740 4006 775 4042 u
804 4005 938 4044 corr.
943 3988 1110 4055 >1²³6
1116 3989 1136 4022 ²
1246 3988 1312 4043 13
1340 3989 1539 4044 iudicio
1569 4006 1673 4045 om.
1700 3988 1755 4043 P
1864 3986 1931 4042 18
1959 3986 2221 4051 infectum
2248 3984 2305 4038 P
2416 3982 2615 4054 acctpit
2628 3981 2705 4037 θ’*

418 4108 611 4179 accipit
652 4108 699 4161 C
837 4107 1109 4175 potestate
1146 4104 1178 4159 b
1291 4106 1356 4159 19
1395 4108 1450 4159 et
1484 4122 1587 4161 om.
1628 4105 1689 4168 P,
1730 4105 1824 4170 (m.
1847 4105 1945 4157 2⁸.
1970 4103 2004 4157 l.
2036 4102 2241 4168 adeor.)
2267 4099 2319 4155 G
2428 4098 2496 4153 20
2526 4114 2617 4152 era
2655 4097 2711 4151 P

417 4226 483 4279 21
540 4224 704 4294 etiam
760 4223 815 4276 P
1009 4220 1210 4292 inpune
1255 4218 1330 4273 6²
1364 4220 1621 4291 impugna
1670 4220 1723 4273 V
1842 4218 1910 4271 23
1950 4217 2089 4287 cum]
2129 4233 2285 4287 quem
2328 4214 2379 4267 Ρ
2499 4213 2568 4267 26
2607 4228 2701 4283 pe·

423 4340 606 4412 percit]
645 4336 812 4409 pfecit
855 4336 906 4390 (τ’
927 4336 1090 4409 ,ρῆοἰῒ
1129 4332 1176 4388 S
1206 4334 1436 4406 profecit
1479 4334 1668 4390 TGVb
1778 4332 1846 4387 28
1885 4333 2059 4403 adque
2096 4332 2149 4385 P
