3159 4984
450 443 578 512 740
1145 440 1197 492 S.
1257 439 1528 492 Aureli
1587 438 2023 508 Augustini

449 653 655 718 usque
703 635 781 699 ad
827 639 1113 717 tempora
1159 637 1287 700 ista
1333 636 1645 719 perduxit.
1698 638 1762 698 et
1810 635 1910 700 dic
1954 635 2134 712 mihi,
2186 635 2291 700 cui
2324 635 2487 700 libr'o
2525 634 2746 718 potius

450 741 702 807 credere
760 742 1143 806 debeamus:
1213 742 1430 806 eiusne
1496 741 1791 825 apostoli,
1841 741 1953 824 qui
2001 741 2276 820 Christo,
2335 760 2481 806 cum
2537 740 2748 804 adhuc

448 849 513 912 in
560 851 749 934 terra
776 852 967 922 esset,
1017 848 1411 924 adhaeserat,
1460 867 1537 913 an
1585 848 1800 913 nescio
1859 848 2044 913 cuius
2089 849 2342 926 Persae,
2399 847 2512 942 qui
2564 851 2746 912 tanto

449 957 599 1039 post
642 960 831 1020 natus
881 957 1030 1020 est?
1098 954 1213 1020 sed
1258 955 1457 1020 alium
1503 955 1667 1022 forte
1713 956 1994 1039 proferes
2039 955 2298 1030 librum,
2357 949 2470 1037 q'ui
2513 972 2746 1018 nomen

449 1061 683 1126 habeat
727 1061 999 1134 alicuius
1048 1062 1343 1145 apostoli,
1401 1081 1593 1144 quem
1652 1080 1688 1126 a
1735 1061 1989 1126 Christo
2039 1064 2291 1126 constat
2337 1061 2633 1136 electum,
2683 1061 2749 1123 et
2805 1082 2838 1122 ε

447 1169 540 1233 ibi
580 1167 907 1234 Christum
952 1171 1174 1233 natum
1224 1188 1296 1233 ex
1331 1169 1535 1234 Maria
1580 1188 1704 1234 non
1755 1187 1894 1234 esse
1940 1169 2225 1232 lecturus
2271 1185 2362 1234 es,
2411 1186 2556 1232 cum
2596 1184 2747 1250 ergo

448 1294 711 1342 necesse
759 1275 845 1340 sit
891 1276 1162 1340 alterum
1208 1275 1437 1341 horum
1481 1276 1792 1341 librorum
1842 1294 1982 1340 esse
2028 1274 2422 1347 mendacem,
2478 1274 2582 1338 cui
2627 1293 2747 1338 nos

449 1379 667 1462 potius
734 1399 956 1446 censes
1022 1381 1212 1458 fidem
1281 1380 1766 1446 adcommodare
1823 1379 2102 1448 debere?
2170 1381 2330 1456 eine,
2388 1400 2578 1464 quem
2632 1380 2750 1444 illa

450 1487 721 1552 ecclesia
767 1488 845 1552 ab
892 1489 1032 1570 ipso
1074 1488 1327 1553 Christo
1374 1488 1676 1566 inchoata
1720 1507 1834 1570 per
1869 1488 2197 1570 apostolos
2233 1491 2534 1572 prouecta
2575 1480 2750 1551 certa

450 1593 933 1658 successionum
981 1592 1143 1667 serie
1190 1611 1396 1675 usque
1436 1592 1515 1656 ad
1551 1591 1710 1656 haec
1735 1595 2034 1675 tempora
2071 1594 2210 1658 toto
2247 1596 2553 1656 terrarum
2595 1592 2748 1658 orbe
2789 1615 2846 1654 ιο

449 1697 718 1770 dilatata
764 1700 842 1764 ab
888 1699 1071 1764 initio
1118 1699 1423 1764 traditum
1472 1703 1537 1764 et
1585 1705 2036 1774 conseruatum
2081 1699 2373 1784 agnoscit
2411 1701 2600 1782 atque
2639 1698 2748 1762 ad-

446 1805 691 1889 probat,
740 1825 817 1870 an
868 1807 945 1884 ei,
995 1825 1185 1890 quem
1235 1806 1455 1871 eadem
1502 1807 1774 1871 ecclesia
1807 1807 2208 1890 incognitum
2245 1807 2558 1892 reprobat,
2597 1825 2744 1871 cum

450 1913 644 1985 etiam
708 1912 1064 1997 proferatur
1127 1914 1204 1978 ab
1271 1912 1639 1994 hominibus
1702 1913 1794 1977 ita
1856 1912 2214 1990 ueracibuS,
2279 1918 2354 1977 ut
2419 1912 2746 2002 Christum

445 2019 712 2084 laudent
760 2038 900 2084 esse
946 2019 1343 2084 mentitum?

541 2128 601 2190 3.
668 2126 793 2192 Hic
850 2126 1137 2192 dicturus
1195 2145 1301 2191 es:
1360 2127 1737 2211 genealogia
1790 2127 1930 2210 ipsa
1987 2126 2421 2206 consideretur
2472 2126 2743 2192 duorum
2779 2151 2842 2187 ιε,

451 2234 771 2318 euangelii
826 2233 1154 2309 librorum,
1211 2237 1428 2298 utrum
1452 2277 1457 2282 .
1484 2233 1608 2298 sibi
1664 2234 2023 2300 conueniat.
2085 2233 2214 2316 iam
2269 2233 2418 2298 hinc
2471 2234 2622 2300 alibi
2679 2235 2742 2297 in

448 2339 571 2406 hoc
637 2361 823 2424 opere
892 2339 1224 2414 diximus,-
1264 2341 1433 2422 quod
1498 2340 1838 2436 dicendum
1903 2341 2046 2407 fuit.
2121 2359 2326 2422 neque
2393 2341 2558 2406 enim
2622 2361 2743 2406 uos

447 2449 687 2524 mouet,
718 2447 855 2516 ,nisi
891 2447 1426 2530 quemadmodum
1465 2447 1626 2512 duos
1664 2451 1876 2531 patres
1910 2447 2196 2530 potuerit
2230 2448 2458 2512 habere
2487 2448 2742 2530 Ioseph.

448 2553 676 2637 quodsi
734 2553 1167 2638 cogitantibus
1224 2573 1347 2620 non
1405 2553 1790 2632 occurrisset
1842 2573 2030 2631 unuS,
2089 2555 2200 2636 qui
2254 2554 2498 2638 genuit,
2553 2553 2741 2631 alius,

446 2661 559 2743 qui
604 2661 960 2743 adoptauit,
1010 2679 1127 2728 nec
1174 2660 1267 2725 sic
1312 2659 1497 2726 facile
1546 2659 1861 2726 debuistis
1897 2660 2207 2728 aduersus
2243 2663 2488 2725 tantam
2527 2663 2742 2726 aucto·
2767 2647 2838 2719 'so

446 2767 701 2830 ritatem
747 2785 1229 2850 praeproperam
1284 2766 1561 2851 proferre
1619 2766 2036 2842 sententiam3
2094 2785 2262 2832 nunc
2316 2785 2466 2832 uero
2523 2768 2582 2832 si
2635 2769 2740 2833 uel

448 2872 759 2940 admoniti
807 2873 1155 2957 cogitatis,
1181 2892 1372 2956 quam
1418 2874 1539 2939 hoc
1587 2873 1724 2939 fieri
1770 2873 2071 2958 potuerit,
2120 2874 2451 2957 euangelio
2499 2874 2740 2958 simpli-

452 2980 611 3044 citer
657 2979 895 3044 credite
944 2981 1009 3043 et
1053 2998 1172 3052 uos
1219 2979 1436 3062 potius
1483 2982 1617 3060 tam
1663 2981 1832 3045 male
1870 2999 1944 3045 ac
1979 2999 2276 3064 peruerse
2313 2964 2742 3065 argumentari

448 3085 762 3151 desistite.
1158 3157 1161 3162 ,

540 3193 601 3257 4.
671 3191 854 3271 Quod
912 3194 1128 3256 autem
1184 3195 1369 3276 putat
1424 3194 1852 3275 quaerendum
1909 3213 2049 3260 esse
2096 3194 2399 3274 FaustuS‚
2455 3193 2609 3277 quid
2665 3194 2740 3258 de
2769 3211 2832 3252 π

451 3318 521 3364 se
578 3298 764 3362 Iesus
820 3297 957 3380 ipse
1014 3297 1494 3381 praedicanerit,
1552 3299 1656 3364 cui
1722 3319 1846 3365 non
1913 3299 2156 3366 iustum
2219 3300 2563 3366 uideatur?
2628 3299 2742 3366 sed

452 3403 758 3486 numquid
828 3403 952 3470 hoc
1016 3404 1166 3469 sciri
1229 3408 1446 3492 potest
1509 3405 1634 3470 nisi
1685 3406 2033 3490 discipulis
2098 3407 2236 3472 eius
2289 3405 2739 3472 narrantibus?

450 3509 682 3593 quibus
731 3509 787 3574 si
834 3528 957 3575 non
1006 3510 1285 3576 creditur
1330 3511 1880 3592 adnuntiantibus,
1920 3513 2090 3596 quod
2136 3513 2213 3578 de
2259 3513 2506 3598 uirgine
2551 3516 2742 3578 natus

450 3617 575 3694 sit,
661 3616 976 3699 quomodo
1081 3617 1172 3682 eis
1264 3618 1422 3682 fides
1513 3618 1853 3684 habebitur
1943 3620 2505 3700 adnuntiantibus,
2588 3619 2740 3702 quid

524 3807 550 3862 1
582 3808 690 3880 cui]
719 3809 871 3864 cuius
898 3807 978 3863 ed.
1007 3809 1199 3864 Maur.
1308 3808 1343 3862 3
1362 3808 1513 3862 cuius
1533 3809 1616 3864 cd.
1643 3808 1838 3870 Maur,
1856 3828 1876 3863 .·
1903 3810 1989 3863 cui
2016 3810 2110 3864 zib.
2131 3810 2163 3864 b
2273 3810 2307 3864 5
2327 3812 2600 3864 contestat
2617 3808 2740 3865 8¹0

450 3899 719 3951 constat-*t
760 3897 837 3966 (re
876 3896 969 3966 er.)
1007 3896 1081 3951 M
1185 3897 1251 3950 -6
1290 3913 1396 3950 non
1436 3913 1553 3956 esse
1593 3903 1660 3964 (8.
1702 3898 1737 3953 1.
1778 3914 1815 3951 α
1849 3914 1920 3950 m.
1954 3902 2086 3965 rec.)
2131 3897 2178 3952 G
2308 3899 2350 3952 -7
2387 3896 2672 3952 mendacin
2708 3897 2740 3951 b

447 3986 484 4040 8
522 3999 697 4040 cesses
725 3984 851 4046 8¹6
887 4001 1105 4050 censaes
1144 3987 1294 4054 (exp.
1322 4003 1391 4042 m.
1423 3989 1485 4054 3)
1514 3985 1571 4040 P
1695 3987 1729 4040 9
1757 3986 2012 4042 inchoata
2042 3986 2100 4053 (h
2126 4002 2170 4044 ε.
2201 3987 2236 4041 l.
2269 4003 2307 4040 a
2332 4003 2402 4040 m.
2429 3990 2482 4052 1)
2513 3985 2735 4041 MP³G¹

446 4073 702 4130 inchoata
740 4077 794 4142 (o
830 4089 875 4128 a.
914 4073 973 4138 Ζ.)
1014 4073 1061 4128 S
1236 4074 1305 4128 10
1339 4076 1581 4145 tempore
1619 4075 1743 4130 8¹6
1886 4087 1892 4094 ·
1923 4077 1990 4129 15
2026 4075 2129 4130 hoc
2165 4074 2268 4131 SG
2450 4073 2516 4129 18
2554 4091 2742 4145 quem-

450 4162 699 4218 amodum
729 4162 782 4215 L
891 4162 959 4219 22
999 4179 1157 4232 quam
1194 4163 1296 4217 hoc
1333 4162 1451 4217 fieri
1484 4162 1588 4216 hoc
1629 4166 1742 4232 (pr.
1781 4163 1881 4218 hoc
1917 4167 2044 4234 post
2082 4163 2236 4230 add.)
2267 4163 2314 4218 S
2415 4163 2486 4218 23
2519 4164 2664 4234 male
2691 4163 2746 4217 L

448 4261 700 4320 peruerse
736 4250 791 4303 L
1042 4252 1111 4304 26
1149 4249 1509 4321 predicauerit
1560 4251 1608 4306 Ο
1827 4251 2080 4306 uideatur
2125 4255 2180 4320 (a
2225 4269 2269 4306 a.
2316 4253 2350 4308 l.
2401 4267 2436 4308 a
2483 4268 2552 4308 m.
2599 4257 2652 4318 1)
2703 4251 2752 4307 S

449 4339 519 4393 29
558 4338 703 4409 quod
738 4339 839 4394 So
