3159 4984
467 501 550 562 52
1151 499 1204 549 S.
1261 496 1538 550 Aureli
1596 496 2035 565 Augustini

465 692 724 766 animae,
759 709 904 756 cum
937 691 1181 755 animae
1211 692 1334 756 nisi
1365 692 1641 756 uiuendo
1674 711 1813 755 esse
1844 711 1967 755 non
1988 691 2255 773 possint.
2278 709 2389 774 per
2409 690 2755 768 Christum,

461 797 528 861 id
575 800 673 862 est
717 817 830 880 per
873 797 1074 861 uitam
1121 803 1366 862 creatas
1415 802 1479 862 et
1527 797 1817 862 conditas
1864 797 2223 861 fateremur.

557 905 615 967 2.
685 901 868 982 Quod
927 905 981 968 si
1035 907 1320 986 tempore
1377 904 1491 968 illo
1550 904 1991 985 quaestionem
2050 903 2126 966 de
2183 904 2323 985 ipsa
2376 903 2513 967 uita
2568 907 2635 966 et
2678 904 2759 968 de

461 1009 942 1092 participatione
979 1010 1152 1074 uitae
1187 1029 1332 1074 mea
1371 1010 1677 1094 cogitatio
1715 1009 1875 1074 ferre
1914 1029 1987 1074 ac
2026 1011 2338 1074 sustinere
2376 1029 2500 1074 non
2538 1013 2761 1092 posset

463 1155 546 1163 —
595 1135 754 1199 quae
801 1115 1084 1199 profecto
1129 1136 1362 1200 magna
1419 1120 1517 1181 est
1565 1121 1633 1181 et
1676 1117 1953 1181 multum
2004 1135 2259 1182 serenae
2308 1117 2757 1200 disputationis
2828 1137 2857 1178 ⁵

461 1223 626 1287 inter
653 1222 1058 1289 doctissimos
1085 1223 1382 1307 indigens
1420 1259 1508 1270 —
1545 1223 1708 1287 iUud
1742 1223 2053 1305 dispicere
2080 1223 2352 1289 fortasse
2384 1223 2757 1292 ualuissem.

463 1330 630 1413 quod
679 1331 849 1395 omni
897 1331 1138 1395 homini
1185 1349 1326 1395 sese
1376 1331 1512 1396 sine
1559 1330 1775 1396 studio
1822 1331 2095 1413 partium
2134 1331 2294 1395 bene
2332 1330 2759 1396 consideranti

461 1436 975 1502 manifestissime
1041 1437 1305 1519 adparet
1371 1456 1580 1512 omne,
1650 1436 1819 1519 quod
1882 1437 2043 1501 scire
2101 1441 2167 1500 et
2222 1456 2410 1502 nosse
2486 1436 2763 1500 dicimur

459 1548 572 1608 aut
615 1562 806 1608 sensu
855 1543 1134 1625 corporis
1185 1547 1298 1606 aut
1335 1542 1775 1626 intellegentia
1810 1562 1927 1609 nos
1966 1543 2194 1607 habere
2234 1541 2759 1625 conprehensum.

459 1670 684 1716 sensus
732 1653 947 1714 autem
997 1649 1274 1731 corporis
1327 1649 1521 1713 etiam
1557 1649 1756 1732 uulgo
1797 1649 2077 1731 quinque
2116 1649 2467 1713 numerari:
2514 1648 2753 1721 uisum,
2800 1672 2857 1711 ιο

459 1757 767 1832 auditum,
815 1754 1168 1824 odoratum.
1227 1759 1556 1839 gustatum
1608 1759 1795 1838 atque
1842 1759 2131 1820 tactum:
2180 1756 2413 1840 quibus
2460 1756 2759 1821 omnibus

459 1862 960 1947 intellegentiam
1006 1862 1194 1945 longe
1243 1862 1496 1944 alteque
1544 1865 1863 1944 praestare
1913 1867 1978 1926 et
2024 1863 2350 1940 excellere,
2409 1862 2550 1945 quis
2598 1862 2761 1926 mihi

459 1989 582 2034 non
629 1969 738 2034 uel
781 1967 1070 2052 ingratus
1117 1967 1460 2050 inpiusque
1509 1968 1935 2033 concederet?
1993 1989 2118 2051 quo
2168 1969 2519 2034 constituto
2568 1973 2763 2050 atque

459 2077 707 2141 firmato
753 2075 918 2139 illud
963 2076 1288 2157 consequi.
1340 2079 1416 2138 ut
1461 2078 1711 2152 cuneta,
1760 2093 1921 2156 quae
1958 2079 2137 2140 tactu
2176 2079 2243 2139 et
2278 2075 2425 2140 uisu
2462 2076 2567 2140 uel
2608 2095 2761 2157 quo-

459 2183 618 2248 libet
663 2182 786 2246 alio
834 2181 1024 2248 modo
1072 2181 1484 2265 corporaliter
1531 2182 1936 2248 sentirentur.
1984 2186 2162 2247 tanto
2212 2185 2429 2248 essent
2463 2181 2761 2248 inferiora
2800 2207 2855 2246 ιε,

459 2291 581 2366 his,
637 2307 798 2372 quae
847 2287 1277 2372 intellegendo
1331 2287 1841 2371 adsequeremur.
1890 2293 2125 2372 quanto
2172 2289 2349 2372 ipsos
2398 2308 2625 2353 sensus
2670 2288 2763 2352 in—

461 2395 868 2480 tellegentiae
915 2395 1135 2460 cedere
1175 2393 1558 2459 uideremus.
1608 2396 2019 2478 quamobrem
2067 2414 2213 2461 cum
2260 2395 2467 2460 omnis
2512 2395 2649 2458 uita
2696 2399 2767 2460 et

461 2504 540 2569 ob
589 2503 712 2566 hoc
760 2501 966 2566 omnis
1013 2501 1224 2564 anima
1267 2501 1444 2566 nullo
1493 2502 1773 2584 corporis
1823 2521 2035 2580 sensu,
2086 2502 2199 2568 sed
2248 2501 2385 2567 solo
2429 2501 2764 2566 intellectu

457 2609 698 2693 percipi
748 2613 962 2690 queat,
1011 2607 1108 2672 sol
1157 2611 1368 2672 autem
1418 2607 1544 2672 iste
1594 2613 1785 2691 atque
1830 2609 1985 2673 luna
2032 2607 2363 2690 omnisque
2416 2607 2545 2671 lux.
2601 2627 2763 2690 quae

459 2715 838 2782 mortalibus
902 2715 1004 2778 his
1071 2714 1274 2779 oculis
1343 2714 1639 2785 cernitur.
1708 2716 1785 2779 ab
1851 2715 2009 2799 ipsis
2066 2733 2317 2798 quoque
2372 2714 2767 2780 Manichaeis
2812 2739 2871 2778 su

458 2841 610 2888 uero
663 2825 728 2886 et
771 2822 936 2887 bono
985 2821 1100 2886 deo
1149 2819 1490 2884 tribuenda
1545 2839 1687 2885 esse
1748 2820 2031 2885 dicatur:
2098 2839 2415 2885 summam
2472 2837 2614 2885 esse
2660 2822 2767 2888 de-

459 2929 758 2996 mentiam
815 2929 879 2993 id
933 2928 1292 3011 praedicare
1349 2927 1661 3012 pertinere
1720 2927 1797 2992 ad
1854 2928 2065 3004 deum,
2124 2927 2291 3009 quod
2354 2946 2467 3012 per
2530 2949 2765 3013 corpus

457 3039 802 3112 intuemur,
852 3034 1020 3118 quod
1068 3053 1220 3100 uero
1273 3053 1396 3098 non
1445 3034 1655 3099 solum
1714 3035 1943 3100 enimc.
2004 3034 2115 3098 sed
2170 3035 2313 3116 ipsa
2368 3037 2766 3103 sublimitate

456 3144 668 3215 animi.
733 3146 950 3207 mente
1017 3137 1266 3207 scilicet
1333 3144 1524 3222 atque
1590 3140 2029 3224 intellegentia
2092 3159 2483 3224 caperemu8‚
2540 3143 2606 3207 id
2663 3147 2767 3209 est

459 3251 682 3326 uitam,
741 3249 1221 3332 qualiscumque
1278 3248 1392 3312 illa
1449 3247 1781 3314 diceretur.
1842 3251 2053 3312 tamen
2112 3248 2313 3311 uitam
2374 3249 2594 3315 eodem
2645 3250 2843 3318 deoaes

455 3361 714 3423 auctore
761 3355 1130 3439 priuandam
1180 3357 1246 3419 et
1289 3354 1676 3420 uiduandam
1726 3357 1972 3437 putare.
2043 3373 2195 3418 num
2254 3356 2419 3420 enim
2472 3357 2627 3439 quid
2672 3359 2767 3424 sit

458 3465 674 3530 uiuere
740 3482 1055 3547 quamque
1121 3465 1442 3527 secretum
1501 3462 1578 3526 ab
1638 3461 1809 3527 omni
1868 3461 2146 3544 corporis
2204 3481 2395 3527 sensu
2443 3483 2765 3547 quamque

527 3605 552 3658 1
585 3607 812 3674 possunt
830 3602 885 3655 A
911 3607 1134 3673 possent
1159 3601 1207 3655 S
1309 3601 1344 3654 3
1385 3616 1490 3670 quo
1519 3599 1574 3652 A
1684 3599 1801 3654 uita
1829 3616 1931 3654 om.
1951 3599 2053 3653 BS
2158 3603 2195 3653 4
2214 3602 2504 3673 sustinere]
2527 3620 2761 3660 consen-

453 3719 556 3773 tire
579 3719 609 3771 b
633 3719 715 3779 (in
731 3717 999 3786 mar9.a1.
1020 3717 1435 3822 sustinere)
1351 3793 1412 3820 θ
1437 3715 1637 3821 possit
1655 3715 1711 3768 Β
1811 3716 1844 3768 5
1866 3731 2051 3786 serene
2075 3716 2131 3769 Β
2230 3716 2299 3770 6
2282 3717 2546 3788 inspicere
2565 3719 2763 3775 BASb

456 3837 490 3888 8
511 3837 796 3914 appareret
831 3833 902 3886 M
997 3849 1102 3903 quo
1122 3832 1178 3885 Β
1320 3787 1524 3960 ἆὶιξξὲτθ
1542 3829 1599 3934 Β
1618 3829 1823 3885 discere
1854 3828 1899 3932 Ere*
1922 3831 2056 3884 scire
2078 3830 2110 3882 b
2134 3832 2216 3887 (in
2234 3849 2403 3902 mary.
2426 3833 2505 3888 al.
2524 3831 2759 3904 discere)

457 3915 575 4015 agie
618 3947 704 4003 (de
743 3954 836 4016 er.)
869 3947 924 4000 A
1033 3947 1100 4003 10
1135 3949 1404 4002 numerari
1441 3949 1621 4002 uisum
1660 3945 1905 4000 auditum
1947 3946 2229 4000 odoratum
2272 3950 2553 4017 gustatum
2590 3953 2761 4020 atque

460 4020 670 4134 tactuin
700 4064 756 4117 Β
899 4063 1136 4134 quinque
1171 4060 1346 4117 modis
1373 4063 1637 4117 nominari
1667 4061 1866 4117 dicitur
1894 4063 1932 4115 S
2006 4063 2065 4115 11
2110 4067 2327 4132 gustum
2340 4063 2429 4115 Ab
2516 4063 2583 4118 12
2610 4065 2759 4120 exel-

454 4181 630 4234 lereA
783 4178 948 4233 michi
966 4179 1022 4231 A
1095 4179 1163 4232 15
1191 4139 1321 4233 ttii'r‘ioc
1343 4179 1434 4231 Μ2
1507 4180 1575 4232 16
1604 4178 1709 4248 his]
1740 4183 1903 4248 atque
1931 4177 2016 4232 his
2046 4177 2077 4229 b
2188 4145 2633 4248 adisequeremur
2658 4181 2733 4234 M
2738 4183 2759 4216 ²

450 4277 620 4348 ipsius
650 4277 706 4330 B
806 4277 872 4332 18
908 4260 1062 4340 nunt
1087 4276 1168 4329 Β2
1268 4277 1336 4331 19
1375 4280 1540 4347 queat
1566 4277 1622 4330 A
1723 4276 1788 4330 21
1821 4293 1948 4330 uero
1982 4279 2043 4329 (s.
2076 4277 2132 4329 ι.)
2166 4275 2235 4328 M
2376 4275 2665 4331 tribuendo
2696 4277 2759 4330 B

451 4383 655 4420 summa
693 4371 834 4420 esset
870 4365 1143 4421 dementia
1179 4365 1211 4420 b
1357 4367 1426 4420 23
1465 4365 1609 4436 quod
1648 4365 1797 4435 uero]
1839 4364 2089 4434 quodque
2130 4365 2161 4416 b
2308 4364 2379 4418 25
2416 4365 2513 4419 illa
2549 4381 2655 4420 om.
2694 4367 2753 4418 A

447 4455 518 4508 26
555 4455 706 4524 num]
746 4471 850 4509 non
881 4455 1038 4509 ΒΑΕ
