3159 4984
897 520 984 573 VI.
1042 519 1336 574 Contra
1390 519 1760 574 Faustum
1807 519 1937 572 lib.
1986 517 2187 571 XXIII.
2544 520 2669 582 707

379 715 546 787 eius,
616 715 912 798 quamuis
978 715 1173 778 talem
1240 714 1423 778 deum
1498 714 1763 779 colendo
1833 715 1960 778 sint
2023 714 2316 797 pessimi,
2377 713 2670 779 meliores

378 825 590 886 tamen
637 822 751 886 illo
802 824 971 896 sunt,
1021 821 1169 904 quia
1218 823 1447 887 saltem
1495 823 1685 896 sunt3
1751 821 1862 885 ille
1921 824 2134 886 autem
2191 820 2350 885 nihil
2406 824 2504 885 est
2548 821 2673 885 nisi

380 927 551 994 fictio
598 928 903 993 falsitatis
952 931 1017 992 et
1063 929 1369 1013 cogitatio
1426 928 1752 993 uanitatiS.
1822 928 1935 993 sed
1980 929 2106 992 iam
2175 931 2382 992 cetera
2446 928 2672 993 Fausti

379 1037 603 1118 arguta
649 1034 1065 1098 deliramenta
1110 1034 1467 1100 uideamus.

302 1361 331 1398 5
1021 1329 1241 1383 LIBER
1279 1328 1666 1384 UICESIMUS
1705 1329 2025 1384 TERTIUS.

468 1441 523 1502 1.
591 1439 921 1508 FAUSTUS
980 1436 1171 1500 dixit:
1239 1436 1612 1520 Disputanti
1669 1439 1831 1502 mihi
1887 1439 2224 1521 aliquando
2283 1440 2541 1522 quidam
2598 1459 2670 1504 ex

372 1563 713 1609 numerosa
740 1544 927 1627 plebe
954 1543 1345 1627 respondens
1378 1544 1495 1608 ait:
1536 1545 1774 1628 accipis
1803 1547 2020 1610 Iesum
2060 1546 2136 1611 de
2163 1547 2364 1612 Maria
2403 1550 2667 1612 natum?

374 1651 476 1716 cui
516 1670 671 1734 ego:
723 1669 1081 1733 quemnam,
1126 1650 1409 1732 inquam,
1460 1650 1621 1715 dicis
1671 1651 1939 1716 Iesum?
1986 1671 2132 1716 nam
2179 1654 2394 1736 plures
2441 1654 2505 1718 in
2544 1655 2658 1720 He-

368 1756 648 1822 braismo
696 1757 958 1822 fuerunt
1002 1757 1225 1822 Iesus:
1294 1776 1462 1822 unus
1522 1757 1779 1840 quidem
1826 1759 2008 1824 Naue
2065 1759 2258 1836 filius,
2316 1761 2668 1844 discipulus

284 1893 335 1932 ιο
370 1863 621 1948 Moysi3
662 1865 822 1929 alter
858 1883 1010 1928 uero
1048 1862 1223 1928 filius
1262 1863 1572 1929 Iosedech
1613 1865 1964 1930 sacerdotis
2003 1867 2256 1950 magni3
2295 1867 2449 1933 item
2483 1871 2668 1948 alius,

369 1970 477 2052 qui
525 1970 739 2035 dictus
790 1973 891 2035 est
935 1970 1109 2034 filius
1156 1969 1404 2046 Dauid;
1472 1971 1638 2036 alius
1693 1991 1848 2038 uero
1896 1971 2067 2038 filius
2116 1973 2219 2038 dei
2267 2025 2280 2039 .
2331 1995 2667 2058 quemnam

371 2096 519 2160 ergo
566 2077 840 2142 istorum
888 2076 965 2141 de
1002 2076 1207 2141 Maria
1252 2081 1473 2141 natum
1514 2078 1768 2160 quaeris
1809 2097 1881 2142 ex
1917 2098 2019 2143 me
2056 2081 2273 2143 utrum
2313 2081 2614 2164 accipiam
2637 2087 2666 2146 Ρ

369 2183 613 2266 utique,
676 2183 907 2266 inquit,
974 2183 1178 2248 filium
1237 2184 1361 2251 dei.
1430 2185 1533 2249 cui
1591 2203 1748 2269 ego:
1817 2188 1882 2249 et
1946 2205 2070 2268 quo
2138 2190 2393 2252 auctore
2461 2208 2668 2271 quoue

370 2289 677 2374 magistro
737 2290 1004 2355 docente
1061 2290 1239 2355 istud
1296 2291 1660 2374 accipiam?
1728 2295 1795 2356 at
1848 2292 1980 2368 ille,
2037 2293 2386 2372 Matthaeo,
2444 2294 2668 2377 inquit.

276 2425 327 2465 15
368 2397 473 2461 cui
508 2416 763 2462 rursum
804 2416 960 2481 ego:
1013 2397 1164 2480 quid
1202 2398 1371 2461 enim
1408 2397 1780 2463 Matthaeus
1821 2399 2127 2481 scripsit?
2177 2403 2241 2464 et
2276 2399 2425 2465 ille:
2475 2401 2669 2467 liber

368 2503 897 2586 generationis
954 2503 1129 2568 Iesu
1179 2503 1469 2569 Christi
1524 2505 1681 2569 filii
1736 2505 2011 2582 Dauid,
2047 2506 2226 2591 ,filii
2270 2507 2658 2588 Abraham,

368 2612 434 2674 et
480 2612 709 2675 cetera.
776 2613 919 2674 tum
967 2630 1125 2694 ego:
1176 2614 1572 2693 putaueram,
1622 2613 1903 2692 inquam,
1953 2612 2102 2694 quia
2149 2631 2326 2678 esses
2375 2613 2662 2679 dicturus

361 2717 523 2781 liber
570 2716 1053 2800 generationum
1098 2717 1249 2781 Iesu
1289 2717 1530 2783 Christi
1574 2718 1692 2782 filii
1741 2718 1860 2790 dei,
1911 2722 1975 2782 et
2018 2738 2122 2782 me
2167 2737 2531 2802 paraueram
2583 2721 2661 2785 ad

360 2823 958 2905 praescribendum;
1010 2824 1122 2888 sed
1170 2823 1321 2904 quia
1364 2843 1531 2888 nunc
1570 2823 1843 2888 fideliter
1881 2825 2233 2906 capitulum
2271 2829 2657 2905 memorasti,
2697 2847 2704 2854 ·

280 2961 333 2998 20
364 2930 802 2995 admonendus
840 2932 1090 2994 tanturn
1132 2949 1220 3007 es,
1260 2933 1333 2994 ut
1370 2929 1458 3008 id,
1490 2930 1658 3012 quod
1696 2931 2001 3008 recitasti,
2035 2930 2415 2997 consideres.
2453 2952 2658 3015 neque

364 3036 531 3101 enim
578 3038 949 3102 Matthaeus
996 3037 1102 3102 hic
1150 3056 1217 3101 se
1268 3037 1369 3101 dei
1416 3037 1533 3101 filii
1580 3037 2054 3121 generationem
2103 3039 2376 3104 scribere
2420 3041 2660 3106 fatetur

358 3143 739 3221 instituisse,
789 3143 902 3209 sed
948 3143 1064 3207 filii
1111 3143 1342 3208 Dauid.

450 3252 510 3315 2.
578 3251 671 3316 Ut
717 3271 866 3335 ergo
915 3251 1065 3315 huic
1111 3251 1367 3315 interim
1425 3251 1664 3315 dicenti
1721 3250 1992 3330 credam,
2051 3253 2224 3317 filius
2272 3253 2482 3318 Dauid
2539 3255 2658 3320 erit

356 3357 518 3419 mihi
556 3356 634 3422 de
671 3357 874 3423 Maria
910 3363 1138 3432 natus;
1190 3359 1397 3423 adhuc
1447 3358 1523 3423 de
1574 3359 1676 3424 dei
1723 3359 1854 3424 filio
1901 3359 1964 3424 in
2011 3360 2134 3425 hoc
2182 3361 2352 3426 omni
2400 3381 2653 3446 genera·

536 3585 601 3639 10
640 3584 705 3641 cf.
745 3586 839 3640 Ex.
880 3585 966 3652 33,
1008 3586 1109 3650 11;
1147 3586 1291 3641 Eccl.
1330 3587 1415 3651 46,
1460 3589 1483 3640 1
1664 3586 1729 3640 cf.
1769 3588 1910 3656 Agg.
1951 3589 2000 3648 1,
2044 3587 2071 3639 1
2123 3636 2129 3644 ,
2289 3588 2346 3639 11
2389 3587 2454 3639 cf.
2495 3586 2648 3640 Rom.

306 3755 311 3760 ι
356 3677 401 3730 1.
448 3676 471 3727 1
514 3691 630 3744 sqq.
780 3675 845 3732 cf.
884 3676 1046 3732 Marc.
1092 3679 1135 3742 1,
1176 3677 1206 3730 1
1320 3679 1386 3730 15
1424 3677 1623 3730 Matth.
1667 3677 1712 3740 1,
1757 3678 1781 3729 1

424 3824 456 3876 2
515 3823 697 3878 saltim
734 3823 789 3877 L
932 3825 1097 3879 nihil*
1156 3826 1196 3891 (i
1250 3826 1365 3880 uid.
1426 3827 1521 3892 er.)
1570 3825 1616 3878 C
1793 3827 1824 3878 3
1863 3825 2047 3878 finctio
2096 3824 2207 3878 LP
2257 3825 2440 3888 finctio
2480 3824 2654 3880 SGM

349 3915 385 3965 4
422 3911 709 3965 deliramta
747 3915 836 3980 (nv
874 3927 1049 3980 supra
1084 3930 1137 3965 m
1176 3914 1269 3975 er.)
1313 3913 1361 3966 C

423 4001 454 4052 6
500 4001 635 4069 Gap.
674 4001 881 4056 XLIII]
919 4000 1196 4055 LPSMG
1394 4001 1686 4070 aliquando
1727 4001 1859 4054 mihi
1903 4001 1950 4054 G
2138 4002 2167 4053 7
2209 4007 2338 4054 ante
2373 4002 2450 4054 ait
2488 4001 2567 4056 lit.
2612 4006 2648 4054 6

352 4091 453 4144 litt.
499 4089 545 4143 0
717 4091 750 4144 8
788 4090 1087 4143 hebreismo
1124 4089 1377 4144 LGSMb
1558 4091 1592 4143 9
1629 4089 1811 4144 hiesus
1849 4089 2072 4144 LSMG
2219 4089 2287 4143 10
2338 4089 2556 4144 iosadae
2592 4091 2646 4144 L

347 4177 590 4244 iosaedaec
628 4178 675 4233 S
704 4177 933 4233 iosaedec
966 4178 1018 4232 G
1054 4177 1233 4232 ioiade
1278 4178 1355 4232 ob
1393 4178 1577 4232 iosade
1608 4179 1678 4230 M
1788 4180 1852 4231 14
1890 4178 2129 4231 mattheo
2159 4177 2214 4230 L
2247 4177 2464 4232 matheo
2501 4177 2644 4232 OSG

351 4269 416 4321 15
456 4269 542 4322 cui
577 4285 785 4322 rursum
826 4285 927 4337 ego
966 4284 1067 4323 om.
1098 4265 1191 4321 SG
1302 4269 1381 4335 (et
1417 4268 1509 4336 21)
1540 4268 1816 4322 mattheus
1845 4267 1898 4320 L
1935 4267 2181 4321 matheus
2219 4265 2264 4320 0
2372 4267 2438 4321 18
2476 4284 2640 4337 gene-

345 4357 571 4410 rationis
614 4356 667 4410 G
808 4355 889 4410 fili
933 4355 987 4409 L
1035 4357 1155 4424 (sic.
1205 4363 1255 4411 et
1297 4373 1344 4411 v.
1385 4359 1457 4410 21
1494 4361 1544 4410 et
1580 4359 1686 4424 22)
1835 4356 1923 4410 dei
1963 4361 2018 4409 et
2059 4357 2098 4424 (i
2137 4361 2186 4410 et
2225 4359 2280 4410 et
2315 4357 2380 4410 in
2415 4359 2552 4419 ras.)
2592 4356 2639 4408 L

345 4444 415 4498 20
452 4447 665 4537 tantum
703 4460 805 4500 om.
844 4445 944 4500 SG
1090 4462 1172 4498 es*
1209 4447 1256 4516 (τ
1296 4445 1393 4514 er.)
1433 4444 1558 4498 PM
1594 4452 1622 4498 ὅ
1661 4443 1713 4498 L
1823 4447 1890 4498 24
1929 4445 2100 4500 adhoc
2145 4445 2192 4499 0

2425 4551 2524 4604 45*
