3159 4984
1080 479 1173 532 VI.
1222 480 1507 535 Contra
1552 480 1920 533 Faustum
1975 480 2105 532 lib-
2164 478 2284 530 x11.
2683 480 2806 541 341

530 674 879 751 crucifixus,
928 675 1237 757 adparuit,
1284 678 1614 759 tamquam
1663 672 1814 739 Cain
1881 664 2162 755 operanti
2227 682 2476 750 terram,
2543 674 2617 736 ut
2682 691 2817 756 gra-

527 802 677 845 num
746 781 907 845 illud
974 782 1407 857 seminaretur,
1480 801 1602 846 non
1675 778 2012 847 ostendens
2062 778 2281 842 eadem
2327 782 2492 842 terra
2537 779 2815 841 fructum

528 888 784 953 uiltutis
834 906 1012 952 suae:
1064 888 1413 970 quoniam
1462 884 1917 971 operaberiS,
1965 884 2194 965 inquit,
2236 887 2511 949 terram
2560 889 2633 950 et
2677 906 2817 952 non

530 995 815 1059 adiciet
861 995 1225 1057 uirtutem
1276 1012 1481 1059 suam
1532 994 1704 1057 dare
1754 992 1916 1056 tibi.

623 1103 724 1165 12.
776 1100 1093 1165 Gemens
1144 1103 1216 1163 et
1260 1102 1589 1163 tremens
1640 1099 1787 1163 eris
1835 1098 1906 1160 in
1955 1100 2171 1163 terra.
2240 1117 2406 1163 nunc
2455 1118 2620 1174 ecce,
2670 1100 2815 1182 quis

526 1226 644 1271 non
694 1206 928 1283 uideat,
978 1207 1122 1288 quis
1172 1225 1294 1270 non
1341 1208 1645 1293 agnoscat
1689 1205 1752 1268 in
1817 1208 1954 1269 tota
2018 1209 2202 1278 terra,
2267 1224 2670 1288 quacumque
2729 1205 2819 1269 di-

527 1332 782 1395 spersus
830 1316 930 1377 est
974 1313 1083 1377 ille
1128 1312 1423 1395 populus,
1474 1311 1791 1393 quomodo
1841 1315 2055 1395 gemat
2082 1330 2364 1376 maerore
2395 1312 2612 1377 amissi
2639 1313 2820 1397 regni

528 1428 590 1486 et
660 1424 891 1485 tremat
962 1420 1188 1485 timore
1263 1419 1380 1484 sub
1452 1418 2020 1482 innumerabilibus
2091 1420 2344 1501 populis
2413 1420 2816 1484 christianis?

522 1530 791 1612 ideoque
838 1526 1165 1610 respondit
1213 1525 1363 1590 Cain
1414 1527 1477 1589 et
1524 1525 1707 1589 dixit:
1756 1524 1994 1588 maior
2040 1527 2157 1588 est
2219 1544 2446 1589 causa
2501 1544 2686 1601 mea3
2756 1527 2822 1591 si

438 1657 489 1693 ιο
532 1634 717 1700 eicis
763 1653 873 1698 me
922 1632 1143 1697 hodie
1193 1652 1229 1695 a
1273 1631 1471 1695 facie
1519 1635 1788 1709 terrae,
1858 1636 1930 1697 et
1978 1651 2014 1695 a
2059 1632 2252 1696 facie
2317 1636 2448 1695 tua
2513 1633 2815 1699 abscon-

526 1741 671 1825 dar,
720 1745 794 1806 et
840 1759 959 1806 ero
1009 1758 1312 1823 gemens
1362 1741 1435 1802 et
1480 1742 1807 1803 tremens
1857 1759 2082 1823 super
2147 1744 2442 1815 terram,
2512 1742 2585 1805 et
2651 1739 2814 1817 erit,

527 1848 784 1925 omnis,
834 1847 963 1929 qui
1026 1845 1410 1910 inuenerit
1463 1864 1597 1923 me,
1666 1846 1964 1912 occidet
2025 1867 2154 1911 me.
2232 1865 2381 1912 uere
2427 1845 2572 1911 inde
2621 1848 2820 1932 gemit

526 1958 590 2019 et
632 1955 869 2031 tremit,
917 1973 994 2017 ne
1042 1971 1232 2036 regno
1284 1952 1476 2016 etiam
1521 1953 1766 2017 terreno
1813 1953 2058 2035 perdito
2125 1954 2250 2019 ista
2313 1953 2556 2019 uisibili
2617 1956 2818 2018 morte

526 2061 866 2127 occidatur.
932 2061 1093 2124 hanc
1159 2058 1315 2123 dicit
1377 2059 1681 2123 maiorem
1747 2078 2001 2124 causam
2059 2080 2251 2141 quam
2296 2060 2495 2130 illam.
2545 2060 2716 2143 quod
2765 2062 2820 2125 ei

434 2186 487 2225 ιτ,
527 2171 691 2231 terra
736 2187 859 2232 non
910 2165 1016 2230 dat
1062 2167 1367 2230 uirtutem
1417 2184 1617 2241 suam,
1666 2184 1742 2229 ne
1791 2166 2159 2248 spiritaliter
2220 2166 2541 2233 moriatur.
2611 2186 2819 2231 carna-

524 2276 671 2339 liter
715 2275 882 2338 enim
930 2274 1099 2355 sapit
1144 2276 1205 2337 et
1255 2273 1555 2337 abscondi
1606 2292 1642 2336 a
1684 2272 1844 2337 facie
1893 2274 2013 2349 dei,
2062 2273 2128 2337 id
2176 2278 2274 2339 est
2317 2274 2550 2338 iratum
2586 2274 2816 2338 habere

527 2382 734 2455 deum,
784 2398 974 2463 graue
1021 2398 1145 2443 non
1191 2381 1395 2460 putat,
1444 2379 1565 2442 nisi
1613 2398 1690 2442 ne
1728 2378 2087 2443 inueniatur
2151 2382 2216 2443 et
2279 2380 2619 2445 occidatur.
2690 2399 2817 2445 car-

526 2488 750 2552 naliter
814 2487 979 2569 sapit
1040 2488 1367 2567 tamquam
1436 2504 1698 2569 operans
1764 2488 2011 2563 terram,
2081 2487 2260 2551 cuius
2331 2488 2633 2551 uirtutem
2699 2508 2819 2554 non

525 2594 772 2676 accipit.
823 2612 1041 2676 sapere
1088 2596 1300 2657 autem
1349 2592 1698 2657 secundum
1746 2588 1995 2656 ca'rnem
2041 2612 2210 2659 mors
2278 2597 2402 2671 est;
2475 2614 2667 2677 quam
2713 2595 2820 2659 ille

434 2716 489 2755 ²⁰
526 2720 650 2766 non
718 2700 1093 2783 intellegens
1160 2699 1393 2764 amisso
1462 2718 1656 2781 regno
1723 2698 1922 2783 gemit
1991 2702 2056 2763 et
2119 2700 2506 2782 corporalem
2552 2704 2820 2765 mortem

522 2807 755 2872 tremit.
807 2806 918 2871 sed
965 2806 1121 2889 quid
1168 2810 1223 2869 ei
1250 2805 1590 2888 respondet
1619 2806 1819 2870 deus?
1866 2824 2006 2869 non
2055 2806 2183 2883 sic,
2222 2805 2502 2887 inquit:
2555 2807 2818 2878 omnis,

526 2914 653 2996 qui
702 2912 1077 2979 occiderit
1124 2912 1325 2989 Cain,
1376 2916 1664 2995 septem
1713 2911 2097 2977 uindictas
2167 2914 2541 2989 exsoluet;
2609 2914 2675 2976 id
2723 2917 2822 2978 est

524 3042 646 3087 non
695 3021 806 3097 sic,
856 3020 1174 3103 quomodo
1224 3019 1409 3084 dicis:
1457 3038 1580 3083 non
1631 3019 1937 3102 corporali
2003 3022 2205 3083 morte
2270 3018 2556 3083 interibit
2618 3038 2819 3102 genus

524 3128 770 3211 inpium
836 3126 1182 3191 carnalium
1239 3124 1644 3189 Iudaeorum.
1714 3126 2098 3208 quicumque
2157 3125 2324 3190 enim
2381 3145 2489 3190 eos
2547 3125 2638 3189 ita
2681 3144 2818 3207 per-

434 3254 487 3292 25
530 3234 789 3311 diderit,
865 3237 1113 3318 septem
1187 3232 1507 3297 uindictae
1572 3235 1898 3309 exsoluet3
1975 3233 2042 3297 id
2105 3236 2224 3311 est,
2275 3233 2518 3297 auferet
2584 3232 2659 3297 ab
2729 3232 2820 3297 eis

527 3344 771 3423 septem
818 3340 1159 3415 uindicta8‚
1209 3338 1442 3420 quibus
1500 3338 1745 3422 alligati
1802 3342 1953 3404 sunt
2005 3340 2262 3422 propter
2315 3341 2560 3403 reatum
2618 3341 2812 3405 occisi

528 3446 784 3525 Christi,
831 3449 907 3510 ut
949 3446 1073 3511 hoc
1117 3448 1255 3511 toto
1304 3448 1607 3527 tempore,
1657 3445 1825 3527 quod
1873 3445 2228 3528 septenario
2270 3444 2513 3509 dierum
2550 3466 2810 3511 numero

526 3554 831 3629 uoluitur,
878 3553 1083 3637 magis
1150 3553 1299 3635 quia
1352 3571 1475 3616 non
1530 3552 1752 3616 interit
1805 3572 1960 3637 gens
2019 3553 2254 3617 Iudaea
2307 3553 2462 3619 satis
2519 3554 2812 3636 adpareat

708 3780 773 3835 19
813 3780 879 3833 cf.
917 3780 1071 3832 Rom.
1112 3777 1161 3838 8,
1202 3780 1233 3831 6

598 3932 631 3985 2
668 3936 811 3985 terra.
849 3932 957 3997 (pr.
996 3946 1023 3982 r
1055 3945 1098 3984 8.
1140 3929 1205 3995 l.)
1250 3928 1297 3983 0
1410 3930 1441 3982 5
1479 3933 1676 3981 terram
1715 3928 1767 3981 L
1892 3929 1921 3980 7
1959 3946 2164 3983 merore
2201 3928 2406 3983 LOSG
2517 3931 2548 3983 9
2587 3930 2652 4000 si]
2693 3929 2739 3983 si
2777 3931 2816 4000 (i

525 4037 567 4073 e.
598 4020 633 4073 l.
663 4036 703 4073 a
727 4036 796 4072 m.
825 4019 878 4087 2)
918 4018 965 4073 S
1125 4018 1191 4072 10
1226 4018 1397 4072 faciae
1436 4017 1574 4085 (bis)
1615 4016 1662 4071 S
1691 4018 1829 4087 facie
1867 4017 2004 4085 (bis)
2049 4017 2100 4071 G
2245 4019 2308 4072 11
2349 4022 2492 4071 terra
2531 4022 2620 4087 (as
2657 4033 2818 4088 super

526 4126 558 4161 a
596 4108 688 4179 er.)
727 4108 879 4163 SLG
1008 4110 1075 4162 15
1110 4108 1309 4174 tei-rari)
1351 4106 1397 4161 S
1536 4124 1636 4172 nec
1675 4106 1774 4161 SG
1904 4108 1970 4160 16
2017 4110 2074 4161 et
2119 4107 2593 4177 abscondi—sapit
2629 4108 2812 4175 (infra

528 4204 638 4251 tat
682 4214 748 4250 m.
798 4200 839 4252 2
884 4198 1104 4265 adpo-3.)
1158 4196 1209 4251 G
1393 4196 1457 4249 17
1505 4200 1662 4266 putet
1700 4195 1823 4250 8¹6
2004 4195 2074 4249 20
2115 4198 2342 4249 mortem
2385 4198 2446 4263 (s.
2488 4198 2523 4250 l.
2562 4212 2631 4249 m.
2671 4195 2728 4263 2)
2774 4194 2821 4249 0

529 4288 591 4339 21
633 4284 823 4355 inquid
860 4284 1005 4337 LM¹
1117 4284 1185 4337 22
1222 4283 1515 4352 uindictae]
1552 4284 1752 4337 uictam
1793 4282 1867 4335 L¹
2013 4283 2244 4337 exsoluit
2281 4282 2346 4337 0¹
2466 4283 2536 4337 23
2571 4282 2818 4337 interibit

530 4375 584 4439 (b
622 4390 758 4428 corr.
798 4390 863 4427 ex
901 4391 931 4426 u
993 4372 1161 4428 ΗΜΘ
1271 4374 1340 4426 2-5
1378 4372 1555 4425 aufert
1593 4373 1624 4424 b
1734 4372 1802 4425 28
1839 4369 2000 4425 iudea
2045 4372 2092 4425 C
