3159 4984
368 1644 419 1683 10

368 2178 419 2217 15

370 2708 425 2747 20

372 3238 426 3277 25

992 470 1078 525 VI.
1137 470 1428 527 Contra
1482 471 1852 525 Faustum
1909 470 2042 526 lib.
2101 471 2214 527 XX.
2622 476 2754 539 539

450 688 596 733 cum
646 686 769 750 quo
821 670 1021 750 agat?
1070 686 1273 749 neque
1323 667 1491 733 enim
1529 687 1649 733 uos
1688 686 1970 752 paganos
2011 667 2284 733 dicimus
2323 670 2436 732 aut
2473 666 2758 731 schisma

448 794 862 860 paganorum,
922 773 1037 839 sed
1093 774 1326 839 habere
1384 794 1530 839 cum
1589 775 1681 839 eis
1743 774 2060 857 quandam
2118 772 2628 849 similitudinem,
2678 792 2754 838 eo

451 882 622 965 quod
680 883 921 947 multos
979 882 1205 946 colatis
1263 881 1455 958 deos;
1522 902 1746 947 uerum
1804 902 1924 947 uos
1983 882 2074 946 eis
2134 900 2275 945 esse
2331 881 2521 965 longe
2579 880 2754 944 dete-

448 990 669 1067 riores,
721 987 889 1071 quod
936 988 1035 1054 illi
1090 1008 1165 1053 ea
1221 989 1459 1066 colunt,
1519 1007 1682 1071 quae
1740 992 1912 1066 sunt,
1971 990 2083 1053 sed
2138 1008 2250 1071 pro
2309 988 2431 1053 diis
2488 986 2760 1053 colenda

450 1116 574 1162 non
624 1100 810 1172 sunt;
871 1100 1028 1161 sunt
1075 1096 1243 1160 enim
1292 1100 1358 1160 et
1402 1096 1593 1173 idola,
1651 1096 1764 1161 sed
1813 1096 1892 1159 ad
1931 1096 2204 1161 salutem
2253 1095 2412 1159 nihil
2460 1096 2631 1160 sunt.
2691 1096 2757 1156 et

453 1203 563 1285 qui
609 1202 766 1267 colit
810 1202 1118 1279 arborem,
1168 1222 1291 1267 non
1341 1201 1600 1285 quidem
1649 1203 1903 1279 arand0,
1953 1202 2065 1267 sed
2114 1202 2452 1270 adorando,
2509 1220 2633 1266 non
2687 1200 2755 1264 id

456 1310 629 1388 colit,
696 1309 866 1392 quod
930 1329 1249 1392 nusquam
1316 1312 1435 1386 est,
1505 1309 1618 1374 sed
1675 1309 1844 1392 quod
1899 1310 1992 1373 ita
2055 1308 2390 1374 colendum
2451 1328 2576 1374 non
2635 1310 2752 1371 est.

452 1417 595 1500 ipsa
641 1416 835 1479 etiarn
885 1416 1237 1493 daemonia,
1287 1416 1456 1481 unde
1506 1416 1666 1480 dicit
1711 1416 2082 1499 apostolus:
2149 1434 2335 1498 quae
2384 1415 2759 1480 inmolant

454 1528 743 1609 gentes,
803 1523 1227 1587 daemoniis
1286 1524 1661 1588 inmolant
1736 1529 1810 1587 et
1865 1542 2006 1587 non
2066 1523 2222 1599 deo,
2291 1522 2514 1604 utique
2582 1524 2754 1598 sunt,

455 1630 687 1714 quibus
752 1630 901 1695 illos
965 1629 1275 1695 inmolare
1334 1628 1491 1693 dicit
1547 1632 1613 1693 et
1667 1648 1936 1711 quorum
1991 1648 2106 1693 nos
2165 1628 2374 1692 socios
2434 1645 2575 1692 esse
2631 1645 2754 1690 non

458 1737 620 1801 uult.
667 1736 797 1800 iam
844 1754 997 1799 uero
1047 1734 1294 1799 caelum
1344 1738 1408 1799 et
1452 1738 1642 1811 terra,
1689 1753 1862 1798 mare
1911 1736 1976 1797 et
2022 1754 2146 1811 aer,
2210 1734 2308 1798 sol
2365 1736 2430 1797 et
2481 1733 2637 1797 luna
2693 1734 2760 1795 et

457 1847 667 1910 cetera
730 1842 959 1920 sidera,
1030 1840 1243 1907 omnia
1306 1840 1462 1906 haec
1525 1841 1870 1906 manifesta
1943 1842 2149 1906 oculis
2208 1841 2511 1924 adparent
2567 1842 2758 1921 atque

454 1951 614 2036 ipsis
663 1950 960 2016 sensibus
1007 1952 1260 2033 praesto
1310 1952 1479 2016 sunt.
1539 1968 1699 2032 quae
1758 1968 1903 2014 cum
1949 1948 2181 2034 pagani
2225 1952 2554 2030 tamquam
2604 1946 2756 2009 deos

458 2058 682 2123 colunt
725 2055 832 2120 uel
878 2061 1205 2139 tamquam
1252 2060 1466 2140 partes
1515 2056 1708 2122 unius
1754 2058 1974 2142 magni
2020 2056 2120 2121 dei
2167 2094 2257 2101 —
2302 2074 2449 2119 nam
2504 2052 2756 2117 uniuer-

458 2182 599 2228 sum
655 2162 968 2226 mundum
1025 2161 1282 2244 quidam
1338 2181 1556 2226 eorum
1631 2166 1861 2246 putant
1913 2163 2259 2227 maximum
2315 2162 2504 2227 deum
2551 2198 2638 2209 —
2687 2180 2760 2225 ea

460 2270 700 2347 colunt,
767 2288 928 2352 quae
996 2271 1164 2334 sunt.
1234 2288 1379 2333 cum
1438 2269 1671 2351 quibus
1729 2271 1978 2353 quando
2037 2270 2310 2355 agimus,
2375 2273 2452 2333 ut
2505 2287 2580 2333 ea
2633 2287 2758 2332 non

459 2378 693 2456 colant,
751 2396 876 2441 non
934 2377 1026 2442 eis
1085 2376 1380 2455 dicimu8,
1439 2377 1609 2460 quod
1665 2377 1847 2441 nulla
1901 2377 2050 2455 sint,
2109 2377 2222 2441 sed
2279 2377 2449 2459 quod
2496 2374 2760 2441 colenda

458 2503 581 2548 non
632 2484 780 2563 sint,
830 2484 1051 2566 eisque
1102 2484 1442 2549 colendum
1489 2485 1717 2548 horum
1770 2486 2054 2549 omnium
2114 2484 2506 2550 conditorem
2567 2483 2759 2549 deum

456 2589 851 2654 inuisibilem
900 2588 1271 2666 suademus,
1313 2589 1497 2653 cuius
1536 2590 1738 2654 solius
1777 2590 2264 2674 participatione
2302 2591 2529 2657 beatus
2567 2593 2758 2657 homo

459 2696 595 2761 fieri
641 2699 893 2780 potest:
962 2696 1130 2778 quod
1179 2716 1398 2761 omnes
1446 2697 1616 2761 uelle
1663 2716 1850 2762 nemo
1897 2698 2185 2782 ambigit.
2253 2698 2365 2762 sed
2414 2699 2566 2781 quia
2609 2719 2760 2765 non-

461 2804 622 2867 nulli
671 2822 890 2868 eorum
938 2803 1333 2868 inuisibilem
1382 2807 1448 2868 et
1500 2803 1935 2887 incorpoream
1997 2808 2350 2869 creaturam
2408 2806 2629 2870 colunt
2672 2844 2762 2851 —

461 2910 631 2992 quod
679 2914 779 2975 est
825 2914 890 2975 et
934 2910 1145 2974 anima
1187 2930 1497 2993 mensque
1543 2912 1823 2975 humana
1864 2950 1944 2959 —
1981 2915 2216 2989 tamen,
2257 2912 2406 2993 quia
2442 2930 2558 2977 nec
2595 2913 2759 2978 eius-

460 3018 635 3081 modi
683 3022 1007 3083 creaturae
1055 3018 1543 3101 participatione
1589 3019 1665 3083 fit
1709 3018 1900 3083 homo
1949 3019 2197 3095 beatus,
2235 3020 2347 3083 ille
2385 3040 2510 3084 non
2549 3020 2758 3084 solum

459 3124 806 3189 inuisibilis
872 3143 1099 3189 uerum
1168 3124 1359 3189 etiam
1421 3124 1974 3190 incommutabilis
2041 3126 2238 3201 deus,
2304 3126 2371 3189 id
2435 3128 2538 3191 est
2601 3125 2759 3191 deus

462 3248 654 3295 uerus
739 3230 1045 3297 colendus
1132 3233 1251 3307 est,
1337 3230 1489 3314 quia
1572 3232 1750 3296 solus
1824 3231 1935 3296 ille
2029 3232 2335 3298 colendus
2439 3236 2558 3310 est,
2635 3252 2758 3315 quo

465 3338 603 3402 solo
667 3337 885 3401 fruens
949 3337 1179 3401 beatus
1245 3336 1319 3401 fit
1383 3338 1593 3402 cultor
1646 3337 1807 3417 eius,
1867 3341 1932 3403 et
1989 3358 2111 3421 quo
2171 3339 2307 3405 solo
2363 3359 2486 3404 non
2545 3340 2760 3404 fruens

466 3444 671 3508 omnis
717 3463 897 3508 mens
944 3443 1179 3508 misera
1215 3446 1334 3521 est,
1375 3444 1663 3527 qualibet
1698 3464 1764 3508 re
1803 3444 1928 3509 alia
1962 3446 2341 3528 perfruatur.
2390 3465 2508 3511 uos
2548 3449 2762 3511 autem

467 3569 615 3614 cum
664 3569 739 3614 ea
784 3550 1033 3627 colatiS,
1094 3570 1257 3632 quae
1314 3551 1567 3616 omnino
1626 3570 1751 3616 non
1800 3555 1970 3629 sunt,
2021 3553 2136 3616 sed
2181 3556 2538 3618 uestrarum
2584 3552 2764 3616 falla-

466 3656 635 3721 cium
672 3657 1030 3722 fabularum
1070 3657 1357 3722 uanitate
1396 3657 1746 3742 finguntur,
1783 3659 2270 3742 propinquiores
2308 3660 2536 3724 essetis
2573 3679 2763 3724 uerae

645 3847 678 3902 8
714 3847 743 3901 Ι
781 3846 902 3903 Cor.
942 3846 1025 3912 10,
1065 3846 1135 3903 20

540 4021 564 4075 1
596 4020 829 4089 schisma
855 4020 991 4077 1120
1090 4022 1125 4076 4
1155 4040 1273 4077 eam
1292 4022 1601 4079 L¹M¹P¹G
1713 4026 1744 4079 7
1771 4042 2065 4096 numquam
2092 4025 2272 4081 L'SG
2381 4026 2414 4079 8
2446 4025 2697 4080 demonia
2722 4027 2770 4080 (J

467 4111 537 4165 10
582 4112 705 4181 nos]
750 4128 859 4166 non
896 4110 1069 4165 M¹L¹
1250 4112 1420 4166 sotios
1458 4112 1505 4167 S
1722 4116 1781 4168 11
1836 4119 1893 4169 et
1939 4132 2086 4169 mare
2123 4114 2211 4169 Lo
2400 4130 2522 4169 aere
2559 4115 2636 4167 L¹
2674 4132 2766 4169 aer

468 4202 523 4253 et
558 4199 797 4255 M182122
980 4201 1048 4256 18
1088 4200 1273 4271 eisque
1320 4202 1372 4269 (e
1417 4202 1515 4269 fin.
1562 4217 1700 4259 corr.
1749 4220 1812 4257 ex
1858 4206 1920 4270 ae)
1969 4202 2018 4257 C'
2213 4204 2276 4258 19
2314 4203 2682 4275 partipatione
2721 4203 2768 4257 S

466 4290 937 4361 participationem
993 4289 1161 4345 L¹M¹
1272 4290 1343 4345 22
1381 4293 1438 4344 et
1474 4307 1575 4346 om.
1616 4291 1650 4345 b
1834 4293 1904 4346 24
1942 4296 2027 4347 est
2063 4292 2138 4360 (st
2177 4293 2308 4347 add.
2345 4309 2389 4347 s.
2431 4292 2465 4345 l.
2505 4310 2573 4346 m.
2614 4293 2672 4361 2)
2711 4290 2764 4344 L

466 4378 533 4431 28
572 4378 841 4433 fallatiam
887 4380 939 4434 G
1047 4380 1117 4433 29
1156 4378 1409 4433 uessetis
1449 4382 1530 4449 (et
1567 4383 1663 4449 er.)
1703 4380 1776 4434 M
1913 4398 2038 4436 uere
2077 4381 2124 4435 0
