3159 4984
1000 427 1094 481 VI.
1150 428 1441 484 Contra
1485 430 1858 486 Faustum
1915 432 2046 486 lib.
2103 432 2196 487 XI.
2607 436 2734 499 327

446 620 817 702 peecatiS,
894 618 1489 686 conuiuifieauit
1560 640 1695 686 nos
1774 621 2110 697 Christe,
2197 621 2415 687 euius
2490 624 2736 707 gratia

448 745 707 793 sumus
756 726 956 793 salui
1002 727 1213 794 faeti.
1282 728 1453 810 quod
1508 728 1680 795 enim
1733 728 1838 795 hic
1873 728 2085 793 'dixitz
2145 729 2737 797 conuiuifieauit

444 850 577 897 nos
626 832 955 909 Christo,
1002 828 1131 899 hoe'
1172 832 1328 897 dixit
1373 833 1453 897 ad
1502 833 1901 901 Corinthios:
1948 837 2032 898 ut
2077 834 2202 917 qui
2247 835 2542 914 uiuunt,
2589 836 2734 901 iam

443 959 585 1004 non
632 939 781 1004 sibi
828 939 1118 1017 uiuant,
1168 940 1298 1005 sed
1345 940 1431 1017 ei,
1481 941 1612 1023 qui
1655 961 1784 1025 pro
1840 941 2034 1024 ipsis
2091 944 2434 1007 mortuus
2492 946 2608 1008 est
2664 946 2737 1008 et

374 1064 403 1103 ⁵
440 1046 875 1112 resurrexit.
946 1050 1011 1111 et
1055 1046 1225 1129 quod
1262 1046 1366 1113 hie
1414 1047 1607 1113 dicit:
1669 1047 1886 1113 euius
1935 1048 2183 1133 gratia
2229 1068 2486 1114 sumus
2536 1050 2735 1114 salui

442 1151 648 1231 faeti,
704 1152 831 1217 iam
886 1152 1071 1217 uelut
1124 1153 1475 1236 perfeetum
1532 1154 1620 1220 sit
1672 1154 1972 1237 loquitur,
2032 1156 2200 1237 quod
2253 1154 2316 1221 in
2365 1176 2475 1240 spe
2521 1159 2732 1234 tenet3

440 1277 587 1323 nam
642 1260 811 1343 quod
867 1260 1056 1343 paulo
1116 1263 1259 1324 ante
1316 1261 1826 1339 commemoraui,
1885 1260 2277 1345 apertissime
2335 1262 2485 1328 alibi
2541 1264 2730 1329 dicit:

442 1384 572 1449 spe
633 1367 831 1431 enim
892 1366 1092 1431 salui
1147 1364 1335 1431 faeti
1392 1385 1672 1433 sumus.
1737 1368 2006 1449 ideoque
2063 1370 2127 1432 et
2179 1368 2285 1434 hie
2340 1370 2626 1452 sequitur
2670 1374 2733 1435 et

439 1479 763 1558 tamquam
808 1474 1160 1559 perfeetum
1209 1478 1553 1553 enumerat,
1613 1476 1781 1558 quod
1827 1476 2112 1541 futurum
2161 1477 2296 1541 est:
2364 1480 2438 1540 et
2484 1476 2729 1555 simul,

346 1594 401 1633 1⁰
437 1581 662 1664 inquit,
723 1580 1097 1645 excitauit
1152 1585 1227 1646 et
1282 1581 1518 1647 simul
1574 1582 1836 1647 sedere
1891 1582 2080 1647 feeit
2131 1581 2204 1645 in
2263 1583 2729 1650 caelestibus

436 1687 509 1753 in
576 1688 883 1753 Christo
948 1688 1145 1755 Iesu.
1213 1690 1381 1754 certe
1448 1688 1616 1753 enim
1679 1689 1742 1753 in
1810 1689 2191 1754 caelestibus
2248 1689 2538 1756 Christus
2600 1692 2728 1755 iam

438 1794 633 1873 sedet,
682 1794 963 1859 nondum
1009 1797 1225 1859 autem
1268 1813 1421 1869 nos;
1480 1795 1595 1860 sed
1643 1796 1791 1877 quia
1837 1816 1948 1880 spe
1995 1799 2183 1875 certa,
2230 1797 2400 1879 quod
2442 1797 2728 1863 futurum

436 1904 554 1978 est,
600 1900 729 1965 iam
774 1904 1087 1980 tenemus,
1138 1901 1333 1965 simul
1380 1900 1602 1967 sedere
1650 1922 1766 1967 nos
1815 1902 1970 1967 dixit
2015 1901 2078 1966 in
2127 1903 2529 1981 caelestibus,
2576 1924 2730 1970 non·

435 2006 585 2071 dum
630 2008 696 2071 in
744 2008 949 2083 nobis,
1000 2006 1111 2073 sed
1160 2006 1285 2071 iam
1332 2006 1397 2071 in
1445 2006 1579 2072 illo.
1647 2026 1916 2089 namque
1963 2027 2040 2072 ne
2086 2010 2343 2090 putares
2388 2008 2513 2073 iam
2560 2029 2726 2075 nunc

344 2124 395 2163 1⁶
437 2133 574 2180 esse
619 2115 994 2197 perfeetum,
1043 2114 1214 2197 quod
1260 2114 1325 2177 in
1375 2132 1485 2197 spe
1542 2112 1635 2177 ita
1691 2111 1941 2192 dicitur,
1999 2118 2322 2197 tamquam
2376 2116 2724 2199 perfeetum

433 2220 537 2297 sit,
589 2224 779 2303 atque
826 2223 903 2285 ut
948 2221 1286 2305 intellegas
1336 2220 1541 2285 adhuc
1587 2220 1894 2297 futurum,
1961 2220 2248 2303 sequitur
2294 2225 2359 2287 et
2406 2222 2595 2287 dicit:
2645 2228 2726 2289 ut

434 2328 881 2393 ostenderet
935 2328 1007 2391 in
1067 2326 1795 2410 superuenientibus
1864 2327 2201 2392 saeculis
2267 2329 2723 2412 superabun-

430 2435 695 2499 dantes
746 2433 1073 2499 diuitias
1122 2434 1415 2518 gratiae
1463 2453 1641 2499 suae
1688 2433 1761 2498 in
1809 2433 2287 2517 benignitate
2327 2454 2553 2519 super
2589 2458 2721 2503 nos

427 2541 497 2606 in
547 2541 857 2607 Christo
906 2542 1102 2607 Iesu.
1170 2541 1317 2607 hine
1375 2546 1475 2605 est
1529 2544 1594 2605 et
1638 2540 1841 2605 illud:
1911 2559 2073 2605 eum
2133 2540 2326 2605 enim
2382 2560 2721 2607 essemus

331 2655 386 2695 ²⁰
426 2650 501 2712 in
548 2666 788 2725 carne,
836 2648 1239 2733 passiones
1285 2651 1791 2731 peccatorum,
1841 2665 2028 2729 quae
2073 2665 2202 2729 per
2237 2646 2486 2730 legem
2525 2652 2718 2727 sunt,

423 2754 938 2837 operabantur
991 2755 1066 2819 in
1122 2755 1479 2820 membris
1538 2755 1848 2831 nostris,
1906 2756 1989 2817 ut
2045 2753 2378 2817 fructum
2433 2753 2721 2820 ferrent

421 2860 665 2927 morti.
733 2861 826 2926 ita
873 2862 1041 2926 enim
1090 2860 1282 2926 dixit:
1342 2880 1501 2926 eum
1561 2881 1904 2926 essemus
1950 2862 2026 2925 in
2075 2880 2312 2936 carne,
2362 2862 2542 2943 quasi
2589 2862 2716 2926 iam

420 2986 542 3032 non
600 2971 816 3033 essent
870 2968 933 3033 in
993 2986 1197 3033 earne.
1269 2967 1435 3049 quod
1490 2968 1583 3033 ita
1636 2968 2068 3052 intellegitur:
2129 2987 2272 3032 eum
2322 2985 2607 3033 essemus
2652 2968 2717 3033 in

420 3094 529 3157 spe
595 3094 805 3139 rerum
872 3074 1239 3151 carnalium,
1312 3073 1562 3155 quando
1619 3075 1738 3152 leit,
1807 3093 1966 3157 quae
2041 3074 2268 3158 inpleri
2325 3093 2447 3139 non
2502 3077 2720 3158 potest

326 3190 379 3228 ⁸⁵
417 3180 542 3245 nisi
585 3199 697 3263 per
743 3180 1070 3244 caritatem
1120 3179 1490 3263 spiritalem,
1550 3180 1630 3245 ad
1683 3181 1806 3247 hoe
1863 3200 2053 3264 super
2106 3200 2215 3246 eos
2272 3184 2423 3258 erat,
2481 3183 2555 3244 ut
2607 3200 2719 3263 per

415 3286 1013 3370 praeuaricationem
1066 3286 1415 3353 abundaret
1460 3286 1787 3365 delictum,
1835 3290 1910 3352 ut
1953 3290 2177 3371 postea
2219 3288 2502 3352 reuelato
2550 3307 2715 3353 nouo

414 3395 797 3459 testamento
867 3412 980 3476 per
1020 3392 1483 3477 indulgentiam
1520 3394 2060 3477 superabundaret
2093 3393 2314 3478 gratia.
2362 3393 2509 3458 hine
2546 3394 2716 3458 simi-

412 3500 560 3565 liter
604 3500 756 3565 alibi
804 3499 1000 3565 dicit:
1067 3500 1189 3582 qui
1248 3502 1501 3565 autem
1556 3501 1632 3565 in
1690 3520 1904 3565 earne
1962 3503 2160 3577 sunt,
2222 3500 2356 3566 deo
2412 3502 2714 3585 plaeere

413 3626 551 3671 non
588 3610 933 3692 possunt.
986 3610 1050 3671 et
1087 3626 1165 3671 ne
1202 3609 1457 3691 putaret
1494 3608 1830 3689 quisquam
1869 3626 1978 3673 eos
2019 3606 2244 3687 dictos,
2285 3608 2396 3690 qui
2431 3608 2710 3674 nondum

316 3720 375 3761 ⁸⁰
412 3714 645 3779 mortui
678 3716 848 3790 sunt,
880 3714 1099 3779 statim
1134 3714 1435 3779 subiecit:
1475 3732 1613 3778 uos
1652 3717 1904 3778 autem
1941 3733 2084 3780 non
2123 3714 2316 3780 estis
2355 3714 2429 3780 in
2470 3732 2708 3789 carne,

589 3880 655 3934 16
674 3836 871 3950 Ephes.
893 3878 943 3943 2,
964 3880 999 3932 4
1018 3896 1132 3947 sqq.
1225 3878 1290 3932 19
1308 3878 1461 3932 Rom.
1486 3879 1527 3941 7,
1559 3880 1592 3932 5
1677 3880 1744 3931 27
1767 3879 1832 3933 cf.
1853 3878 2005 3934 Rom.
2028 3882 2078 3945 5,
2101 3879 2172 3934 20
2245 3880 2313 3936 28
2333 3879 2484 3933 Rom.
2505 3880 2556 3945 8,
2577 3880 2610 3933 8
2631 3896 2710 3951 sq.

486 3986 511 4038 l
552 3986 629 4056 (et
666 3986 721 4055 3)
761 3985 983 4054 christo]
1020 3984 1077 4038 in
1112 3988 1216 4058 x—‘po
1258 3984 1289 4040 b
1397 3986 1433 4037 4
1469 3985 1665 4039 uiuant
1701 3984 1754 4057 (a
1792 4000 1858 4039 ex
1894 4002 1930 4039 u
1965 4002 2034 4041 m.
2075 3986 2129 4055 2)
2159 3985 2213 4039 L
2321 3987 2354 4038 5
2393 3986 2490 4039 sal.
2528 4001 2711 4039 sumus

408 4074 509 4128 fac.
548 4074 579 4128 b
724 4076 759 4127 6
796 4074 961 4129 uelud
1003 4074 1055 4129 G
1192 4075 1223 4128 7
1280 4074 1724 4128 commemorauit
1765 4072 1815 4127 0
1921 4074 1986 4129 10
2045 4077 2123 4140 (et
2185 4074 2268 4141 11)
2328 4072 2620 4128 celestibus
2666 4072 2714 4127 Ο

412 4164 475 4219 13
521 4164 627 4218 iam
673 4180 775 4219 om,
824 4163 925 4219 Sc}
1068 4163 1243 4218 sidere
1289 4162 1367 4216 L²
1497 4164 1559 4216 15
1609 4160 1807 4216 dicitur
1851 4163 1932 4217 ita
1980 4162 2082 4217 GS
2197 4164 2266 4217 23
2315 4167 2496 4217 essent
2543 4168 2598 4227 (n
2645 4162 2708 4216 in

404 4257 539 4321 ναε.)
585 4254 635 4309 0
774 4254 882 4324 qod
920 4256 972 4319 (ο
1010 4268 1053 4307 s.
1095 4253 1152 4321 1.)
1194 4252 1242 4307 S
1346 4253 1413 4305 25
1452 4251 1754 4323 spiritalem
1782 4252 1836 4306 L
1982 4268 2077 4322 per
2113 4268 2215 4308 om.
2245 4252 2378 4306 ΒΜ
2478 4252 2547 4305 26
2585 4266 2704 4322 pre-

411 4343 734 4397 uaricatione
776 4346 851 4411 (m
888 4342 982 4411 er.)
1020 4340 1094 4393 M
1126 4341 1613 4411 preuaricationem
1658 4341 1750 4395 OS
1857 4342 1926 4395 28
1966 4344 2022 4395 et
2059 4340 2194 4395 alibi
2238 4342 2284 4395 (1
