3159 4984
842 456 928 511 v1.
987 456 1276 512 Contra
1331 457 1701 512 Faustum
1756 458 1888 512 lib.
1946 457 2117 513 XXII.
2502 464 2629 527 667

323 658 536 719 tamen
582 654 876 738 ingentes
925 652 1149 716 herbas
1197 653 1593 736 progignere.
1652 653 1987 718 frumentis
2046 656 2259 736 aptam
2306 672 2447 718 esse.
2494 671 2631 736 pro-

325 760 641 838 nuntiant‚
701 762 766 824 et
819 759 931 823 ubi
987 760 1222 824 filicem
1280 761 1657 843 aspexerint,
1715 760 1869 824 licet
1919 760 2359 826 eradicandam
2406 760 2630 838 sciant,

325 867 557 932 ualidis
604 867 852 930 uitibus
899 866 1174 930 habilem
1225 867 1631 950 intellegunt,
1681 871 1746 931 et
1792 887 1981 950 quern
2020 871 2303 932 montem
2344 866 2633 932 oleastris

329 974 671 1037 siluescere
721 973 1096 1056 aspexerint,
1149 973 1308 1038 oleis
1358 993 1500 1038 esse
1549 973 1777 1037 utilem
1826 974 2079 1038 cultura
2124 973 2463 1038 accedente
2510 990 2633 1036 non

257 1101 284 1140 5
327 1081 657 1145 dubitant:
699 1081 792 1144 sic
828 1080 941 1144 ille
981 1081 1174 1145 animi
1211 1084 1448 1149 motus,
1489 1100 1615 1163 quo
1645 1082 1901 1164 Moyses
1938 1080 2343 1164 peregrinum
2378 1079 2633 1143 fratrem

324 1207 360 1251 a
426 1187 568 1252 ciue
632 1187 897 1270 inprobo
953 1186 1245 1250 iniuriam
1302 1187 1765 1271 perpetientem
1840 1205 1965 1253 non
2024 1187 2362 1252 obseruate
2421 1185 2634 1251 ordine

323 1295 666 1378 potestatis
714 1294 994 1358 inultum
1041 1313 1182 1358 esse
1239 1312 1365 1358 non
1423 1295 1710 1378 pertulit,
1768 1297 1891 1359 non
1947 1294 2265 1358 uirtutum
2318 1292 2633 1356 fructibus

324 1400 572 1466 inutilis
621 1403 774 1479 erat,
826 1401 938 1465 sed
985 1401 1192 1465 adhuc
1239 1401 1523 1466 incultus
1571 1401 1809 1467 uitiosa
1862 1401 2141 1482 quidem,
2198 1398 2311 1464 sed
2366 1416 2633 1482 magnae

323 1507 676 1572 fertilitatis
743 1507 924 1591 signa
988 1506 1314 1571 fundebat.
1381 1507 1518 1590 ipse
1589 1507 1859 1590 denique
1924 1527 2037 1590 per
2090 1507 2387 1591 angelum
2446 1524 2629 1569 suum

231 1633 286 1672 ιο
331 1613 563 1678 diuinis
619 1614 886 1698 Moysen
943 1614 1215 1679 uocibus
1282 1615 1580 1679 euocauit
1643 1615 1707 1678 in
1764 1618 1978 1679 monte
2036 1613 2206 1691 Sina,
2270 1632 2383 1696 per
2446 1629 2633 1693 quem

323 1722 697 1785 liberaretur
744 1739 815 1786 ex
860 1721 1155 1805 Aegypto
1202 1722 1480 1806 populus
1527 1722 1791 1798 Israhel,
1851 1741 2123 1803 eumque
2180 1719 2484 1784 miraculo
2541 1717 2633 1780 ui-

326 1827 522 1892 sionis
567 1827 632 1891 in
681 1829 839 1894 rubo
888 1829 1253 1892 flammante
1304 1831 1370 1894 et
1413 1849 1536 1893 non
1588 1829 1844 1893 ardente
1899 1827 2241 1910 uerbisque
2300 1824 2634 1891 dominicis

321 1934 403 1997 ad
431 1933 679 2018 frugem
711 1935 1145 2000 oboedientiae
1177 1936 1601 2020 praeparauit:
1635 1936 1744 2018 qui
1772 1935 1962 1999 etiam
1994 1933 2260 1999 Saulum
2300 1929 2631 1996 ecclesiam

321 2043 810 2122 persequentem
879 2041 953 2106 de
1021 2043 1196 2108 caelo
1253 2044 1544 2118 uocauit,
1605 2042 1982 2126 prostrauit,
2051 2040 2273 2117 erexit,
2339 2035 2633 2121 inpleuit‚

233 2167 282 2206 ιε
319 2151 648 2230 tamquam
695 2148 1033 2230 percussit.
1084 2149 1463 2232 amputauit,
1513 2149 1801 2226 inseruit,
1850 2147 2240 2213 fecundauit.
2309 2145 2419 2208 illa
2464 2163 2635 2208 nam-

325 2271 446 2335 que
493 2253 677 2318 Pauli
725 2255 1015 2332 saeuitia,
1067 2275 1212 2320 cum
1273 2256 1627 2320 secundum
1684 2255 2177 2320 aemulationem
2234 2255 2635 2337 paternarum

323 2358 738 2425 traditionum
791 2362 1291 2443 persequebatur
1348 2361 1708 2438 ecclesiam,
1764 2364 1997 2444 putans
2058 2360 2338 2425 officium
2396 2358 2515 2422 deo
2566 2375 2634 2422 se

321 2465 547 2543 facere‚
597 2469 922 2548 tamquam
971 2466 1267 2531 siluestre
1316 2470 1452 2531 erat
1497 2466 1751 2543 uitium,
1810 2467 1923 2531 sed
1968 2484 2235 2550 magnae
2281 2462 2627 2528 feracitatis

322 2571 649 2635 indicium.
707 2571 854 2636 hinc
903 2575 1038 2636 erat
1081 2571 1244 2636 illud
1289 2572 1484 2649 Petri,
1544 2591 1691 2636 cum
1747 2571 2083 2655 euaginato
2141 2569 2354 2654 gladio
2401 2567 2627 2632 uolens

237 2699 292 2739 20
326 2677 658 2742 defendere
707 2677 1033 2743 dominum
1079 2697 1296 2743 aurem
1350 2678 1777 2762 persecutoris
1818 2677 2130 2743 abscidit:
2178 2675 2350 2759 quod
2385 2675 2626 2738 factum

325 2783 621 2849 dominus
669 2783 826 2850 satis
871 2784 1208 2849 minaciter
1253 2784 1542 2850 cohibuit
1588 2785 1842 2850 dicens:
1892 2783 2210 2850 reconde
2260 2781 2623 2867 gladium;

323 2889 448 2972 qui
507 2891 700 2956 enim
756 2890 1010 2975 gladio
1067 2911 1252 2956 usus
1309 2890 1573 2968 fuerit,
1634 2892 1889 2976 gladio
1950 2891 2187 2958 cadet.
2244 2889 2354 2953 ille
2413 2889 2624 2951 autem

321 2998 526 3061 utitur
582 2998 824 3081 gladio,
883 2998 992 3080 qui
1051 2999 1226 3063 nulla
1283 2998 1607 3082 superiore
1664 3017 1737 3064 ac
1791 2998 2081 3082 legitima
2144 2998 2465 3081 potestate
2520 2993 2628 3058 uel

320 3103 581 3168 iubente
629 3105 738 3169 uel
795 3105 1182 3170 concedente
1239 3105 1304 3170 in
1363 3106 1739 3189 sanguinem
1792 3105 2063 3170 alicuius
2118 3106 2417 3168 armatur.
2481 3120 2627 3165 nam

228 3231 286 3271 ετ»
321 3210 544 3291 utique
594 3210 888 3276 dominus
935 3212 1230 3289 iusserat,
1278 3215 1354 3276 ut
1397 3211 1637 3276 sermm
1682 3212 1985 3295 discipuli
2030 3211 2169 3276 eius
2216 3211 2469 3286 ferrent,
2516 3207 2628 3272 sed

323 3335 447 3380 non
511 3315 806 3394 iusserat,
873 3321 948 3381 ut
1009 3317 1285 3381 ferirent.
1355 3317 1508 3399 quid
1571 3337 1721 3402 ergo
1785 3318 2226 3402 incongruum,
2284 3316 2341 3381 si
2397 3315 2626 3380 Petrus

319 3427 466 3506 post
513 3424 634 3489 hoc
678 3431 1014 3507 peccatum
1069 3424 1278 3488 factus
1337 3426 1435 3488 est
1491 3427 1714 3506 pastor
1766 3424 2093 3500 ecelesiae⁹
2152 3424 2324 3488 sicut
2368 3423 2625 3506 Moyses

503 3615 567 3668 13
606 3614 672 3669 cf.
711 3615 806 3669 Ex.
844 3615 895 3678 3,
932 3616 968 3669 4
1077 3616 1144 3669 15
1183 3613 1250 3672 cf.
1287 3615 1407 3670 Act.
1446 3615 1498 3680 9,
1534 3616 1572 3670 4
1638 3695 1643 3700 ⁸
1682 3615 1749 3670 17
1789 3613 1855 3670 cf.
1895 3613 2017 3670 Gal.
2058 3617 2105 3680 l,
2148 3615 2214 3669 14
2326 3615 2393 3668 21
2424 3615 2623 3668 Matth.

321 3705 407 3768 26,
446 3705 513 3760 51
555 3721 635 3774 sq.

391 3838 425 3890 2
489 3837 697 3891 felicem
755 3835 903 3902 L¹b,·
955 3837 1052 3890 sed
1105 3837 1136 3890 b
1184 3838 1248 3890 in
1299 3853 1470 3906 marq.
1530 3837 1707 3891 erhib.
1764 3837 1833 3892 al.
1891 3837 2127 3891 silerem·
2296 3839 2329 3890 3
2386 3836 2624 3890 habilem

319 3942 422 3980 om.
460 3925 493 3978 b
671 3927 708 3979 4
753 3925 1073 3979 siluaescere
1121 3926 1174 3994 (a
1218 3942 1261 3981 ε.
1311 3927 1347 3980 1.
1397 3943 1435 3980 a
1471 3943 1542 3980 m.
1579 3930 1631 3994 1)
1668 3925 1723 3979 L
1864 3924 2192 3989 accendente
2238 3925 2285 3980 0
2417 3925 2451 3978 5
2490 3925 2624 3979 freni

319 4016 393 4080 (m
431 4015 591 4080 add.)
624 4014 672 4069 S
880 4014 915 4068 6
953 4014 1062 4068 ciui
1104 4014 1153 4068 C
1361 4013 1606 4085 improbo
1654 4014 1731 4080 (in
1778 4029 1915 4070 corr.
1950 4015 2013 4068 in
2062 4031 2112 4068 m
2164 4017 2219 4069 et·
2268 4015 2286 4066 i
2332 4031 2375 4068 a.
2416 4016 2451 4070 l.
2492 4013 2622 4068 add.

317 4119 387 4159 m.
423 4102 478 4172 2)
505 4102 559 4156 L
731 4103 765 4156 8
803 4119 1032 4173 magnae
1069 4101 1114 4155 sc
1153 4102 1207 4155 L
1243 4103 1488 4173 magna&
1523 4103 1628 4159 Mb
1666 4119 1863 4174 magne
1900 4101 1949 4158 S
2115 4103 2183 4158 10
2230 4120 2363 4174 syna
2400 4101 2624 4157 LSMG

321 4191 390 4246 14
434 4191 548 4245 celo
601 4191 652 4246 0
787 4191 1084 4262 prostrauit
1129 4197 1240 4260 (pr.
1289 4209 1316 4245 r
1359 4209 1402 4248 ε.
1451 4193 1511 4258 1.)
1555 4193 1605 4247 Ο
1740 4193 2011 4264 implicuit
2048 4193 2149 4248 SG
2332 4195 2401 4247 15
2438 4193 2621 4263 fecun-

319 4279 474 4335 danit
509 4281 562 4335 L
779 4281 845 4334 17
893 4279 1329 4350 persequabatur
1373 4281 1475 4336 SG
1699 4285 1767 4336 15
1826 4283 2107 4336 siluestrae
2154 4281 2231 4335 M
2272 4282 2523 4351 siluestre
2572 4281 2625 4334 L

320 4368 516 4422 uicium
553 4369 650 4422 CL
759 4369 828 4421 22
867 4369 981 4436 illel
1019 4369 1106 4422 hic
1149 4369 1198 4423 Ο
1301 4371 1368 4424 23
1409 4371 1672 4440 superiori
1712 4372 1742 4424 b
