3159 4984
796 431 881 484 VI.
939 430 1245 486 Contra
1299 431 1696 486 Faustum
1755 430 1896 486 lib.
1953 431 2174 487 xxlm.
2501 437 2629 500 723

330 629 564 691 Adam
607 627 683 690 in
732 627 1052 691 animam
1098 628 1511 692 uiuentem.
1579 626 1700 692 hoc
1760 631 1974 692 autem
2037 627 2100 691 in
2167 627 2385 711 genesi
2436 629 2630 710 scrip-

331 738 473 798 tum
540 736 667 811 est,
734 735 846 799 ubi
888 713 1235 814 narraturJ
1287 733 1606 817 quomodo
1672 734 1832 799 deus
1897 734 2220 799 hominem
2257 734 2509 799 .fecerit
2569 737 2634 799 et

337 858 585 924 corpuS,
635 841 805 923 quod
854 841 928 906 de
976 845 1142 906 terra
1186 842 1592 918 formauerat,
1641 841 2038 918 animauerit.
2087 845 2371 907 ueterem
2419 845 2631 907 autem

332 946 651 1011 hominem
720 948 879 1013 nihil
945 949 1121 1014 aliud
1184 949 1517 1032 apostolus
1585 967 1776 1030 quam
1838 949 2042 1013 uitam
2106 952 2392 1013 ueterem
2449 948 2628 1020 dicit,

274 1082 304 1120 ⁵
332 1075 493 1136 quae
538 1055 604 1119 in
650 1059 913 1140 peccato
963 1059 1081 1129 est,
1128 1057 1193 1121 in
1243 1074 1368 1140 quo
1414 1056 1770 1150 secundum
1805 1057 2009 1120 Adam
2056 1055 2343 1121 uiuitur:
2391 1056 2467 1121 de
2497 1075 2630 1139 quo

334 1163 526 1226 dicit:
584 1183 714 1248 per
758 1183 984 1228 unum
1032 1164 1407 1231 hominem
1464 1168 1862 1246 peccatum
1922 1163 2250 1228 intrauit
2304 1162 2376 1227 in
2433 1181 2630 1226 mun-

338 1270 507 1334 dum
557 1274 633 1335 et
676 1290 807 1354 per
851 1274 1251 1355 peccatum
1299 1290 1525 1341 mors;
1579 1275 1652 1335 et
1695 1271 1805 1334 ita
1860 1271 1930 1333 in
1992 1289 2242 1334 omnes
2291 1270 2630 1335 homines
2739 1285 2744 1290 ’

334 1379 862 1460 pertransiuit‚
912 1379 985 1442 in
1034 1399 1176 1461 quo
1227 1397 1481 1445 omnes
1530 1381 2069 1460 peccauerunt.
2120 1395 2267 1461 ergo
2307 1379 2484 1442 totus
2519 1376 2630 1441 ille

331 1485 543 1560 homo,
600 1483 669 1548 id
725 1486 825 1548 est
880 1487 946 1549 et
997 1485 1296 1550 interiore
1354 1487 1417 1549 et
1474 1484 1777 1549 exteriore
1834 1484 1936 1548 sui
1989 1485 2188 1566 parte,
2245 1481 2631 1547 inueterauit

240 1615 293 1652 ιο
332 1593 588 1673 propter
630 1593 964 1674 peccatum
1016 1594 1079 1656 et
1132 1610 1372 1676 poenae
1426 1591 1842 1656 mortalitatis
1899 1589 2192 1654 addictus
2229 1592 2384 1664 est3
2451 1608 2628 1654 reno-

332 1699 521 1760 uatur
566 1701 779 1763 autem
826 1717 995 1762 nunc
1042 1698 1395 1764 secundum
1439 1698 1804 1763 interiorem
1859 1697 2202 1774 hominem,
2249 1695 2360 1761 ubi
2407 1715 2624 1762 secun-

332 1803 486 1868 dum
532 1804 633 1869 sui
680 1805 981 1870 creatoris
1017 1804 1365 1890 imaginem
1402 1806 1802 1884 reformatur,
1846 1823 2078 1869 exuens
2119 1823 2187 1868 se
2223 1803 2627 1880 iniustitiam,

331 1911 453 1976 hoc
482 1914 581 1976 est
608 1915 891 1976 ueterem
930 1913 1273 1991 hominem,
1308 1916 1373 1978 et
1407 1913 1678 1977 induens
1715 1911 2052 1990 iustitiam,
2091 1911 2212 1975 hoc
2251 1912 2352 1974 est
2386 1928 2624 1975 nouum

328 2017 669 2083 hominem.
735 2021 897 2104 tunc
947 2022 1180 2096 autem,
1241 2038 1389 2084 cum
1443 2021 1736 2104 resurget
1783 2037 2012 2102 corpus
2079 2017 2391 2101 spiritale,
2458 2016 2626 2100 quod
2704 2005 2729 2017 ’

232 2155 291 2194 15
332 2125 683 2189 seminatur
725 2127 1018 2204 animale,
1079 2127 1269 2190 etiam
1328 2127 1600 2192 exterior
1653 2126 1962 2209 percipiet
2020 2125 2319 2191 caelestis
2377 2124 2626 2188 habitu-

332 2225 495 2295 dinis
551 2231 947 2316 dignitatem‚
1004 2235 1084 2296 ut'
1134 2235 1365 2310 totum,
1426 2233 1598 2315 quod
1657 2235 1942 2297 creatum
2001 2235 2120 2310 est,
2180 2233 2500 2296 recreetur
2563 2233 2628 2296 et

328 2337 558 2415 totum,
607 2339 777 2421 quod
823 2340 1063 2404 factum
1111 2344 1229 2418 est,
1279 2340 1601 2405 reficiatur
1645 2340 1757 2404 illo
1807 2341 2150 2414 recreante,
2209 2339 2316 2420 qui
2364 2338 2622 2410 creauit,

331 2441 395 2508 et
430 2445 771 2522 reficiente,
812 2447 917 2528 qui
958 2447 1129 2512 fecit.
1180 2447 1349 2529 quod
1386 2447 1668 2512 breuiter
1705 2447 1996 2530 explicat,
2036 2445 2146 2509 ubi
2186 2446 2312 2508 ait:
2353 2428 2622 2534 corpus

330 2553 630 2634 quidem
658 2557 1035 2619 mortuum
1067 2559 1184 2620 est
1222 2559 1533 2638 propter
1560 2558 1978 2638 peccatum,
2011 2553 2339 2637 spiritus
2373 2555 2622 2616 autem

226 2698 289 2736 20
329 2645 495 2722 uita
542 2664 659 2726 est
703 2665 1013 2745 propter
1047 2662 1458 2727 iustitiam.
1509 2662 1573 2726 si
1613 2665 1864 2725 autem
1903 2659 2230 2744 spiritus
2270 2657 2456 2736 eius,
2497 2659 2625 2740 qui

330 2768 747 2832 suscitauit
795 2767 1182 2834 Christum
1230 2788 1267 2833 a
1313 2769 1660 2845 mortum,
1709 2767 2013 2832 habitat
2067 2766 2142 2830 in
2199 2765 2446 2840 uobis,
2496 2765 2619 2846 qui

329 2874 750 2939 suscitauit
815 2874 1305 2941 Christum‘a
1368 2874 1722 2950 mortuis,
1789 2872 2242 2937 uiuificabit
2306 2874 2379 2936 et
2441 2891 2622 2936 mor-

326 2982 517 3046 talia
564 3001 875 3065 corpora
921 2987 1183 3047 uestra
1226 3001 1358 3065 per
1402 2981 1876 3046 habitantem
1927 2980 2284 3063 spiritum
2335 2979 2499 3043 eius
2547 2979 2619 3043 in

327 3088 567 3154 uobis,
634 3107 782 3153 nam
829 3091 972 3172 quis
1021 3090 1337 3155 catholica
1380 3089 1654 3154 ueritate
1700 3089 2057 3153 instructus
2105 3087 2357 3172 ignorat
2403 3105 2624 3152 secun-

224 3237 288 3278 ‚5
328 3195 480 3259 dum
528 3214 755 3278 corpus
805 3214 944 3260 esse
993 3195 1152 3260 alios
1199 3195 1493 3260 homines
1540 3195 1887 3273 mascu108‚
1946 3194 2103 3259 alias
2159 3192 2450 3272 feminas,
2499 3213 2623 3257 non

328 3302 679 3367 secundum
728 3303 1023 3385 spiritum
1068 3303 1324 3380 mentis,
1372 3303 1436 3366 in
1485 3320 1611 3385 quo
1659 3320 2040 3368 renouamur
2079 3300 2431 3365 secundum
2469 3300 2622 3364 ima-

327 3409 540 3493 ginem
596 3409 745 3474 dei?
811 3409 1252 3474 uerumtamen
1311 3411 1458 3493 quia
1513 3413 1858 3492 utrumque
1917 3406 2074 3472 deus
2130 3407 2303 3485 fecit,
2369 3425 2620 3471 rursum

324 3517 493 3581 idem
557 3516 885 3599 apostolus
949 3517 1135 3581 testis
1202 3519 1319 3596 est,
1386 3517 1497 3580 ubi
1566 3516 1756 3580 dicit:
1832 3533 2070 3598 neque
2127 3513 2399 3577 mulier
2461 3514 2621 3578 sine

510 3763 532 3814 1
576 3760 641 3814 cf.
680 3759 813 3814 Gen.
853 3763 901 3819 2,
944 3761 973 3812 7
1086 3761 1117 3813 6
1156 3721 1310 3818 Romi
1348 3761 1397 3824 5,
1442 3760 1506 3812 12
1621 3760 1686 3816 18
1725 3760 1878 3813 Rom.
1917 3759 1967 3823 s,
2011 3759 2075 3814 10
2116 3775 2196 3828 sq.
2325 3721 2392 3814 '2³
2431 3723 2619 3815 reor.

325 3854 411 3914 11,
453 3851 515 3904 11
559 3867 638 3920 sq.

400 4003 427 4054 1
467 4001 709 4070 genesim
750 4004 895 4069 (πρ.
933 4017 1003 4055 m.
1043 4005 1107 4067 2)
1146 4001 1199 4054 L
1361 4001 1393 4054 9
1434 4004 1517 4054 est
1556 3999 1719 4070 (πίνῃ.
1759 4016 1829 4055 er.
1869 4005 1920 4054 et
1959 4005 2010 4054 st
2046 4013 2422 4068 superem-nm.
2463 4003 2528 4065 2)
2566 4000 2615 4052 L

328 4090 397 4144 10
434 4105 606 4160 poene
645 4089 841 4160 (tadd.
877 4105 946 4142 m.
987 4093 1051 4156 2)
1090 4089 1143 4142 L
1178 4105 1350 4158 poene
1389 4088 1489 4144 ΒΘ
1648 4091 1712 4142 12
1748 4089 2022 4143 iniustitia
2063 4095 2152 4149 <fv
2191 4089 2323 4142 add.
2361 4104 2430 4140 m.
2471 4089 2528 4156 2)
2568 4089 2619 4142 L

322 4179 655 4248 iniusticiam
691 4177 737 4232 C
846 4179 909 4232 13
950 4182 1029 4241 (et
1064 4179 1153 4245 20)
1184 4178 1437 4232 i'sticiam
1473 4177 1521 4231 0
1630 4178 1694 4231 18
1725 4178 1850 4240 u*bi
1880 4179 1921 4245 (i
1951 4179 2044 4244 er.)
2083 4177 2128 4231 L
2239 4178 2305 4230 21
2337 4175 2513 4230 abitet
2539 4175 2614 4229 L¹

325 4268 393 4320 22
430 4266 734 4322 uiuificabit
774 4267 828 4323 (b
868 4283 1000 4321 corr.
1041 4283 1107 4320 ex
1142 4266 1198 4334 u)
1236 4265 1503 4322 L2P82M
1543 4267 1846 4320 uiuificauit
1879 4265 1931 4320 G
2041 4265 2110 4319 23
2147 4263 2545 4320 inhabitantem

321 4356 395 4411 28
434 4357 715 4427 apostulus
754 4357 824 4409 Ρι
973 4359 1209 4409 testatus
1249 4355 1347 4410 SG
2325 4389 2330 4392 -

2301 4460 2402 4514 46*
