<?xml version="1.0" encoding="UTF-8"?>
<!DOCTYPE html PUBLIC "-//W3C//DTD XHTML 1.0 Transitional//EN"
    "http://www.w3.org/TR/xhtml1/DTD/xhtml1-transitional.dtd">
<html xmlns="http://www.w3.org/1999/xhtml" xml:lang="en" lang="en">
 <head>
  <title>
</title>
<meta http-equiv="Content-Type" content="text/html;charset=utf-8" />
  <meta name='ocr-system' content='tesseract 3.04.00' />
  <meta name='ocr-capabilities' content='ocr_page ocr_carea ocr_par ocr_line ocrx_word'/>
</head>
<body>
  <div class='ocr_page' id='page_1' title='image "./corpusscriptoru27wissgoog_0106.png"; bbox 0 0 3159 4984; ppageno 0'>
   <div class='ocr_carea' id='block_1_1' title="bbox 535 392 2117 467">
    <p class='ocr_par' dir='ltr' id='par_1_1' title="bbox 535 392 2117 467">
     <span class='ocr_line' id='line_1_1' title="bbox 535 392 2117 467; baseline -0.009 -9"><span class='ocrx_word' id='word_1_1' title='bbox 535 404 620 467; x_wconf 85' lang='lat'>98</span> <span class='ocrx_word' id='word_1_2' title='bbox 1235 400 1286 452; x_wconf 84' lang='lat' dir='ltr'>S.</span> <span class='ocrx_word' id='word_1_3' title='bbox 1345 396 1624 451; x_wconf 86' lang='lat' dir='ltr'>Aureli</span> <span class='ocrx_word' id='word_1_4' title='bbox 1680 392 2117 463; x_wconf 80' lang='lat' dir='ltr'>Augustini</span> 
     </span>
    </p>
   </div>
   <div class='ocr_carea' id='block_1_2' title="bbox 537 582 2925 3550">
    <p class='ocr_par' dir='ltr' id='par_1_2' title="bbox 537 582 2921 3124">
     <span class='ocr_line' id='line_1_2' title="bbox 537 582 2829 673; baseline -0.004 -16"><span class='ocrx_word' id='word_1_5' title='bbox 537 592 746 657; x_wconf 89' lang='lat' dir='ltr'>uirtus</span> <span class='ocrx_word' id='word_1_6' title='bbox 798 590 897 656; x_wconf 90' lang='lat' dir='ltr'>dei</span> <span class='ocrx_word' id='word_1_7' title='bbox 945 592 1052 654; x_wconf 89' lang='lat' dir='ltr'>uel</span> <span class='ocrx_word' id='word_1_8' title='bbox 1097 609 1242 673; x_wconf 81' lang='lat' dir='ltr'>pars</span> <span class='ocrx_word' id='word_1_9' title='bbox 1293 589 1504 671; x_wconf 85' lang='lat' dir='ltr'>aliqua</span> <span class='ocrx_word' id='word_1_10' title='bbox 1541 588 1643 653; x_wconf 90' lang='lat' dir='ltr'>dei</span> <span class='ocrx_word' id='word_1_11' title='bbox 1680 588 1787 651; x_wconf 90' lang='lat' dir='ltr'>uel</span> <span class='ocrx_word' id='word_1_12' title='bbox 1824 605 2029 653; x_wconf 85' lang='lat' dir='ltr'>sermo</span> <span class='ocrx_word' id='word_1_13' title='bbox 2070 586 2173 649; x_wconf 85' lang='lat' dir='ltr'>dei</span> <span class='ocrx_word' id='word_1_14' title='bbox 2207 604 2397 667; x_wconf 87' lang='lat' dir='ltr'>posse</span> <span class='ocrx_word' id='word_1_15' title='bbox 2438 582 2829 649; x_wconf 82' lang='lat' dir='ltr'>commutari.</span> 
     </span>
     <span class='ocr_line' id='line_1_3' title="bbox 538 691 2829 780; baseline -0.005 -17"><span class='ocrx_word' id='word_1_16' title='bbox 538 698 784 777; x_wconf 80' lang='lat' dir='ltr'>uiolari,</span> <span class='ocrx_word' id='word_1_17' title='bbox 845 696 1180 780; x_wconf 85' lang='lat' dir='ltr'>corrumpi,</span> <span class='ocrx_word' id='word_1_18' title='bbox 1237 696 1440 780; x_wconf 87' lang='lat' dir='ltr'>ligari,</span> <span class='ocrx_word' id='word_1_19' title='bbox 1499 714 1574 759; x_wconf 85' lang='lat' dir='ltr'>an</span> <span class='ocrx_word' id='word_1_20' title='bbox 1635 715 1727 773; x_wconf 86' lang='lat' dir='ltr'>ea,</span> <span class='ocrx_word' id='word_1_21' title='bbox 1786 694 1898 759; x_wconf 90' lang='lat' dir='ltr'>ubi</span> <span class='ocrx_word' id='word_1_22' title='bbox 1944 694 2176 757; x_wconf 89' lang='lat' dir='ltr'>dicitur</span> <span class='ocrx_word' id='word_1_23' title='bbox 2222 696 2287 757; x_wconf 86' lang='lat' dir='ltr'>et</span> <span class='ocrx_word' id='word_1_24' title='bbox 2334 691 2829 774; x_wconf 82' lang='lat' dir='ltr'>omnipotentem</span> 
     </span>
     <span class='ocr_line' id='line_1_4' title="bbox 541 799 2835 887; baseline -0.004 -18"><span class='ocrx_word' id='word_1_25' title='bbox 541 806 732 871; x_wconf 89' lang='lat' dir='ltr'>deum</span> <span class='ocrx_word' id='word_1_26' title='bbox 789 808 854 869; x_wconf 90' lang='lat' dir='ltr'>et</span> <span class='ocrx_word' id='word_1_27' title='bbox 911 823 1162 869; x_wconf 91' lang='lat' dir='ltr'>omnem</span> <span class='ocrx_word' id='word_1_28' title='bbox 1218 803 1422 887; x_wconf 88' lang='lat' dir='ltr'>ipsius</span> <span class='ocrx_word' id='word_1_29' title='bbox 1480 806 1770 867; x_wconf 85' lang='lat' dir='ltr'>naturam</span> <span class='ocrx_word' id='word_1_30' title='bbox 1828 805 1894 865; x_wconf 91' lang='lat' dir='ltr'>et</span> <span class='ocrx_word' id='word_1_31' title='bbox 1949 800 2373 865; x_wconf 86' lang='lat' dir='ltr'>substantiam</span> <span class='ocrx_word' id='word_1_32' title='bbox 2430 799 2607 863; x_wconf 88' lang='lat' dir='ltr'>nulla</span> <span class='ocrx_word' id='word_1_33' title='bbox 2660 802 2835 879; x_wconf 81' lang='lat' dir='ltr'>parte</span> 
     </span>
     <span class='ocr_line' id='line_1_5' title="bbox 539 904 2835 995; baseline -0.005 -18"><span class='ocrx_word' id='word_1_34' title='bbox 539 931 845 993; x_wconf 83' lang='lat' dir='ltr'>umquam</span> <span class='ocrx_word' id='word_1_35' title='bbox 907 930 1096 995; x_wconf 85' lang='lat' dir='ltr'>posse</span> <span class='ocrx_word' id='word_1_36' title='bbox 1165 909 1499 993; x_wconf 83' lang='lat' dir='ltr'>eorrumpi,</span> <span class='ocrx_word' id='word_1_37' title='bbox 1569 908 1683 973; x_wconf 90' lang='lat' dir='ltr'>sed</span> <span class='ocrx_word' id='word_1_38' title='bbox 1738 908 1907 971; x_wconf 86' lang='lat' dir='ltr'>mala</span> <span class='ocrx_word' id='word_1_39' title='bbox 1962 925 2103 971; x_wconf 89' lang='lat' dir='ltr'>esse</span> <span class='ocrx_word' id='word_1_40' title='bbox 2158 904 2520 970; x_wconf 87' lang='lat' dir='ltr'>uoluntario</span> <span class='ocrx_word' id='word_1_41' title='bbox 2578 908 2835 986; x_wconf 84' lang='lat' dir='ltr'>peccato</span> 
     </span>
     <span class='ocr_line' id='line_1_6' title="bbox 542 1010 2916 1097; baseline -0.005 -14"><span class='ocrx_word' id='word_1_42' title='bbox 542 1018 806 1097; x_wconf 81' lang='lat' dir='ltr'>animae,</span> <span class='ocrx_word' id='word_1_43' title='bbox 857 1017 962 1082; x_wconf 92' lang='lat' dir='ltr'>cui</span> <span class='ocrx_word' id='word_1_44' title='bbox 1010 1015 1186 1080; x_wconf 88' lang='lat' dir='ltr'>dedit</span> <span class='ocrx_word' id='word_1_45' title='bbox 1234 1016 1389 1080; x_wconf 92' lang='lat' dir='ltr'>deus</span> <span class='ocrx_word' id='word_1_46' title='bbox 1436 1015 1709 1079; x_wconf 85' lang='lat' dir='ltr'>liberum</span> <span class='ocrx_word' id='word_1_47' title='bbox 1748 1012 2096 1080; x_wconf 77' lang='lat' dir='ltr'><strong>arbitrium.</strong></span> <span class='ocrx_word' id='word_1_48' title='bbox 2146 1011 2315 1094; x_wconf 90' lang='lat' dir='ltr'>qnod</span> <span class='ocrx_word' id='word_1_49' title='bbox 2361 1011 2634 1075; x_wconf 88' lang='lat' dir='ltr'>liberum</span> <span class='ocrx_word' id='word_1_50' title='bbox 2682 1010 2837 1073; x_wconf 83' lang='lat' dir='ltr'>arbi·</span> <span class='ocrx_word' id='word_1_51' title='bbox 2894 1018 2916 1054; x_wconf 75' lang='lat'><strong>⁵</strong></span> 
     </span>
     <span class='ocr_line' id='line_1_7' title="bbox 544 1118 2837 1203; baseline -0.006 -12"><span class='ocrx_word' id='word_1_52' title='bbox 544 1126 741 1191; x_wconf 87' lang='lat' dir='ltr'>trium</span> <span class='ocrx_word' id='word_1_53' title='bbox 790 1125 845 1191; x_wconf 89' lang='lat' dir='ltr'>si</span> <span class='ocrx_word' id='word_1_54' title='bbox 892 1144 1014 1190; x_wconf 91' lang='lat' dir='ltr'>non</span> <span class='ocrx_word' id='word_1_55' title='bbox 1064 1122 1346 1187; x_wconf 80' lang='lat' dir='ltr'><strong>dedisset</strong></span> <span class='ocrx_word' id='word_1_56' title='bbox 1392 1122 1568 1199; x_wconf 82' lang='lat' dir='ltr'>deuS‚</span> <span class='ocrx_word' id='word_1_57' title='bbox 1619 1121 1924 1185; x_wconf 88' lang='lat' dir='ltr'>iudicium</span> <span class='ocrx_word' id='word_1_58' title='bbox 1970 1119 2274 1203; x_wconf 82' lang='lat' dir='ltr'>puniendi</span> <span class='ocrx_word' id='word_1_59' title='bbox 2310 1118 2560 1182; x_wconf 89' lang='lat' dir='ltr'>nullum</span> <span class='ocrx_word' id='word_1_60' title='bbox 2598 1118 2837 1181; x_wconf 88' lang='lat' dir='ltr'>iustum</span> 
     </span>
     <span class='ocr_line' id='line_1_8' title="bbox 542 1224 2836 1314; baseline -0.005 -17"><span class='ocrx_word' id='word_1_61' title='bbox 542 1251 684 1297; x_wconf 89' lang='lat' dir='ltr'>esse</span> <span class='ocrx_word' id='word_1_62' title='bbox 712 1233 931 1314; x_wconf 88' lang='lat' dir='ltr'>posset</span> <span class='ocrx_word' id='word_1_63' title='bbox 957 1248 1073 1294; x_wconf 92' lang='lat' dir='ltr'>nec</span> <span class='ocrx_word' id='word_1_64' title='bbox 1101 1228 1400 1293; x_wconf 87' lang='lat' dir='ltr'>meritum</span> <span class='ocrx_word' id='word_1_65' title='bbox 1427 1231 1599 1292; x_wconf 88' lang='lat' dir='ltr'>recte</span> <span class='ocrx_word' id='word_1_66' title='bbox 1631 1226 1903 1291; x_wconf 85' lang='lat' dir='ltr'>faciendi</span> <span class='ocrx_word' id='word_1_67' title='bbox 1934 1246 2050 1291; x_wconf 91' lang='lat' dir='ltr'>nee</span> <span class='ocrx_word' id='word_1_68' title='bbox 2080 1228 2493 1309; x_wconf 87' lang='lat' dir='ltr'>praeceptum</span> <span class='ocrx_word' id='word_1_69' title='bbox 2532 1224 2836 1295; x_wconf 72' lang='lat' dir='ltr'>diuinum,</span> 
     </span>
     <span class='ocr_line' id='line_1_9' title="bbox 541 1316 2837 1421; baseline -0.004 -20"><span class='ocrx_word' id='word_1_70' title='bbox 541 1342 618 1401; x_wconf 92' lang='lat' dir='ltr'>ut</span> <span class='ocrx_word' id='word_1_71' title='bbox 653 1316 944 1421; x_wconf 82' lang='lat' dir='ltr'>ageretur</span> <span class='ocrx_word' id='word_1_72' title='bbox 978 1328 1368 1420; x_wconf 73' lang='lat' dir='ltr'>paenitentia</span> <span class='ocrx_word' id='word_1_73' title='bbox 1405 1334 1481 1399; x_wconf 90' lang='lat' dir='ltr'>de</span> <span class='ocrx_word' id='word_1_74' title='bbox 1520 1333 1820 1417; x_wconf 56' lang='lat' dir='ltr'>peccam,</span> <span class='ocrx_word' id='word_1_75' title='bbox 1860 1352 1976 1398; x_wconf 89' lang='lat' dir='ltr'>nec</span> <span class='ocrx_word' id='word_1_76' title='bbox 2012 1333 2152 1416; x_wconf 86' lang='lat' dir='ltr'>ipsa</span> <span class='ocrx_word' id='word_1_77' title='bbox 2185 1331 2589 1417; x_wconf 76' lang='lat' dir='ltr'>indulgentia</span> <span class='ocrx_word' id='word_1_78' title='bbox 2623 1348 2837 1413; x_wconf 85' lang='lat' dir='ltr'>pecca-</span> 
     </span>
     <span class='ocr_line' id='line_1_10' title="bbox 542 1436 2835 1525; baseline -0.005 -15"><span class='ocrx_word' id='word_1_79' title='bbox 542 1449 774 1522; x_wconf 80' lang='lat' dir='ltr'>torum,</span> <span class='ocrx_word' id='word_1_80' title='bbox 807 1462 994 1525; x_wconf 86' lang='lat' dir='ltr'>quam</span> <span class='ocrx_word' id='word_1_81' title='bbox 1032 1441 1216 1507; x_wconf 90' lang='lat' dir='ltr'>nobis</span> <span class='ocrx_word' id='word_1_82' title='bbox 1255 1442 1412 1506; x_wconf 89' lang='lat' dir='ltr'>deus</span> <span class='ocrx_word' id='word_1_83' title='bbox 1449 1460 1561 1525; x_wconf 89' lang='lat' dir='ltr'>per</span> <span class='ocrx_word' id='word_1_84' title='bbox 1599 1439 1925 1506; x_wconf 87' lang='lat' dir='ltr'>dominum</span> <span class='ocrx_word' id='word_1_85' title='bbox 1954 1442 2243 1505; x_wconf 88' lang='lat' dir='ltr'>nostrum</span> <span class='ocrx_word' id='word_1_86' title='bbox 2270 1440 2488 1503; x_wconf 88' lang='lat' dir='ltr'>Iesum</span> <span class='ocrx_word' id='word_1_87' title='bbox 2520 1436 2835 1502; x_wconf 81' lang='lat' dir='ltr'>Christum</span> 
     </span>
     <span class='ocr_line' id='line_1_11' title="bbox 548 1542 2919 1631; baseline -0.004 -17"><span class='ocrx_word' id='word_1_88' title='bbox 548 1550 828 1626; x_wconf 86' lang='lat' dir='ltr'>donauit,</span> <span class='ocrx_word' id='word_1_89' title='bbox 867 1548 1018 1631; x_wconf 89' lang='lat' dir='ltr'>quia</span> <span class='ocrx_word' id='word_1_90' title='bbox 1047 1548 1157 1630; x_wconf 91' lang='lat' dir='ltr'>qui</span> <span class='ocrx_word' id='word_1_91' title='bbox 1187 1567 1310 1612; x_wconf 92' lang='lat' dir='ltr'>non</span> <span class='ocrx_word' id='word_1_92' title='bbox 1342 1548 1676 1612; x_wconf 88' lang='lat' dir='ltr'>uoluntate</span> <span class='ocrx_word' id='word_1_93' title='bbox 1704 1549 1947 1628; x_wconf 80' lang='lat' dir='ltr'>peccat,</span> <span class='ocrx_word' id='word_1_94' title='bbox 1980 1565 2102 1609; x_wconf 90' lang='lat' dir='ltr'>non</span> <span class='ocrx_word' id='word_1_95' title='bbox 2134 1548 2375 1628; x_wconf 88' lang='lat' dir='ltr'>peccat.</span> <span class='ocrx_word' id='word_1_96' title='bbox 2416 1544 2540 1608; x_wconf 90' lang='lat' dir='ltr'>hoc</span> <span class='ocrx_word' id='word_1_97' title='bbox 2580 1542 2840 1607; x_wconf 82' lang='lat' dir='ltr'>arbitror</span> <span class='ocrx_word' id='word_1_98' title='bbox 2874 1552 2919 1589; x_wconf 85' lang='lat'>1⁰</span> 
     </span>
     <span class='ocr_line' id='line_1_12' title="bbox 546 1652 2838 1737; baseline -0.003 -15"><span class='ocrx_word' id='word_1_99' title='bbox 546 1657 838 1723; x_wconf 89' lang='lat' dir='ltr'>omnibus</span> <span class='ocrx_word' id='word_1_100' title='bbox 888 1657 1178 1737; x_wconf 88' lang='lat' dir='ltr'>apertum</span> <span class='ocrx_word' id='word_1_101' title='bbox 1228 1673 1368 1719; x_wconf 92' lang='lat' dir='ltr'>esse</span> <span class='ocrx_word' id='word_1_102' title='bbox 1417 1657 1610 1735; x_wconf 89' lang='lat' dir='ltr'>atque</span> <span class='ocrx_word' id='word_1_103' title='bbox 1655 1652 2081 1736; x_wconf 88' lang='lat' dir='ltr'>perspicuum.</span> <span class='ocrx_word' id='word_1_104' title='bbox 2131 1655 2513 1736; x_wconf 88' lang='lat' dir='ltr'>quapropter</span> <span class='ocrx_word' id='word_1_105' title='bbox 2559 1671 2683 1715; x_wconf 91' lang='lat' dir='ltr'>non</span> <span class='ocrx_word' id='word_1_106' title='bbox 2728 1669 2838 1713; x_wconf 89' lang='lat' dir='ltr'>nos</span> 
     </span>
     <span class='ocr_line' id='line_1_13' title="bbox 545 1759 2839 1843; baseline -0.003 -15"><span class='ocrx_word' id='word_1_107' title='bbox 545 1781 804 1828; x_wconf 91' lang='lat' dir='ltr'>mouere</span> <span class='ocrx_word' id='word_1_108' title='bbox 873 1761 1122 1837; x_wconf 87' lang='lat' dir='ltr'>debent,</span> <span class='ocrx_word' id='word_1_109' title='bbox 1192 1761 1248 1825; x_wconf 92' lang='lat' dir='ltr'>si</span> <span class='ocrx_word' id='word_1_110' title='bbox 1302 1760 1516 1843; x_wconf 87' lang='lat' dir='ltr'>aliqua</span> <span class='ocrx_word' id='word_1_111' title='bbox 1570 1760 1635 1824; x_wconf 91' lang='lat' dir='ltr'>in</span> <span class='ocrx_word' id='word_1_112' title='bbox 1700 1759 1823 1836; x_wconf 78' lang='lat' dir='ltr'>his,</span> <span class='ocrx_word' id='word_1_113' title='bbox 1890 1778 2051 1841; x_wconf 87' lang='lat' dir='ltr'>quae</span> <span class='ocrx_word' id='word_1_114' title='bbox 2118 1760 2274 1825; x_wconf 88' lang='lat' dir='ltr'>deus</span> <span class='ocrx_word' id='word_1_115' title='bbox 2338 1759 2513 1836; x_wconf 67' lang='lat' dir='ltr'>fecit,</span> <span class='ocrx_word' id='word_1_116' title='bbox 2576 1760 2839 1823; x_wconf 72' lang='lat' dir='ltr'>molesta</span> 
     </span>
     <span class='ocr_line' id='line_1_14' title="bbox 552 1866 2841 1955; baseline -0.002 -22"><span class='ocrx_word' id='word_1_117' title='bbox 552 1870 831 1955; x_wconf 83' lang='lat' dir='ltr'>patimur</span> <span class='ocrx_word' id='word_1_118' title='bbox 893 1887 1004 1952; x_wconf 88' lang='lat' dir='ltr'>pro</span> <span class='ocrx_word' id='word_1_119' title='bbox 1071 1867 1314 1932; x_wconf 88' lang='lat' dir='ltr'>meritis</span> <span class='ocrx_word' id='word_1_120' title='bbox 1379 1866 1636 1931; x_wconf 81' lang='lat' dir='ltr'>nostriS.</span> <span class='ocrx_word' id='word_1_121' title='bbox 1705 1866 1875 1931; x_wconf 90' lang='lat' dir='ltr'>sicut</span> <span class='ocrx_word' id='word_1_122' title='bbox 1939 1867 2105 1932; x_wconf 91' lang='lat' dir='ltr'>enim</span> <span class='ocrx_word' id='word_1_123' title='bbox 2169 1868 2280 1932; x_wconf 90' lang='lat' dir='ltr'>ille</span> <span class='ocrx_word' id='word_1_124' title='bbox 2334 1867 2541 1931; x_wconf 89' lang='lat' dir='ltr'>bonus</span> <span class='ocrx_word' id='word_1_125' title='bbox 2600 1869 2717 1941; x_wconf 78' lang='lat' dir='ltr'>est,</span> <span class='ocrx_word' id='word_1_126' title='bbox 2773 1869 2841 1929; x_wconf 88' lang='lat' dir='ltr'>ut</span> 
     </span>
     <span class='ocr_line' id='line_1_15' title="bbox 555 1974 2837 2059; baseline -0.003 -19"><span class='ocrx_word' id='word_1_127' title='bbox 555 1976 972 2041; x_wconf 82' lang='lat' dir='ltr'>constitueret</span> <span class='ocrx_word' id='word_1_128' title='bbox 1036 1974 1264 2051; x_wconf 80' lang='lat' dir='ltr'>omnia,</span> <span class='ocrx_word' id='word_1_129' title='bbox 1334 1974 1426 2039; x_wconf 90' lang='lat' dir='ltr'>sic</span> <span class='ocrx_word' id='word_1_130' title='bbox 1493 1974 1705 2039; x_wconf 90' lang='lat' dir='ltr'>iustus</span> <span class='ocrx_word' id='word_1_131' title='bbox 1774 1977 1890 2053; x_wconf 78' lang='lat' dir='ltr'>est,</span> <span class='ocrx_word' id='word_1_132' title='bbox 1946 1978 2021 2039; x_wconf 91' lang='lat' dir='ltr'>ut</span> <span class='ocrx_word' id='word_1_133' title='bbox 2070 1974 2352 2059; x_wconf 87' lang='lat' dir='ltr'>peccatis</span> <span class='ocrx_word' id='word_1_134' title='bbox 2418 1992 2544 2038; x_wconf 91' lang='lat' dir='ltr'>non</span> <span class='ocrx_word' id='word_1_135' title='bbox 2608 1976 2837 2055; x_wconf 84' lang='lat' dir='ltr'>parcat.</span> 
     </span>
     <span class='ocr_line' id='line_1_16' title="bbox 553 2067 2917 2165; baseline -0.002 -19"><span class='ocrx_word' id='word_1_136' title='bbox 553 2100 711 2165; x_wconf 87' lang='lat' dir='ltr'>quae</span> <span class='ocrx_word' id='word_1_137' title='bbox 757 2084 1038 2164; x_wconf 83' lang='lat' dir='ltr'>peccata,</span> <span class='ocrx_word' id='word_1_138' title='bbox 1086 2084 1162 2145; x_wconf 89' lang='lat' dir='ltr'>ut</span> <span class='ocrx_word' id='word_1_139' title='bbox 1209 2080 1354 2157; x_wconf 87' lang='lat' dir='ltr'>dixi,</span> <span class='ocrx_word' id='word_1_140' title='bbox 1403 2080 1529 2145; x_wconf 90' lang='lat' dir='ltr'>nisi</span> <span class='ocrx_word' id='word_1_141' title='bbox 1574 2080 1774 2145; x_wconf 87' lang='lat' dir='ltr'>libera</span> <span class='ocrx_word' id='word_1_142' title='bbox 1810 2082 2109 2147; x_wconf 86' lang='lat' dir='ltr'>uoluntas</span> <span class='ocrx_word' id='word_1_143' title='bbox 2150 2084 2324 2147; x_wconf 90' lang='lat' dir='ltr'>esset</span> <span class='ocrx_word' id='word_1_144' title='bbox 2356 2081 2423 2145; x_wconf 88' lang='lat' dir='ltr'>in</span> <span class='ocrx_word' id='word_1_145' title='bbox 2462 2080 2669 2155; x_wconf 85' lang='lat' dir='ltr'>nobis,</span> <span class='ocrx_word' id='word_1_146' title='bbox 2704 2067 2839 2163; x_wconf 69' lang='lat' dir='ltr'>pec·</span> <span class='ocrx_word' id='word_1_147' title='bbox 2876 2081 2917 2120; x_wconf 82' lang='lat'>¹⁵</span> 
     </span>
     <span class='ocr_line' id='line_1_17' title="bbox 555 2186 2837 2271; baseline -0.003 -17"><span class='ocrx_word' id='word_1_148' title='bbox 555 2192 696 2254; x_wconf 82' lang='lat' dir='ltr'>cata</span> <span class='ocrx_word' id='word_1_149' title='bbox 740 2207 864 2252; x_wconf 92' lang='lat' dir='ltr'>non</span> <span class='ocrx_word' id='word_1_150' title='bbox 913 2190 1146 2253; x_wconf 84' lang='lat' dir='ltr'>essent.</span> <span class='ocrx_word' id='word_1_151' title='bbox 1197 2187 1254 2252; x_wconf 91' lang='lat' dir='ltr'>si</span> <span class='ocrx_word' id='word_1_152' title='bbox 1301 2188 1444 2269; x_wconf 91' lang='lat' dir='ltr'>quis</span> <span class='ocrx_word' id='word_1_153' title='bbox 1493 2186 1661 2251; x_wconf 84' lang='lat' dir='ltr'>enirn</span> <span class='ocrx_word' id='word_1_154' title='bbox 1708 2188 1888 2252; x_wconf 89' lang='lat' dir='ltr'>uerbi</span> <span class='ocrx_word' id='word_1_155' title='bbox 1936 2206 2129 2253; x_wconf 85' lang='lat' dir='ltr'>causa</span> <span class='ocrx_word' id='word_1_156' title='bbox 2173 2188 2478 2271; x_wconf 84' lang='lat' dir='ltr'>ligaretur</span> <span class='ocrx_word' id='word_1_157' title='bbox 2516 2186 2593 2251; x_wconf 86' lang='lat' dir='ltr'>ab</span> <span class='ocrx_word' id='word_1_158' title='bbox 2634 2186 2837 2268; x_wconf 89' lang='lat' dir='ltr'>aliquo</span> 
     </span>
     <span class='ocr_line' id='line_1_18' title="bbox 553 2292 2839 2360; baseline -0.003 1"><span class='ocrx_word' id='word_1_159' title='bbox 553 2296 778 2360; x_wconf 87' lang='lat' dir='ltr'>ceteris</span> <span class='ocrx_word' id='word_1_160' title='bbox 825 2293 1126 2358; x_wconf 87' lang='lat' dir='ltr'>membris</span> <span class='ocrx_word' id='word_1_161' title='bbox 1175 2296 1241 2357; x_wconf 91' lang='lat' dir='ltr'>et</span> <span class='ocrx_word' id='word_1_162' title='bbox 1287 2292 1364 2357; x_wconf 89' lang='lat' dir='ltr'>de</span> <span class='ocrx_word' id='word_1_163' title='bbox 1410 2312 1603 2357; x_wconf 88' lang='lat' dir='ltr'>manu</span> <span class='ocrx_word' id='word_1_164' title='bbox 1652 2294 1789 2357; x_wconf 89' lang='lat' dir='ltr'>eius</span> <span class='ocrx_word' id='word_1_165' title='bbox 1836 2294 2071 2360; x_wconf 89' lang='lat' dir='ltr'>falsum</span> <span class='ocrx_word' id='word_1_166' title='bbox 2119 2295 2500 2360; x_wconf 82' lang='lat' dir='ltr'>scriberetur</span> <span class='ocrx_word' id='word_1_167' title='bbox 2537 2294 2673 2359; x_wconf 89' lang='lat' dir='ltr'>sine</span> <span class='ocrx_word' id='word_1_168' title='bbox 2710 2292 2839 2357; x_wconf 91' lang='lat' dir='ltr'>eius</span> 
     </span>
     <span class='ocr_line' id='line_1_19' title="bbox 552 2400 2839 2487; baseline -0.001 -23"><span class='ocrx_word' id='word_1_169' title='bbox 552 2402 804 2487; x_wconf 84' lang='lat' dir='ltr'>propria</span> <span class='ocrx_word' id='word_1_170' title='bbox 848 2401 1202 2479; x_wconf 76' lang='lat' dir='ltr'>uoluntate,</span> <span class='ocrx_word' id='word_1_171' title='bbox 1253 2419 1504 2481; x_wconf 82' lang='lat' dir='ltr'>quaem,</span> <span class='ocrx_word' id='word_1_172' title='bbox 1554 2400 1609 2465; x_wconf 90' lang='lat' dir='ltr'>si</span> <span class='ocrx_word' id='word_1_173' title='bbox 1656 2400 1777 2465; x_wconf 90' lang='lat' dir='ltr'>hoc</span> <span class='ocrx_word' id='word_1_174' title='bbox 1822 2400 2019 2465; x_wconf 89' lang='lat' dir='ltr'>iudici</span> <span class='ocrx_word' id='word_1_175' title='bbox 2052 2401 2401 2485; x_wconf 84' lang='lat' dir='ltr'>patefieret,</span> <span class='ocrx_word' id='word_1_176' title='bbox 2438 2401 2647 2484; x_wconf 86' lang='lat' dir='ltr'>possit</span> <span class='ocrx_word' id='word_1_177' title='bbox 2681 2400 2839 2463; x_wconf 83' lang='lat' dir='ltr'>hunc</span> 
     </span>
     <span class='ocr_line' id='line_1_20' title="bbox 552 2506 2843 2590; baseline -0.001 -18"><span class='ocrx_word' id='word_1_178' title='bbox 552 2508 875 2574; x_wconf 89' lang='lat' dir='ltr'>hominem</span> <span class='ocrx_word' id='word_1_179' title='bbox 920 2506 1220 2573; x_wconf 86' lang='lat' dir='ltr'>falsitatis</span> <span class='ocrx_word' id='word_1_180' title='bbox 1271 2506 1528 2571; x_wconf 89' lang='lat' dir='ltr'>crimine</span> <span class='ocrx_word' id='word_1_181' title='bbox 1578 2507 2044 2573; x_wconf 75' lang='lat' dir='ltr'>condemnare?</span> <span class='ocrx_word' id='word_1_182' title='bbox 2102 2527 2293 2590; x_wconf 85' lang='lat' dir='ltr'>quare</span> <span class='ocrx_word' id='word_1_183' title='bbox 2340 2507 2396 2573; x_wconf 91' lang='lat' dir='ltr'>si</span> <span class='ocrx_word' id='word_1_184' title='bbox 2440 2508 2843 2573; x_wconf 86' lang='lat' dir='ltr'>manifestum</span> 
     </span>
     <span class='ocr_line' id='line_1_21' title="bbox 562 2613 2921 2699; baseline -0.001 -20"><span class='ocrx_word' id='word_1_185' title='bbox 562 2619 662 2680; x_wconf 90' lang='lat' dir='ltr'>est</span> <span class='ocrx_word' id='word_1_186' title='bbox 705 2618 1040 2699; x_wconf 83' lang='lat' dir='ltr'>peccatum</span> <span class='ocrx_word' id='word_1_187' title='bbox 1084 2633 1210 2678; x_wconf 88' lang='lat' dir='ltr'>non</span> <span class='ocrx_word' id='word_1_188' title='bbox 1258 2632 1420 2691; x_wconf 84' lang='lat' dir='ltr'>esse,</span> <span class='ocrx_word' id='word_1_189' title='bbox 1470 2613 1581 2677; x_wconf 89' lang='lat' dir='ltr'>ubi</span> <span class='ocrx_word' id='word_1_190' title='bbox 1628 2632 1751 2677; x_wconf 92' lang='lat' dir='ltr'>non</span> <span class='ocrx_word' id='word_1_191' title='bbox 1802 2617 1902 2679; x_wconf 86' lang='lat' dir='ltr'>est</span> <span class='ocrx_word' id='word_1_192' title='bbox 1953 2614 2225 2679; x_wconf 89' lang='lat' dir='ltr'>liberum</span> <span class='ocrx_word' id='word_1_193' title='bbox 2280 2614 2636 2679; x_wconf 84' lang='lat' dir='ltr'>uoluntatis</span> <span class='ocrx_word' id='word_1_194' title='bbox 2693 2614 2844 2678; x_wconf 87' lang='lat' dir='ltr'>arbi·</span> <span class='ocrx_word' id='word_1_195' title='bbox 2876 2616 2921 2655; x_wconf 73' lang='lat'>²⁰</span> 
     </span>
     <span class='ocr_line' id='line_1_22' title="bbox 559 2719 2847 2804; baseline -0.001 -20"><span class='ocrx_word' id='word_1_196' title='bbox 559 2720 784 2798; x_wconf 87' lang='lat' dir='ltr'>trium,</span> <span class='ocrx_word' id='word_1_197' title='bbox 852 2720 998 2784; x_wconf 92' lang='lat' dir='ltr'>uolo</span> <span class='ocrx_word' id='word_1_198' title='bbox 1068 2719 1283 2783; x_wconf 87' lang='lat' dir='ltr'>audire</span> <span class='ocrx_word' id='word_1_199' title='bbox 1352 2719 1656 2799; x_wconf 88' lang='lat' dir='ltr'>animam,</span> <span class='ocrx_word' id='word_1_200' title='bbox 1732 2739 1923 2801; x_wconf 87' lang='lat' dir='ltr'>quam</span> <span class='ocrx_word' id='word_1_201' title='bbox 1989 2721 2198 2785; x_wconf 90' lang='lat' dir='ltr'>dicitis</span> <span class='ocrx_word' id='word_1_202' title='bbox 2264 2724 2376 2784; x_wconf 86' lang='lat' dir='ltr'>aut</span> <span class='ocrx_word' id='word_1_203' title='bbox 2436 2724 2681 2804; x_wconf 83' lang='lat' dir='ltr'>partem</span> <span class='ocrx_word' id='word_1_204' title='bbox 2742 2722 2847 2783; x_wconf 82' lang='lat' dir='ltr'>aut</span> 
     </span>
     <span class='ocr_line' id='line_1_23' title="bbox 564 2826 2846 2909; baseline -0.001 -17"><span class='ocrx_word' id='word_1_205' title='bbox 564 2828 870 2892; x_wconf 87' lang='lat' dir='ltr'>uirtutem</span> <span class='ocrx_word' id='word_1_206' title='bbox 937 2828 1049 2890; x_wconf 89' lang='lat' dir='ltr'>aut</span> <span class='ocrx_word' id='word_1_207' title='bbox 1113 2845 1464 2891; x_wconf 90' lang='lat' dir='ltr'>sermonem</span> <span class='ocrx_word' id='word_1_208' title='bbox 1533 2829 1645 2890; x_wconf 88' lang='lat' dir='ltr'>aut</span> <span class='ocrx_word' id='word_1_209' title='bbox 1708 2827 2037 2908; x_wconf 84' lang='lat' dir='ltr'>quodlibet</span> <span class='ocrx_word' id='word_1_210' title='bbox 2092 2827 2264 2892; x_wconf 89' lang='lat' dir='ltr'>aliud</span> <span class='ocrx_word' id='word_1_211' title='bbox 2321 2827 2441 2904; x_wconf 88' lang='lat' dir='ltr'>dei,</span> <span class='ocrx_word' id='word_1_212' title='bbox 2499 2826 2651 2909; x_wconf 88' lang='lat' dir='ltr'>quid</span> <span class='ocrx_word' id='word_1_213' title='bbox 2702 2826 2846 2890; x_wconf 86' lang='lat' dir='ltr'>mali</span> 
     </span>
     <span class='ocr_line' id='line_1_24' title="bbox 559 2932 2848 3018; baseline -0.001 -21"><span class='ocrx_word' id='word_1_214' title='bbox 559 2934 800 3013; x_wconf 81' lang='lat' dir='ltr'>fecerit,</span> <span class='ocrx_word' id='word_1_215' title='bbox 858 2937 933 2998; x_wconf 91' lang='lat' dir='ltr'>ut</span> <span class='ocrx_word' id='word_1_216' title='bbox 989 2952 1026 2997; x_wconf 87' lang='lat' dir='ltr'>a</span> <span class='ocrx_word' id='word_1_217' title='bbox 1082 2932 1198 2998; x_wconf 92' lang='lat' dir='ltr'>deo</span> <span class='ocrx_word' id='word_1_218' title='bbox 1255 2932 1559 3017; x_wconf 83' lang='lat' dir='ltr'>puniatur</span> <span class='ocrx_word' id='word_1_219' title='bbox 1616 2936 1727 2997; x_wconf 88' lang='lat' dir='ltr'>aut</span> <span class='ocrx_word' id='word_1_220' title='bbox 1778 2933 2229 3016; x_wconf 86' lang='lat' dir='ltr'>paenitentiam</span> <span class='ocrx_word' id='word_1_221' title='bbox 2278 2937 2428 3018; x_wconf 87' lang='lat' dir='ltr'>agat</span> <span class='ocrx_word' id='word_1_222' title='bbox 2471 2934 2735 3017; x_wconf 87' lang='lat' dir='ltr'>peccati,</span> <span class='ocrx_word' id='word_1_223' title='bbox 2780 2936 2848 2996; x_wconf 87' lang='lat' dir='ltr'>ut</span> 
     </span>
     <span class='ocr_line' id='line_1_25' title="bbox 563 3039 2213 3124; baseline 0.001 -21"><span class='ocrx_word' id='word_1_224' title='bbox 563 3039 814 3103; x_wconf 87' lang='lat' dir='ltr'>ueniam</span> <span class='ocrx_word' id='word_1_225' title='bbox 861 3043 1196 3117; x_wconf 85' lang='lat' dir='ltr'>mereatur,</span> <span class='ocrx_word' id='word_1_226' title='bbox 1247 3059 1393 3104; x_wconf 88' lang='lat' dir='ltr'>cum</span> <span class='ocrx_word' id='word_1_227' title='bbox 1441 3039 1602 3104; x_wconf 88' lang='lat' dir='ltr'>nihil</span> <span class='ocrx_word' id='word_1_228' title='bbox 1648 3041 1789 3124; x_wconf 87' lang='lat' dir='ltr'>ipsa</span> <span class='ocrx_word' id='word_1_229' title='bbox 1832 3042 2213 3124; x_wconf 88' lang='lat' dir='ltr'>peccauerit.</span> 
     </span>
    </p>

    <p class='ocr_par' dir='ltr' id='par_1_3' title="bbox 563 3146 2925 3550">
     <span class='ocr_line' id='line_1_26' title="bbox 651 3146 2925 3231; baseline 0.001 -22"><span class='ocrx_word' id='word_1_230' title='bbox 651 3146 863 3217; x_wconf 84' lang='lat' dir='ltr'><strong>FORT.</strong></span> <span class='ocrx_word' id='word_1_231' title='bbox 904 3146 1096 3211; x_wconf 80' lang='lat' dir='ltr'>dixit:</span> <span class='ocrx_word' id='word_1_232' title='bbox 1133 3147 1229 3211; x_wconf 91' lang='lat' dir='ltr'>De</span> <span class='ocrx_word' id='word_1_233' title='bbox 1268 3146 1645 3212; x_wconf 84' lang='lat' dir='ltr'>substantiis</span> <span class='ocrx_word' id='word_1_234' title='bbox 1683 3147 2005 3231; x_wconf 83' lang='lat' dir='ltr'>proposui,</span> <span class='ocrx_word' id='word_1_235' title='bbox 2045 3146 2215 3229; x_wconf 89' lang='lat' dir='ltr'>quod</span> <span class='ocrx_word' id='word_1_236' title='bbox 2242 3148 2551 3212; x_wconf 86' lang='lat' dir='ltr'>bonorum</span> <span class='ocrx_word' id='word_1_237' title='bbox 2582 3151 2847 3212; x_wconf 85' lang='lat' dir='ltr'>tantum-</span> <span class='ocrx_word' id='word_1_238' title='bbox 2880 3148 2925 3187; x_wconf 48' lang='grc' dir='ltr'><strong>ὃ</strong></span> 
     </span>
     <span class='ocr_line' id='line_1_27' title="bbox 563 3252 2850 3335; baseline -0 -19"><span class='ocrx_word' id='word_1_239' title='bbox 563 3252 751 3317; x_wconf 89' lang='lat' dir='ltr'>modo</span> <span class='ocrx_word' id='word_1_240' title='bbox 793 3252 950 3318; x_wconf 87' lang='lat' dir='ltr'>deus</span> <span class='ocrx_word' id='word_1_241' title='bbox 989 3257 1250 3331; x_wconf 80' lang='lat' dir='ltr'>creator,</span> <span class='ocrx_word' id='word_1_242' title='bbox 1289 3255 1460 3319; x_wconf 88' lang='lat' dir='ltr'>ultor</span> <span class='ocrx_word' id='word_1_243' title='bbox 1495 3273 1647 3318; x_wconf 91' lang='lat' dir='ltr'>uero</span> <span class='ocrx_word' id='word_1_244' title='bbox 1676 3255 1988 3319; x_wconf 89' lang='lat' dir='ltr'>malorum</span> <span class='ocrx_word' id='word_1_245' title='bbox 2015 3254 2343 3331; x_wconf 82' lang='lat' dir='ltr'>habeatur,</span> <span class='ocrx_word' id='word_1_246' title='bbox 2374 3273 2446 3318; x_wconf 92' lang='lat' dir='ltr'>eo</span> <span class='ocrx_word' id='word_1_247' title='bbox 2487 3254 2659 3335; x_wconf 91' lang='lat' dir='ltr'>quod</span> <span class='ocrx_word' id='word_1_248' title='bbox 2694 3252 2850 3318; x_wconf 84' lang='lat' dir='ltr'>mala</span> 
     </span>
     <span class='ocr_line' id='line_1_28' title="bbox 563 3360 2848 3445; baseline -0.002 -20"><span class='ocrx_word' id='word_1_249' title='bbox 563 3380 635 3425; x_wconf 79' lang='lat' dir='ltr'>ex</span> <span class='ocrx_word' id='word_1_250' title='bbox 679 3360 818 3443; x_wconf 88' lang='lat' dir='ltr'>ipso</span> <span class='ocrx_word' id='word_1_251' title='bbox 857 3380 980 3424; x_wconf 89' lang='lat' dir='ltr'>non</span> <span class='ocrx_word' id='word_1_252' title='bbox 1019 3360 1167 3425; x_wconf 87' lang='lat' dir='ltr'>sint.</span> <span class='ocrx_word' id='word_1_253' title='bbox 1215 3361 1438 3425; x_wconf 88' lang='lat' dir='ltr'>merito</span> <span class='ocrx_word' id='word_1_254' title='bbox 1479 3379 1629 3445; x_wconf 84' lang='lat' dir='ltr'>ergo</span> <span class='ocrx_word' id='word_1_255' title='bbox 1668 3361 1791 3425; x_wconf 91' lang='lat' dir='ltr'>hoc</span> <span class='ocrx_word' id='word_1_256' title='bbox 1830 3360 2033 3425; x_wconf 89' lang='lat' dir='ltr'>sentio</span> <span class='ocrx_word' id='word_1_257' title='bbox 2075 3363 2140 3424; x_wconf 90' lang='lat' dir='ltr'>et</span> <span class='ocrx_word' id='word_1_258' title='bbox 2177 3360 2405 3425; x_wconf 90' lang='lat' dir='ltr'>ulcisci</span> <span class='ocrx_word' id='word_1_259' title='bbox 2444 3360 2631 3424; x_wconf 86' lang='lat' dir='ltr'>deum</span> <span class='ocrx_word' id='word_1_260' title='bbox 2672 3360 2848 3431; x_wconf 63' lang='lat' dir='ltr'>mala„</span> 
     </span>
     <span class='ocr_line' id='line_1_29' title="bbox 563 3465 2852 3550; baseline -0.002 -19"><span class='ocrx_word' id='word_1_261' title='bbox 563 3466 710 3548; x_wconf 88' lang='lat' dir='ltr'>quia</span> <span class='ocrx_word' id='word_1_262' title='bbox 757 3485 829 3530; x_wconf 79' lang='lat' dir='ltr'>ex</span> <span class='ocrx_word' id='word_1_263' title='bbox 873 3466 1013 3549; x_wconf 89' lang='lat' dir='ltr'>ipso</span> <span class='ocrx_word' id='word_1_264' title='bbox 1061 3487 1184 3531; x_wconf 90' lang='lat' dir='ltr'>non</span> <span class='ocrx_word' id='word_1_265' title='bbox 1232 3470 1400 3532; x_wconf 86' lang='lat' dir='ltr'>sunt.</span> <span class='ocrx_word' id='word_1_266' title='bbox 1468 3470 1750 3531; x_wconf 88' lang='lat' dir='ltr'>ceterum</span> <span class='ocrx_word' id='word_1_267' title='bbox 1808 3467 1864 3531; x_wconf 92' lang='lat' dir='ltr'>si</span> <span class='ocrx_word' id='word_1_268' title='bbox 1920 3486 1991 3531; x_wconf 82' lang='lat' dir='ltr'>ex</span> <span class='ocrx_word' id='word_1_269' title='bbox 2046 3467 2185 3550; x_wconf 88' lang='lat' dir='ltr'>ipso</span> <span class='ocrx_word' id='word_1_270' title='bbox 2248 3470 2462 3531; x_wconf 84' lang='lat' dir='ltr'>essent</span> <span class='ocrx_word' id='word_1_271' title='bbox 2518 3470 2633 3530; x_wconf 86' lang='lat' dir='ltr'>aut</span> <span class='ocrx_word' id='word_1_272' title='bbox 2690 3465 2852 3530; x_wconf 85' lang='lat' dir='ltr'>daret</span> 
     </span>
    </p>
   </div>
   <div class='ocr_carea' id='block_1_3' title="bbox 697 3710 1683 3744">
    <p class='ocr_par' dir='ltr' id='par_1_4' title="bbox 697 3710 1683 3744">
     <span class='ocr_line' id='line_1_30' title="bbox 697 3710 1683 3744; baseline 0.008 -1"><span class='ocrx_word' id='word_1_273' title='bbox 697 3711 710 3743; x_wconf 88' lang='grc'>1</span> <span class='ocrx_word' id='word_1_274' title='bbox 731 3710 894 3744; x_wconf 69' lang='lat' dir='ltr'>uirtuti·</span> <span class='ocrx_word' id='word_1_275' title='bbox 1664 3720 1683 3743; x_wconf 64' lang='grc' dir='ltr'>ὓ</span> 
     </span>
    </p>
   </div>
   <div class='ocr_carea' id='block_1_4' title="bbox 565 3711 2853 3916">
    <p class='ocr_par' dir='ltr' id='par_1_5' title="bbox 565 3711 2853 3916">
     <span class='ocr_line' id='line_1_31' title="bbox 635 3711 2851 3825; baseline -0.002 -16"><span class='ocrx_word' id='word_1_276' title='bbox 635 3756 665 3809; x_wconf 92' lang='grc'>1</span> <span class='ocrx_word' id='word_1_277' title='bbox 707 3756 883 3816; x_wconf 80' lang='lat' dir='ltr'>uirtus</span> <span class='ocrx_word' id='word_1_278' title='bbox 934 3758 1048 3810; x_wconf 73' lang='lat' dir='ltr'>(tus</span> <span class='ocrx_word' id='word_1_279' title='bbox 1097 3756 1160 3808; x_wconf 81' lang='lat' dir='ltr'>in</span> <span class='ocrx_word' id='word_1_280' title='bbox 1204 3760 1337 3823; x_wconf 73' lang='lat' dir='ltr'>rae.)</span> <span class='ocrx_word' id='word_1_281' title='bbox 1387 3756 1443 3808; x_wconf 87' lang='lat' dir='ltr'><em>P</em></span> <span class='ocrx_word' id='word_1_282' title='bbox 1553 3756 1586 3808; x_wconf 88' lang='grc'><strong>5</strong></span> <span class='ocrx_word' id='word_1_283' title='bbox 1636 3711 1777 3825; x_wconf 49' lang='grc' dir='ltr'>ᾳιέιᾚᾷ</span> <span class='ocrx_word' id='word_1_284' title='bbox 1824 3754 1903 3807; x_wconf 80' lang='lat' dir='ltr'>B²</span> <span class='ocrx_word' id='word_1_285' title='bbox 1952 3753 2097 3825; x_wconf 89' lang='lat' dir='ltr'>quod</span> <span class='ocrx_word' id='word_1_286' title='bbox 2141 3754 2197 3806; x_wconf 87' lang='lat' dir='ltr'><em>P</em></span> <span class='ocrx_word' id='word_1_287' title='bbox 2231 3770 2338 3825; x_wconf 88' lang='lat' dir='ltr'>quo</span> <span class='ocrx_word' id='word_1_288' title='bbox 2380 3754 2433 3806; x_wconf 76' lang='lat' dir='ltr'><strong><em>A</em></strong></span> <span class='ocrx_word' id='word_1_289' title='bbox 2582 3752 2851 3806; x_wconf 81' lang='lat' dir='ltr'>arbitrium</span> 
     </span>
     <span class='ocr_line' id='line_1_32' title="bbox 565 3841 2853 3916; baseline -0.003 -19"><span class='ocrx_word' id='word_1_290' title='bbox 565 3861 670 3899; x_wconf 90' lang='lat' dir='ltr'>om.</span> <span class='ocrx_word' id='word_1_291' title='bbox 705 3844 760 3897; x_wconf 74' lang='lat' dir='ltr'><strong><em>A</em></strong></span> <span class='ocrx_word' id='word_1_292' title='bbox 872 3846 902 3898; x_wconf 86' lang='lat'><strong>7</strong></span> <span class='ocrx_word' id='word_1_293' title='bbox 941 3850 1128 3916; x_wconf 86' lang='lat' dir='ltr'>posset</span> <span class='ocrx_word' id='word_1_294' title='bbox 1167 3862 1283 3899; x_wconf 83' lang='lat' dir='ltr'>esse</span> <span class='ocrx_word' id='word_1_295' title='bbox 1323 3846 1374 3897; x_wconf 82' lang='lat' dir='ltr'><strong><em>A</em></strong></span> <span class='ocrx_word' id='word_1_296' title='bbox 1487 3844 1554 3899; x_wconf 94' lang='lat'>10</span> <span class='ocrx_word' id='word_1_297' title='bbox 1592 3851 1784 3915; x_wconf 72' lang='lat' dir='ltr'>peccat</span> <span class='ocrx_word' id='word_1_298' title='bbox 1823 3843 1855 3896; x_wconf 85' lang='lat' dir='ltr'>b</span> <span class='ocrx_word' id='word_1_299' title='bbox 1998 3860 2107 3897; x_wconf 90' lang='lat' dir='ltr'>non</span> <span class='ocrx_word' id='word_1_300' title='bbox 2154 3846 2344 3913; x_wconf 85' lang='lat' dir='ltr'>peccat</span> <span class='ocrx_word' id='word_1_301' title='bbox 2391 3858 2495 3897; x_wconf 87' lang='lat' dir='ltr'>om.</span> <span class='ocrx_word' id='word_1_302' title='bbox 2535 3841 2583 3895; x_wconf 99' lang='lat' dir='ltr'><strong><em>S</em></strong></span> <span class='ocrx_word' id='word_1_303' title='bbox 2666 3843 2729 3895; x_wconf 91' lang='lat'>11</span> <span class='ocrx_word' id='word_1_304' title='bbox 2766 3854 2853 3893; x_wconf 91' lang='lat' dir='ltr'>nos</span> 
     </span>
    </p>
   </div>
   <div class='ocr_carea' id='block_1_5' title="bbox 565 3930 2861 4093">
    <p class='ocr_par' dir='ltr' id='par_1_6' title="bbox 565 3930 2861 4093">
     <span class='ocr_line' id='line_1_33' title="bbox 565 3930 2854 3989; baseline -0.003 -2"><span class='ocrx_word' id='word_1_305' title='bbox 565 3950 673 3987; x_wconf 92' lang='lat' dir='ltr'>non</span> <span class='ocrx_word' id='word_1_306' title='bbox 717 3932 809 3988; x_wconf 87' lang='lat' dir='ltr'>PS</span> <span class='ocrx_word' id='word_1_307' title='bbox 913 3934 983 3987; x_wconf 84' lang='lat'>12</span> <span class='ocrx_word' id='word_1_308' title='bbox 1023 3932 1186 3989; x_wconf 88' lang='lat' dir='ltr'>debet</span> <span class='ocrx_word' id='word_1_309' title='bbox 1222 3934 1408 3988; x_wconf 73' lang='lat' dir='ltr'><strong><em>APSb</em></strong></span> <span class='ocrx_word' id='word_1_310' title='bbox 1517 3933 1652 3988; x_wconf 81' lang='lat' dir='ltr'>fecit</span> <span class='ocrx_word' id='word_1_311' title='bbox 1688 3930 1821 3986; x_wconf 88' lang='lat' dir='ltr'>deus</span> <span class='ocrx_word' id='word_1_312' title='bbox 1860 3932 1907 3986; x_wconf 91' lang='lat' dir='ltr'><strong><em>S</em></strong></span> <span class='ocrx_word' id='word_1_313' title='bbox 1978 3932 2043 3985; x_wconf 86' lang='lat'>13</span> <span class='ocrx_word' id='word_1_314' title='bbox 2090 3932 2185 3985; x_wconf 91' lang='lat' dir='ltr'>ille</span> <span class='ocrx_word' id='word_1_315' title='bbox 2234 3948 2337 3986; x_wconf 87' lang='lat' dir='ltr'>om.</span> <span class='ocrx_word' id='word_1_316' title='bbox 2374 3932 2428 3985; x_wconf 73' lang='lat' dir='ltr'><strong><em>A</em></strong></span> <span class='ocrx_word' id='word_1_317' title='bbox 2505 3932 2573 3985; x_wconf 88' lang='grc'>15</span> <span class='ocrx_word' id='word_1_318' title='bbox 2612 3930 2854 3985; x_wconf 75' lang='lat' dir='ltr'>uoluntas</span> 
     </span>
     <span class='ocr_line' id='line_1_34' title="bbox 568 4015 2861 4093; baseline -0.003 -17"><span class='ocrx_word' id='word_1_319' title='bbox 568 4020 742 4076; x_wconf 81' lang='lat' dir='ltr'>libera</span> <span class='ocrx_word' id='word_1_320' title='bbox 777 4022 832 4075; x_wconf 81' lang='lat' dir='ltr'><strong><em>A</em></strong></span> <span class='ocrx_word' id='word_1_321' title='bbox 942 4023 1011 4077; x_wconf 89' lang='grc'>16</span> <span class='ocrx_word' id='word_1_322' title='bbox 1049 4023 1313 4093; x_wconf 86' lang='lat' dir='ltr'>ligaretur</span> <span class='ocrx_word' id='word_1_323' title='bbox 1352 4025 1402 4090; x_wconf 92' lang='lat' dir='ltr'>(e</span> <span class='ocrx_word' id='word_1_324' title='bbox 1442 4038 1578 4077; x_wconf 79' lang='lat' dir='ltr'>corr.</span> <span class='ocrx_word' id='word_1_325' title='bbox 1616 4022 1679 4073; x_wconf 78' lang='lat' dir='ltr'>in</span> <span class='ocrx_word' id='word_1_326' title='bbox 1714 4022 1753 4089; x_wconf 82' lang='lat' dir='ltr'>i)</span> <span class='ocrx_word' id='word_1_327' title='bbox 1794 4021 1851 4074; x_wconf 88' lang='lat' dir='ltr'><em>B</em></span> <span class='ocrx_word' id='word_1_328' title='bbox 1960 4021 2025 4074; x_wconf 88' lang='lat'>17</span> <span class='ocrx_word' id='word_1_329' title='bbox 2065 4020 2303 4075; x_wconf 85' lang='lat' dir='ltr'>menbris</span> <span class='ocrx_word' id='word_1_330' title='bbox 2339 4022 2393 4075; x_wconf 79' lang='grc' dir='ltr'><strong><em>Α</em></strong></span> <span class='ocrx_word' id='word_1_331' title='bbox 2504 4020 2646 4089; x_wconf 87' lang='lat' dir='ltr'>sine]</span> <span class='ocrx_word' id='word_1_332' title='bbox 2683 4018 2793 4072; x_wconf 87' lang='lat' dir='ltr'>siue</span> <span class='ocrx_word' id='word_1_333' title='bbox 2821 4015 2861 4069; x_wconf 81' lang='lat' dir='ltr'><strong><em>S</em></strong></span> 
     </span>
    </p>
   </div>
   <div class='ocr_carea' id='block_1_6' title="bbox 565 4096 2855 4383">
    <p class='ocr_par' dir='ltr' id='par_1_7' title="bbox 565 4096 2855 4383">
     <span class='ocr_line' id='line_1_35' title="bbox 575 4096 2855 4209; baseline -0.003 -18"><span class='ocrx_word' id='word_1_334' title='bbox 575 4137 642 4191; x_wconf 82' lang='lat'>18</span> <span class='ocrx_word' id='word_1_335' title='bbox 678 4096 856 4209; x_wconf 60' lang='lat' dir='ltr'>‘possit</span> <span class='ocrx_word' id='word_1_336' title='bbox 892 4138 949 4191; x_wconf 84' lang='lat' dir='ltr'><em>B</em></span> <span class='ocrx_word' id='word_1_337' title='bbox 984 4140 1170 4208; x_wconf 80' lang='lat' dir='ltr'>posset</span> <span class='ocrx_word' id='word_1_338' title='bbox 1206 4136 1310 4191; x_wconf 70' lang='lat' dir='ltr'>As</span> <span class='ocrx_word' id='word_1_339' title='bbox 1413 4137 1479 4190; x_wconf 84' lang='lat'>21</span> <span class='ocrx_word' id='word_1_340' title='bbox 1523 4136 1703 4190; x_wconf 78' lang='lat' dir='ltr'>anima</span> <span class='ocrx_word' id='word_1_341' title='bbox 1732 4135 1779 4189; x_wconf 80' lang='lat' dir='ltr'><strong><em>S</em></strong></span> <span class='ocrx_word' id='word_1_342' title='bbox 1880 4136 1950 4189; x_wconf 82' lang='lat'>22</span> <span class='ocrx_word' id='word_1_343' title='bbox 1988 4135 2137 4189; x_wconf 72' lang='lat' dir='ltr'>ahud</span> <span class='ocrx_word' id='word_1_344' title='bbox 2176 4135 2463 4206; x_wconf 80' lang='lat' dir='ltr'>quodlibet</span> <span class='ocrx_word' id='word_1_345' title='bbox 2491 4135 2570 4189; x_wconf 75' lang='lat' dir='ltr'>sb</span> <span class='ocrx_word' id='word_1_346' title='bbox 2700 4133 2767 4187; x_wconf 82' lang='lat'>23</span> <span class='ocrx_word' id='word_1_347' title='bbox 2800 4134 2855 4185; x_wconf 77' lang='lat' dir='ltr'>ut</span> 
     </span>
     <span class='ocr_line' id='line_1_36' title="bbox 565 4218 2855 4297; baseline -0.004 -18"><span class='ocrx_word' id='word_1_348' title='bbox 565 4226 802 4297; x_wconf 85' lang='lat' dir='ltr'>ueniam]</span> <span class='ocrx_word' id='word_1_349' title='bbox 843 4230 940 4281; x_wconf 86' lang='lat' dir='ltr'>aut</span> <span class='ocrx_word' id='word_1_350' title='bbox 967 4226 1180 4279; x_wconf 86' lang='lat' dir='ltr'>ueniam</span> <span class='ocrx_word' id='word_1_351' title='bbox 1217 4225 1402 4279; x_wconf 79' lang='lat' dir='ltr'>APSb</span> <span class='ocrx_word' id='word_1_352' title='bbox 1586 4225 1655 4278; x_wconf 88' lang='lat'>25</span> <span class='ocrx_word' id='word_1_353' title='bbox 1694 4224 2000 4279; x_wconf 81' lang='lat' dir='ltr'>substantia</span> <span class='ocrx_word' id='word_1_354' title='bbox 2038 4224 2069 4277; x_wconf 82' lang='lat' dir='ltr'><strong><em>b</em></strong></span> <span class='ocrx_word' id='word_1_355' title='bbox 2251 4224 2383 4279; x_wconf 90' lang='lat' dir='ltr'>deus</span> <span class='ocrx_word' id='word_1_356' title='bbox 2420 4220 2791 4277; x_wconf 81' lang='lat' dir='ltr'>tantummodo</span> <span class='ocrx_word' id='word_1_357' title='bbox 2828 4218 2855 4269; x_wconf 79' lang='lat' dir='ltr'>b</span> 
     </span>
     <span class='ocr_line' id='line_1_37' title="bbox 571 4312 2519 4383; baseline 0 -16"><span class='ocrx_word' id='word_1_358' title='bbox 571 4314 640 4367; x_wconf 81' lang='lat'>26</span> <span class='ocrx_word' id='word_1_359' title='bbox 681 4312 910 4383; x_wconf 82' lang='lat' dir='ltr'>creator]</span> <span class='ocrx_word' id='word_1_360' title='bbox 951 4319 1138 4367; x_wconf 86' lang='lat' dir='ltr'>auctor</span> <span class='ocrx_word' id='word_1_361' title='bbox 1175 4313 1252 4367; x_wconf 88' lang='lat' dir='ltr'>Sb</span> <span class='ocrx_word' id='word_1_362' title='bbox 1294 4314 1374 4379; x_wconf 79' lang='lat' dir='ltr'>(in</span> <span class='ocrx_word' id='word_1_363' title='bbox 1411 4330 1580 4383; x_wconf 74' lang='lat' dir='ltr'>mary.</span> <span class='ocrx_word' id='word_1_364' title='bbox 1622 4314 1697 4367; x_wconf 84' lang='lat' dir='ltr'>al.</span> <span class='ocrx_word' id='word_1_365' title='bbox 1737 4318 1943 4381; x_wconf 80' lang='lat' dir='ltr'>auctor)</span> <span class='ocrx_word' id='word_1_366' title='bbox 2056 4313 2125 4366; x_wconf 82' lang='lat'>28</span> <span class='ocrx_word' id='word_1_367' title='bbox 2164 4318 2291 4367; x_wconf 89' lang='lat' dir='ltr'>sunt</span> <span class='ocrx_word' id='word_1_368' title='bbox 2328 4330 2431 4368; x_wconf 85' lang='lat' dir='ltr'>om.</span> <span class='ocrx_word' id='word_1_369' title='bbox 2472 4312 2519 4367; x_wconf 89' lang='lat' dir='ltr'><strong><em>S</em></strong></span> 
     </span>
    </p>
   </div>
   <div class='ocr_carea' id='block_1_7' title="bbox 3048 554 3072 4717">
    <p class='ocr_par' dir='ltr' id='par_1_8' title="bbox 3048 554 3072 4717">
     <span class='ocr_line' id='line_1_38' title="bbox 3048 554 3072 4717; baseline 0 0"><span class='ocrx_word' id='word_1_370' title='bbox 3048 554 3072 4717; x_wconf 95' lang='lat' dir='ltr'> </span> 
     </span>
    </p>
   </div>
  </div>
 </body>
</html>
