<?xml version="1.0" encoding="UTF-8"?>
<!DOCTYPE html PUBLIC "-//W3C//DTD XHTML 1.0 Transitional//EN"
    "http://www.w3.org/TR/xhtml1/DTD/xhtml1-transitional.dtd">
<html xmlns="http://www.w3.org/1999/xhtml" xml:lang="en" lang="en">
 <head>
  <title>
</title>
<meta http-equiv="Content-Type" content="text/html;charset=utf-8" />
  <meta name='ocr-system' content='tesseract 3.04.00' />
  <meta name='ocr-capabilities' content='ocr_page ocr_carea ocr_par ocr_line ocrx_word'/>
</head>
<body>
  <div class='ocr_page' id='page_1' title='image "./corpusscriptoru27wissgoog_0625.png"; bbox 0 0 3159 4984; ppageno 0'>
   <div class='ocr_carea' id='block_1_1' title="bbox 301 1653 346 1689">
    <p class='ocr_par' dir='ltr' id='par_1_1' title="bbox 301 1653 346 1689">
     <span class='ocr_line' id='line_1_1' title="bbox 301 1653 346 1689; baseline 0.044 -2"><span class='ocrx_word' id='word_1_1' title='bbox 301 1653 346 1689; x_wconf 78' lang='grc'>10</span> 
     </span>
    </p>
   </div>
   <div class='ocr_carea' id='block_1_2' title="bbox 295 2183 341 2220">
    <p class='ocr_par' dir='ltr' id='par_1_2' title="bbox 295 2183 341 2220">
     <span class='ocr_line' id='line_1_2' title="bbox 295 2183 341 2220; baseline 0.022 -1"><span class='ocrx_word' id='word_1_2' title='bbox 295 2183 341 2220; x_wconf 85' lang='lat'>15</span> 
     </span>
    </p>
   </div>
   <div class='ocr_carea' id='block_1_3' title="bbox 287 3247 337 3286">
    <p class='ocr_par' dir='ltr' id='par_1_3' title="bbox 287 3247 337 3286">
     <span class='ocr_line' id='line_1_3' title="bbox 287 3247 337 3286; baseline -0.04 0"><span class='ocrx_word' id='word_1_3' title='bbox 287 3247 337 3286; x_wconf 75' lang='lat'>25</span> 
     </span>
    </p>
   </div>
   <div class='ocr_carea' id='block_1_4' title="bbox 903 477 2682 548">
    <p class='ocr_par' dir='ltr' id='par_1_4' title="bbox 903 477 2682 548">
     <span class='ocr_line' id='line_1_4' title="bbox 903 477 2682 548; baseline 0.003 -18"><span class='ocrx_word' id='word_1_4' title='bbox 903 479 992 532; x_wconf 88' lang='lat' dir='ltr'>VI.</span> <span class='ocrx_word' id='word_1_5' title='bbox 1051 477 1344 533; x_wconf 81' lang='lat' dir='ltr'><strong>Contra</strong></span> <span class='ocrx_word' id='word_1_6' title='bbox 1398 479 1765 533; x_wconf 83' lang='lat' dir='ltr'>Faustum</span> <span class='ocrx_word' id='word_1_7' title='bbox 1822 480 1951 535; x_wconf 89' lang='lat' dir='ltr'>lib.</span> <span class='ocrx_word' id='word_1_8' title='bbox 2008 479 2181 532; x_wconf 78' lang='lat' dir='ltr'>XXII.</span> <span class='ocrx_word' id='word_1_9' title='bbox 2554 485 2682 548; x_wconf 85' lang='lat'>615</span> 
     </span>
    </p>
   </div>
   <div class='ocr_carea' id='block_1_5' title="bbox 372 672 2736 3427">
    <p class='ocr_par' dir='ltr' id='par_1_5' title="bbox 387 672 2683 1293">
     <span class='ocr_line' id='line_1_5' title="bbox 389 672 2679 758; baseline 0 -18"><span class='ocrx_word' id='word_1_10' title='bbox 389 695 530 740; x_wconf 82' lang='lat' dir='ltr'>care</span> <span class='ocrx_word' id='word_1_11' title='bbox 579 677 948 758; x_wconf 79' lang='lat' dir='ltr'><strong>cogeretur:</strong></span> <span class='ocrx_word' id='word_1_12' title='bbox 1017 672 1186 756; x_wconf 90' lang='lat' dir='ltr'>quod</span> <span class='ocrx_word' id='word_1_13' title='bbox 1243 674 1298 738; x_wconf 91' lang='lat' dir='ltr'>si</span> <span class='ocrx_word' id='word_1_14' title='bbox 1353 674 1498 758; x_wconf 85' lang='lat' dir='ltr'>cogi</span> <span class='ocrx_word' id='word_1_15' title='bbox 1551 692 1675 739; x_wconf 91' lang='lat' dir='ltr'>non</span> <span class='ocrx_word' id='word_1_16' title='bbox 1730 677 1971 757; x_wconf 82' lang='lat' dir='ltr'>posset,</span> <span class='ocrx_word' id='word_1_17' title='bbox 2017 674 2330 758; x_wconf 86' lang='lat' dir='ltr'>peccauit,</span> <span class='ocrx_word' id='word_1_18' title='bbox 2380 693 2525 740; x_wconf 90' lang='lat' dir='ltr'>cum</span> <span class='ocrx_word' id='word_1_19' title='bbox 2574 694 2679 740; x_wconf 87' lang='lat' dir='ltr'>eas</span> 
     </span>
     <span class='ocr_line' id='line_1_6' title="bbox 389 780 2683 865; baseline -0.001 -19"><span class='ocrx_word' id='word_1_20' title='bbox 389 801 461 847; x_wconf 89' lang='lat' dir='ltr'>eo</span> <span class='ocrx_word' id='word_1_21' title='bbox 499 781 698 861; x_wconf 86' lang='lat' dir='ltr'>misit,</span> <span class='ocrx_word' id='word_1_22' title='bbox 738 781 851 845; x_wconf 91' lang='lat' dir='ltr'>ubi</span> <span class='ocrx_word' id='word_1_23' title='bbox 889 780 1030 865; x_wconf 85' lang='lat' dir='ltr'>cogi</span> <span class='ocrx_word' id='word_1_24' title='bbox 1065 783 1348 864; x_wconf 76' lang='lat' dir='ltr'>possent.</span> <span class='ocrx_word' id='word_1_25' title='bbox 1399 784 1463 845; x_wconf 87' lang='lat' dir='ltr'>et</span> <span class='ocrx_word' id='word_1_26' title='bbox 1497 781 1641 846; x_wconf 90' lang='lat' dir='ltr'>ideo</span> <span class='ocrx_word' id='word_1_27' title='bbox 1689 782 1893 865; x_wconf 86' lang='lat' dir='ltr'>magis</span> <span class='ocrx_word' id='word_1_28' title='bbox 1939 781 2075 864; x_wconf 87' lang='lat' dir='ltr'>ipse</span> <span class='ocrx_word' id='word_1_29' title='bbox 2118 782 2233 848; x_wconf 92' lang='lat' dir='ltr'>illo</span> <span class='ocrx_word' id='word_1_30' title='bbox 2270 783 2455 846; x_wconf 88' lang='lat' dir='ltr'>uelut</span> <span class='ocrx_word' id='word_1_31' title='bbox 2488 782 2683 865; x_wconf 88' lang='lat' dir='ltr'>parri-</span> 
     </span>
     <span class='ocr_line' id='line_1_7' title="bbox 389 885 2681 971; baseline -0.001 -18"><span class='ocrx_word' id='word_1_32' title='bbox 389 888 580 952; x_wconf 84' lang='lat' dir='ltr'>cidali</span> <span class='ocrx_word' id='word_1_33' title='bbox 627 888 833 953; x_wconf 90' lang='lat' dir='ltr'>culleo</span> <span class='ocrx_word' id='word_1_34' title='bbox 882 887 1134 970; x_wconf 63' lang='lat' dir='ltr'>dignm,</span> <span class='ocrx_word' id='word_1_35' title='bbox 1185 887 1292 967; x_wconf 91' lang='lat' dir='ltr'>qui</span> <span class='ocrx_word' id='word_1_36' title='bbox 1338 886 1460 950; x_wconf 91' lang='lat' dir='ltr'>hoc</span> <span class='ocrx_word' id='word_1_37' title='bbox 1506 885 1661 950; x_wconf 88' lang='lat' dir='ltr'>fecit</span> <span class='ocrx_word' id='word_1_38' title='bbox 1704 885 1901 952; x_wconf 90' lang='lat' dir='ltr'>libero</span> <span class='ocrx_word' id='word_1_39' title='bbox 1946 887 2233 971; x_wconf 86' lang='lat' dir='ltr'>imperio,</span> <span class='ocrx_word' id='word_1_40' title='bbox 2275 906 2465 970; x_wconf 89' lang='lat' dir='ltr'>quam</span> <span class='ocrx_word' id='word_1_41' title='bbox 2512 888 2681 962; x_wconf 85' lang='lat' dir='ltr'>illae,</span> 
     </span>
     <span class='ocr_line' id='line_1_8' title="bbox 387 993 2679 1078; baseline -0.001 -18"><span class='ocrx_word' id='word_1_42' title='bbox 387 1015 547 1077; x_wconf 87' lang='lat' dir='ltr'>quae</span> <span class='ocrx_word' id='word_1_43' title='bbox 607 993 1095 1078; x_wconf 85' lang='lat' dir='ltr'>obtemperando</span> <span class='ocrx_word' id='word_1_44' title='bbox 1123 994 1307 1062; x_wconf 72' lang='lat' dir='ltr'>,illuc</span> <span class='ocrx_word' id='word_1_45' title='bbox 1361 994 1591 1070; x_wconf 81' lang='lat' dir='ltr'>ierunt,</span> <span class='ocrx_word' id='word_1_46' title='bbox 1647 994 1759 1058; x_wconf 94' lang='lat' dir='ltr'>ubi</span> <span class='ocrx_word' id='word_1_47' title='bbox 1810 997 1981 1060; x_wconf 84' lang='lat' dir='ltr'>recte</span> <span class='ocrx_word' id='word_1_48' title='bbox 2036 995 2297 1060; x_wconf 88' lang='lat' dir='ltr'>uiuendi</span> <span class='ocrx_word' id='word_1_49' title='bbox 2352 995 2679 1059; x_wconf 74' lang='lat' dir='ltr'><strong>arbitrium</strong></span> 
     </span>
     <span class='ocr_line' id='line_1_9' title="bbox 387 1100 2680 1187; baseline 0 -21"><span class='ocrx_word' id='word_1_50' title='bbox 387 1103 661 1166; x_wconf 85' lang='lat' dir='ltr'>liberum</span> <span class='ocrx_word' id='word_1_51' title='bbox 705 1100 1132 1185; x_wconf 88' lang='lat' dir='ltr'>perdiderunt.</span> <span class='ocrx_word' id='word_1_52' title='bbox 1201 1101 1256 1166; x_wconf 91' lang='lat' dir='ltr'>si</span> <span class='ocrx_word' id='word_1_53' title='bbox 1303 1103 1518 1166; x_wconf 86' lang='lat' dir='ltr'>autem</span> <span class='ocrx_word' id='word_1_54' title='bbox 1565 1102 1645 1165; x_wconf 86' lang='lat' dir='ltr'>ad</span> <span class='ocrx_word' id='word_1_55' title='bbox 1690 1101 2079 1184; x_wconf 85' lang='lat' dir='ltr'>peccandum</span> <span class='ocrx_word' id='word_1_56' title='bbox 2126 1104 2193 1167; x_wconf 88' lang='lat' dir='ltr'>et</span> <span class='ocrx_word' id='word_1_57' title='bbox 2234 1103 2373 1187; x_wconf 88' lang='lat' dir='ltr'>ipse</span> <span class='ocrx_word' id='word_1_58' title='bbox 2419 1103 2680 1168; x_wconf 86' lang='lat' dir='ltr'>inuasus</span> 
     </span>
     <span class='ocr_line' id='line_1_10' title="bbox 388 1207 2680 1293; baseline 0 -21"><span class='ocrx_word' id='word_1_59' title='bbox 388 1213 576 1291; x_wconf 86' lang='lat' dir='ltr'>atque</span> <span class='ocrx_word' id='word_1_60' title='bbox 622 1228 961 1293; x_wconf 88' lang='lat' dir='ltr'>possessus</span> <span class='ocrx_word' id='word_1_61' title='bbox 1010 1209 1154 1292; x_wconf 85' lang='lat' dir='ltr'>cogi</span> <span class='ocrx_word' id='word_1_62' title='bbox 1197 1207 1611 1290; x_wconf 65' lang='lat' dir='ltr'>posset,&#39;nisi</span> <span class='ocrx_word' id='word_1_63' title='bbox 1656 1227 1768 1290; x_wconf 87' lang='lat' dir='ltr'>per</span> <span class='ocrx_word' id='word_1_64' title='bbox 1814 1226 1965 1272; x_wconf 86' lang='lat' dir='ltr'>suae</span> <span class='ocrx_word' id='word_1_65' title='bbox 2011 1208 2208 1291; x_wconf 87' lang='lat' dir='ltr'>partis</span> <span class='ocrx_word' id='word_1_66' title='bbox 2254 1208 2455 1292; x_wconf 90' lang='lat' dir='ltr'>primo</span> <span class='ocrx_word' id='word_1_67' title='bbox 2502 1208 2680 1292; x_wconf 86' lang='lat' dir='ltr'>flagi-</span> 
     </span>
    </p>

    <p class='ocr_par' dir='ltr' id='par_1_6' title="bbox 372 1303 2736 3427">
     <span class='ocr_line' id='line_1_11' title="bbox 387 1303 2736 1399; baseline 0.001 -21"><span class='ocrx_word' id='word_1_68' title='bbox 387 1316 570 1393; x_wconf 83' lang='lat' dir='ltr'>tium,</span> <span class='ocrx_word' id='word_1_69' title='bbox 611 1313 836 1380; x_wconf 88' lang='lat' dir='ltr'>deinde</span> <span class='ocrx_word' id='word_1_70' title='bbox 877 1315 1262 1398; x_wconf 84' lang='lat' dir='ltr'>subplicium</span> <span class='ocrx_word' id='word_1_71' title='bbox 1311 1313 1434 1378; x_wconf 91' lang='lat' dir='ltr'>sibi</span> <span class='ocrx_word' id='word_1_72' title='bbox 1495 1314 1884 1399; x_wconf 88' lang='lat' dir='ltr'>prouidisset</span> <span class='ocrx_word' id='word_1_73' title='bbox 1928 1315 2227 1396; x_wconf 89' lang='lat' dir='ltr'>nullaque</span> <span class='ocrx_word' id='word_1_74' title='bbox 2275 1314 2399 1378; x_wconf 88' lang='lat' dir='ltr'>fuit</span> <span class='ocrx_word' id='word_1_75' title='bbox 2440 1314 2505 1378; x_wconf 90' lang='lat' dir='ltr'>in</span> <span class='ocrx_word' id='word_1_76' title='bbox 2555 1314 2673 1380; x_wconf 88' lang='lat' dir='ltr'>deo</span> <span class='ocrx_word' id='word_1_77' title='bbox 2730 1303 2736 1309; x_wconf 71' lang='grc'><strong>’</strong></span> 
     </span>
     <span class='ocr_line' id='line_1_12' title="bbox 386 1421 2679 1506; baseline -0 -21"><span class='ocrx_word' id='word_1_78' title='bbox 386 1423 604 1486; x_wconf 88' lang='lat' dir='ltr'>uestro</span> <span class='ocrx_word' id='word_1_79' title='bbox 669 1439 787 1486; x_wconf 91' lang='lat' dir='ltr'>nec</span> <span class='ocrx_word' id='word_1_80' title='bbox 849 1422 915 1486; x_wconf 94' lang='lat' dir='ltr'>in</span> <span class='ocrx_word' id='word_1_81' title='bbox 982 1421 1120 1486; x_wconf 88' lang='lat' dir='ltr'>eius</span> <span class='ocrx_word' id='word_1_82' title='bbox 1183 1421 1471 1505; x_wconf 90' lang='lat' dir='ltr'>partibus</span> <span class='ocrx_word' id='word_1_83' title='bbox 1533 1421 1735 1485; x_wconf 87' lang='lat' dir='ltr'>libera</span> <span class='ocrx_word' id='word_1_84' title='bbox 1797 1422 2117 1497; x_wconf 79' lang='lat' dir='ltr'>uoluntas,</span> <span class='ocrx_word' id='word_1_85' title='bbox 2172 1441 2297 1487; x_wconf 91' lang='lat' dir='ltr'>non</span> <span class='ocrx_word' id='word_1_86' title='bbox 2354 1440 2423 1486; x_wconf 89' lang='lat' dir='ltr'>se</span> <span class='ocrx_word' id='word_1_87' title='bbox 2478 1421 2679 1506; x_wconf 87' lang='lat' dir='ltr'>fingat</span> 
     </span>
     <span class='ocr_line' id='line_1_13' title="bbox 383 1526 2672 1612; baseline 0 -23"><span class='ocrx_word' id='word_1_88' title='bbox 383 1527 681 1603; x_wconf 82' lang='lat' dir='ltr'>iudicem,</span> <span class='ocrx_word' id='word_1_89' title='bbox 722 1527 835 1592; x_wconf 86' lang='lat' dir='ltr'>sed</span> <span class='ocrx_word' id='word_1_90' title='bbox 873 1531 1180 1612; x_wconf 86' lang='lat' dir='ltr'>agnoscat</span> <span class='ocrx_word' id='word_1_91' title='bbox 1214 1547 1413 1605; x_wconf 85' lang='lat' dir='ltr'>reum,</span> <span class='ocrx_word' id='word_1_92' title='bbox 1443 1547 1559 1593; x_wconf 92' lang='lat' dir='ltr'>nec</span> <span class='ocrx_word' id='word_1_93' title='bbox 1598 1527 1747 1610; x_wconf 87' lang='lat' dir='ltr'>quia</span> <span class='ocrx_word' id='word_1_94' title='bbox 1780 1546 2010 1611; x_wconf 90' lang='lat' dir='ltr'>passus</span> <span class='ocrx_word' id='word_1_95' title='bbox 2048 1531 2167 1604; x_wconf 81' lang='lat' dir='ltr'>est,</span> <span class='ocrx_word' id='word_1_96' title='bbox 2197 1526 2365 1608; x_wconf 86' lang='lat' dir='ltr'>quod</span> <span class='ocrx_word' id='word_1_97' title='bbox 2396 1527 2672 1604; x_wconf 75' lang='lat' dir='ltr'>nolebat,</span> 
     </span>
     <span class='ocr_line' id='line_1_14' title="bbox 387 1633 2676 1716; baseline -0 -18"><span class='ocrx_word' id='word_1_98' title='bbox 387 1634 496 1698; x_wconf 87' lang='lat' dir='ltr'>sed</span> <span class='ocrx_word' id='word_1_99' title='bbox 546 1635 694 1716; x_wconf 85' lang='lat' dir='ltr'>quia</span> <span class='ocrx_word' id='word_1_100' title='bbox 741 1655 808 1700; x_wconf 92' lang='lat' dir='ltr'>se</span> <span class='ocrx_word' id='word_1_101' title='bbox 848 1635 1110 1700; x_wconf 76' lang='lat' dir='ltr'>simulat</span> <span class='ocrx_word' id='word_1_102' title='bbox 1143 1635 1316 1700; x_wconf 86' lang='lat' dir='ltr'>iusta</span> <span class='ocrx_word' id='word_1_103' title='bbox 1348 1635 1697 1700; x_wconf 75' lang='lat' dir='ltr'>retribuere</span> <span class='ocrx_word' id='word_1_104' title='bbox 1736 1635 2086 1700; x_wconf 86' lang='lat' dir='ltr'>damnando</span> <span class='ocrx_word' id='word_1_105' title='bbox 2126 1655 2255 1710; x_wconf 78' lang='lat' dir='ltr'>eos,</span> <span class='ocrx_word' id='word_1_106' title='bbox 2296 1654 2454 1716; x_wconf 90' lang='lat' dir='ltr'>quos</span> <span class='ocrx_word' id='word_1_107' title='bbox 2491 1633 2676 1700; x_wconf 90' lang='lat' dir='ltr'>nouit</span> 
     </span>
     <span class='ocr_line' id='line_1_15' title="bbox 385 1742 2677 1826; baseline 0 -22"><span class='ocrx_word' id='word_1_108' title='bbox 385 1742 624 1805; x_wconf 87' lang='lat' dir='ltr'>malum</span> <span class='ocrx_word' id='word_1_109' title='bbox 668 1761 894 1826; x_wconf 87' lang='lat' dir='ltr'>passos</span> <span class='ocrx_word' id='word_1_110' title='bbox 943 1762 1084 1807; x_wconf 90' lang='lat' dir='ltr'>esse</span> <span class='ocrx_word' id='word_1_111' title='bbox 1129 1743 1345 1824; x_wconf 86' lang='lat' dir='ltr'>potius</span> <span class='ocrx_word' id='word_1_112' title='bbox 1393 1762 1582 1825; x_wconf 85' lang='lat' dir='ltr'>quam</span> <span class='ocrx_word' id='word_1_113' title='bbox 1630 1743 1897 1808; x_wconf 85' lang='lat' dir='ltr'>fecisse:</span> <span class='ocrx_word' id='word_1_114' title='bbox 1947 1743 2113 1824; x_wconf 85' lang='lat' dir='ltr'>quod</span> <span class='ocrx_word' id='word_1_115' title='bbox 2154 1742 2233 1806; x_wconf 87' lang='lat' dir='ltr'>ad</span> <span class='ocrx_word' id='word_1_116' title='bbox 2270 1742 2391 1806; x_wconf 93' lang='lat' dir='ltr'>hoc</span> <span class='ocrx_word' id='word_1_117' title='bbox 2426 1743 2677 1806; x_wconf 86' lang='lat' dir='ltr'>tantum</span> 
     </span>
     <span class='ocr_line' id='line_1_16' title="bbox 384 1846 2674 1931; baseline -0 -19"><span class='ocrx_word' id='word_1_118' title='bbox 384 1846 666 1927; x_wconf 81' lang='lat' dir='ltr'>simulat,</span> <span class='ocrx_word' id='word_1_119' title='bbox 696 1867 774 1912; x_wconf 93' lang='lat' dir='ltr'>ne</span> <span class='ocrx_word' id='word_1_120' title='bbox 805 1848 1020 1914; x_wconf 89' lang='lat' dir='ltr'>uictus</span> <span class='ocrx_word' id='word_1_121' title='bbox 1048 1847 1428 1920; x_wconf 86' lang='lat' dir='ltr'>inueniatur,</span> <span class='ocrx_word' id='word_1_122' title='bbox 1458 1847 1645 1930; x_wconf 83' lang='lat' dir='ltr'>quasi</span> <span class='ocrx_word' id='word_1_123' title='bbox 1680 1847 1919 1930; x_wconf 85' lang='lat' dir='ltr'>aliquid</span> <span class='ocrx_word' id='word_1_124' title='bbox 1953 1848 2159 1931; x_wconf 77' lang='lat' dir='ltr'>prosit</span> <span class='ocrx_word' id='word_1_125' title='bbox 2194 1847 2385 1912; x_wconf 87' lang='lat' dir='ltr'>alicui</span> <span class='ocrx_word' id='word_1_126' title='bbox 2420 1847 2674 1922; x_wconf 82' lang='lat' dir='ltr'>misem,</span> 
     </span>
     <span class='ocr_line' id='line_1_17' title="bbox 383 1954 2675 2036; baseline -0.001 -18"><span class='ocrx_word' id='word_1_127' title='bbox 383 1954 439 2018; x_wconf 89' lang='lat' dir='ltr'>si</span> <span class='ocrx_word' id='word_1_128' title='bbox 483 1954 633 2018; x_wconf 82' lang='lat' dir='ltr'>felix</span> <span class='ocrx_word' id='word_1_129' title='bbox 679 1957 793 2019; x_wconf 86' lang='lat' dir='ltr'>aut</span> <span class='ocrx_word' id='word_1_130' title='bbox 833 1955 1196 2020; x_wconf 86' lang='lat' dir='ltr'>fortunatus</span> <span class='ocrx_word' id='word_1_131' title='bbox 1234 1956 1519 2020; x_wconf 85' lang='lat' dir='ltr'>uocetur.</span> <span class='ocrx_word' id='word_1_132' title='bbox 1565 1973 1793 2036; x_wconf 86' lang='lat' dir='ltr'>nempe</span> <span class='ocrx_word' id='word_1_133' title='bbox 1830 1954 1957 2019; x_wconf 91' lang='lat' dir='ltr'>iam</span> <span class='ocrx_word' id='word_1_134' title='bbox 1994 1957 2061 2018; x_wconf 89' lang='lat' dir='ltr'>et</span> <span class='ocrx_word' id='word_1_135' title='bbox 2093 1955 2217 2020; x_wconf 92' lang='lat' dir='ltr'>hoc</span> <span class='ocrx_word' id='word_1_136' title='bbox 2250 1954 2483 2019; x_wconf 89' lang='lat' dir='ltr'>melius</span> <span class='ocrx_word' id='word_1_137' title='bbox 2522 1956 2675 2031; x_wconf 88' lang='lat' dir='ltr'>erat,</span> 
     </span>
     <span class='ocr_line' id='line_1_18' title="bbox 381 2060 2673 2144; baseline 0 -20"><span class='ocrx_word' id='word_1_138' title='bbox 381 2063 455 2125; x_wconf 92' lang='lat' dir='ltr'>ut</span> <span class='ocrx_word' id='word_1_139' title='bbox 519 2061 676 2126; x_wconf 87' lang='lat' dir='ltr'>deus</span> <span class='ocrx_word' id='word_1_140' title='bbox 740 2063 956 2126; x_wconf 86' lang='lat' dir='ltr'>uester</span> <span class='ocrx_word' id='word_1_141' title='bbox 1019 2060 1152 2126; x_wconf 88' lang='lat' dir='ltr'>sine</span> <span class='ocrx_word' id='word_1_142' title='bbox 1208 2061 1343 2127; x_wconf 92' lang='lat' dir='ltr'>ullo</span> <span class='ocrx_word' id='word_1_143' title='bbox 1400 2062 1741 2144; x_wconf 87' lang='lat' dir='ltr'>aequitatis</span> <span class='ocrx_word' id='word_1_144' title='bbox 1798 2061 2079 2126; x_wconf 81' lang='lat' dir='ltr'>examine</span> <span class='ocrx_word' id='word_1_145' title='bbox 2134 2061 2500 2126; x_wconf 89' lang='lat' dir='ltr'>hominibus</span> <span class='ocrx_word' id='word_1_146' title='bbox 2556 2079 2673 2126; x_wconf 87' lang='lat' dir='ltr'>nec</span> 
     </span>
     <span class='ocr_line' id='line_1_19' title="bbox 377 2167 2671 2254; baseline 0 -23"><span class='ocrx_word' id='word_1_147' title='bbox 377 2167 567 2233; x_wconf 89' lang='lat' dir='ltr'>iustis</span> <span class='ocrx_word' id='word_1_148' title='bbox 615 2188 730 2234; x_wconf 89' lang='lat' dir='ltr'>nec</span> <span class='ocrx_word' id='word_1_149' title='bbox 775 2171 1218 2253; x_wconf 89' lang='lat' dir='ltr'>peccatoribus</span> <span class='ocrx_word' id='word_1_150' title='bbox 1264 2172 1551 2254; x_wconf 78' lang='lat' dir='ltr'>parceret</span> <span class='ocrx_word' id='word_1_151' title='bbox 1583 2207 1672 2216; x_wconf 90' lang='lat'>—-</span> <span class='ocrx_word' id='word_1_152' title='bbox 1713 2169 1883 2251; x_wconf 89' lang='lat' dir='ltr'>quod</span> <span class='ocrx_word' id='word_1_153' title='bbox 1927 2169 1991 2232; x_wconf 92' lang='lat' dir='ltr'>in</span> <span class='ocrx_word' id='word_1_154' title='bbox 2037 2169 2520 2253; x_wconf 86' lang='lat' dir='ltr'>reprehensione</span> <span class='ocrx_word' id='word_1_155' title='bbox 2569 2167 2671 2232; x_wconf 88' lang='lat' dir='ltr'>dei</span> 
     </span>
     <span class='ocr_line' id='line_1_20' title="bbox 379 2275 2671 2362; baseline -0 -23"><span class='ocrx_word' id='word_1_156' title='bbox 379 2276 577 2340; x_wconf 87' lang='lat' dir='ltr'>nostri</span> <span class='ocrx_word' id='word_1_157' title='bbox 623 2275 902 2342; x_wconf 81' lang='lat' dir='ltr'>Faustus</span> <span class='ocrx_word' id='word_1_158' title='bbox 928 2331 932 2336; x_wconf 91' lang='lat'><em>.</em></span> <span class='ocrx_word' id='word_1_159' title='bbox 959 2277 1118 2341; x_wconf 90' lang='lat' dir='ltr'>nihil</span> <span class='ocrx_word' id='word_1_160' title='bbox 1170 2278 1554 2362; x_wconf 88' lang='lat' dir='ltr'>intellegens</span> <span class='ocrx_word' id='word_1_161' title='bbox 1608 2277 1911 2341; x_wconf 81' lang='lat' dir='ltr'>ultimum</span> <span class='ocrx_word' id='word_1_162' title='bbox 1964 2277 2183 2361; x_wconf 87' lang='lat' dir='ltr'>posuit</span> <span class='ocrx_word' id='word_1_163' title='bbox 2228 2313 2313 2322; x_wconf 91' lang='lat'>--</span> <span class='ocrx_word' id='word_1_164' title='bbox 2363 2294 2553 2358; x_wconf 84' lang='lat' dir='ltr'>quam</span> <span class='ocrx_word' id='word_1_165' title='bbox 2605 2275 2671 2338; x_wconf 89' lang='lat' dir='ltr'>in</span> 
     </span>
     <span class='ocr_line' id='line_1_21' title="bbox 377 2381 2673 2468; baseline -0 -23"><span class='ocrx_word' id='word_1_166' title='bbox 377 2383 661 2446; x_wconf 89' lang='lat' dir='ltr'>membra</span> <span class='ocrx_word' id='word_1_167' title='bbox 707 2401 822 2448; x_wconf 89' lang='lat' dir='ltr'>sua</span> <span class='ocrx_word' id='word_1_168' title='bbox 869 2383 962 2448; x_wconf 88' lang='lat' dir='ltr'>sic</span> <span class='ocrx_word' id='word_1_169' title='bbox 1009 2384 1304 2460; x_wconf 75' lang='lat' dir='ltr'>saeuiret,</span> <span class='ocrx_word' id='word_1_170' title='bbox 1352 2392 1428 2448; x_wconf 80' lang='lat' dir='ltr'>ut</span> <span class='ocrx_word' id='word_1_171' title='bbox 1470 2403 1694 2466; x_wconf 87' lang='lat' dir='ltr'>parum</span> <span class='ocrx_word' id='word_1_172' title='bbox 1744 2383 1846 2459; x_wconf 73' lang='lat' dir='ltr'>sit,</span> <span class='ocrx_word' id='word_1_173' title='bbox 1896 2383 2066 2468; x_wconf 84' lang='lat' dir='ltr'>quod</span> <span class='ocrx_word' id='word_1_174' title='bbox 2103 2402 2175 2446; x_wconf 84' lang='lat' dir='ltr'>ea</span> <span class='ocrx_word' id='word_1_175' title='bbox 2212 2381 2673 2465; x_wconf 75' lang='lat' dir='ltr'>inexpiabiliter</span> 
     </span>
     <span class='ocr_line' id='line_1_22' title="bbox 377 2487 2671 2572; baseline 0 -21"><span class='ocrx_word' id='word_1_176' title='bbox 377 2489 748 2554; x_wconf 87' lang='lat' dir='ltr'>uenenanda</span> <span class='ocrx_word' id='word_1_177' title='bbox 791 2491 1088 2557; x_wconf 88' lang='lat' dir='ltr'>hostibus</span> <span class='ocrx_word' id='word_1_178' title='bbox 1137 2492 1391 2567; x_wconf 81' lang='lat' dir='ltr'>obtulit,</span> <span class='ocrx_word' id='word_1_179' title='bbox 1429 2491 1554 2556; x_wconf 88' lang='lat' dir='ltr'>nisi</span> <span class='ocrx_word' id='word_1_180' title='bbox 1593 2491 1785 2556; x_wconf 86' lang='lat' dir='ltr'>etiam</span> <span class='ocrx_word' id='word_1_181' title='bbox 1820 2491 1981 2556; x_wconf 88' lang='lat' dir='ltr'>falso</span> <span class='ocrx_word' id='word_1_182' title='bbox 2020 2491 2280 2556; x_wconf 89' lang='lat' dir='ltr'>crimine</span> <span class='ocrx_word' id='word_1_183' title='bbox 2315 2487 2671 2572; x_wconf 86' lang='lat' dir='ltr'>iniquitatis</span> 
     </span>
     <span class='ocr_line' id='line_1_23' title="bbox 378 2595 2669 2682; baseline 0.001 -25"><span class='ocrx_word' id='word_1_184' title='bbox 378 2599 655 2662; x_wconf 84' lang='lat' dir='ltr'>accuset.</span> <span class='ocrx_word' id='word_1_185' title='bbox 724 2615 884 2679; x_wconf 89' lang='lat' dir='ltr'>quae</span> <span class='ocrx_word' id='word_1_186' title='bbox 938 2597 1080 2662; x_wconf 91' lang='lat' dir='ltr'>ideo</span> <span class='ocrx_word' id='word_1_187' title='bbox 1137 2599 1362 2664; x_wconf 87' lang='lat' dir='ltr'>merito</span> <span class='ocrx_word' id='word_1_188' title='bbox 1421 2598 1577 2663; x_wconf 88' lang='lat' dir='ltr'>dicit</span> <span class='ocrx_word' id='word_1_189' title='bbox 1620 2598 1892 2682; x_wconf 86' lang='lat' dir='ltr'>pendere</span> <span class='ocrx_word' id='word_1_190' title='bbox 1936 2601 2071 2662; x_wconf 86' lang='lat' dir='ltr'>tam</span> <span class='ocrx_word' id='word_1_191' title='bbox 2116 2597 2366 2661; x_wconf 85' lang='lat' dir='ltr'>inmane</span> <span class='ocrx_word' id='word_1_192' title='bbox 2414 2615 2487 2661; x_wconf 86' lang='lat' dir='ltr'>ac</span> <span class='ocrx_word' id='word_1_193' title='bbox 2533 2595 2669 2660; x_wconf 88' lang='lat' dir='ltr'>sine</span> 
     </span>
     <span class='ocr_line' id='line_1_24' title="bbox 375 2701 2672 2788; baseline 0 -24"><span class='ocrx_word' id='word_1_194' title='bbox 375 2701 498 2765; x_wconf 89' lang='lat' dir='ltr'>fine</span> <span class='ocrx_word' id='word_1_195' title='bbox 553 2704 962 2787; x_wconf 85' lang='lat' dir='ltr'>subplicium,</span> <span class='ocrx_word' id='word_1_196' title='bbox 1031 2705 1199 2786; x_wconf 87' lang='lat' dir='ltr'>quod</span> <span class='ocrx_word' id='word_1_197' title='bbox 1267 2724 1467 2769; x_wconf 85' lang='lat' dir='ltr'>errare</span> <span class='ocrx_word' id='word_1_198' title='bbox 1523 2724 1593 2769; x_wconf 87' lang='lat' dir='ltr'>se</span> <span class='ocrx_word' id='word_1_199' title='bbox 1650 2723 1687 2768; x_wconf 85' lang='lat' dir='ltr'>a</span> <span class='ocrx_word' id='word_1_200' title='bbox 1739 2705 1945 2788; x_wconf 91' lang='lat' dir='ltr'>priore</span> <span class='ocrx_word' id='word_1_201' title='bbox 2000 2723 2117 2768; x_wconf 87' lang='lat' dir='ltr'>sua</span> <span class='ocrx_word' id='word_1_202' title='bbox 2168 2703 2385 2768; x_wconf 84' lang='lat' dir='ltr'>lucida</span> <span class='ocrx_word' id='word_1_203' title='bbox 2447 2704 2672 2766; x_wconf 88' lang='lat' dir='ltr'>natura</span> 
     </span>
     <span class='ocr_line' id='line_1_25' title="bbox 375 2808 2668 2890; baseline 0 -18"><span class='ocrx_word' id='word_1_204' title='bbox 375 2827 564 2889; x_wconf 81' lang='lat' dir='ltr'>passa</span> <span class='ocrx_word' id='word_1_205' title='bbox 601 2813 754 2874; x_wconf 88' lang='lat' dir='ltr'>sunt</span> <span class='ocrx_word' id='word_1_206' title='bbox 790 2814 854 2874; x_wconf 88' lang='lat' dir='ltr'>et</span> <span class='ocrx_word' id='word_1_207' title='bbox 889 2810 1147 2874; x_wconf 85' lang='lat' dir='ltr'>inimica</span> <span class='ocrx_word' id='word_1_208' title='bbox 1181 2811 1406 2875; x_wconf 89' lang='lat' dir='ltr'>lumini</span> <span class='ocrx_word' id='word_1_209' title='bbox 1445 2815 1665 2876; x_wconf 84' lang='lat' dir='ltr'>sancto</span> <span class='ocrx_word' id='word_1_210' title='bbox 1706 2810 2063 2875; x_wconf 84' lang='lat' dir='ltr'>extiterunt.</span> <span class='ocrx_word' id='word_1_211' title='bbox 2112 2808 2299 2886; x_wconf 88' lang='lat' dir='ltr'>unde,</span> <span class='ocrx_word' id='word_1_212' title='bbox 2337 2808 2463 2874; x_wconf 87' lang='lat' dir='ltr'>nisi</span> <span class='ocrx_word' id='word_1_213' title='bbox 2500 2808 2668 2890; x_wconf 78' lang='lat' dir='ltr'>quia,</span> 
     </span>
     <span class='ocr_line' id='line_1_26' title="bbox 375 2915 2669 3001; baseline 0.001 -23"><span class='ocrx_word' id='word_1_214' title='bbox 375 2918 449 2979; x_wconf 91' lang='lat' dir='ltr'>ut</span> <span class='ocrx_word' id='word_1_215' title='bbox 491 2915 630 2999; x_wconf 89' lang='lat' dir='ltr'>ipse</span> <span class='ocrx_word' id='word_1_216' title='bbox 679 2916 853 2995; x_wconf 87' lang='lat' dir='ltr'>dicit,</span> <span class='ocrx_word' id='word_1_217' title='bbox 900 2917 993 2980; x_wconf 88' lang='lat' dir='ltr'>ita</span> <span class='ocrx_word' id='word_1_218' title='bbox 1040 2921 1218 2983; x_wconf 85' lang='lat' dir='ltr'>erant</span> <span class='ocrx_word' id='word_1_219' title='bbox 1261 2918 1645 2983; x_wconf 86' lang='lat' dir='ltr'>inuiscerata</span> <span class='ocrx_word' id='word_1_220' title='bbox 1686 2918 1927 3001; x_wconf 82' lang='lat' dir='ltr'>primae</span> <span class='ocrx_word' id='word_1_221' title='bbox 1974 2915 2267 2981; x_wconf 84' lang='lat' dir='ltr'>auiditati</span> <span class='ocrx_word' id='word_1_222' title='bbox 2310 2915 2669 2998; x_wconf 86' lang='lat' dir='ltr'>principum</span> 
     </span>
     <span class='ocr_line' id='line_1_27' title="bbox 373 3021 2669 3107; baseline -0 -22"><span class='ocrx_word' id='word_1_223' title='bbox 373 3021 794 3098; x_wconf 80' lang='lat' dir='ltr'>tenebrarum,</span> <span class='ocrx_word' id='word_1_224' title='bbox 842 3026 918 3087; x_wconf 87' lang='lat' dir='ltr'>ut</span> <span class='ocrx_word' id='word_1_225' title='bbox 962 3024 1270 3107; x_wconf 87' lang='lat' dir='ltr'>originem</span> <span class='ocrx_word' id='word_1_226' title='bbox 1308 3043 1490 3090; x_wconf 89' lang='lat' dir='ltr'>suam</span> <span class='ocrx_word' id='word_1_227' title='bbox 1525 3024 1801 3088; x_wconf 88' lang='lat' dir='ltr'>recolere</span> <span class='ocrx_word' id='word_1_228' title='bbox 1842 3042 2034 3106; x_wconf 89' lang='lat' dir='ltr'>seque</span> <span class='ocrx_word' id='word_1_229' title='bbox 2072 3022 2149 3086; x_wconf 86' lang='lat' dir='ltr'>ab</span> <span class='ocrx_word' id='word_1_230' title='bbox 2187 3022 2409 3100; x_wconf 77' lang='lat' dir='ltr'>hostili</span> <span class='ocrx_word' id='word_1_231' title='bbox 2444 3024 2669 3088; x_wconf 83' lang='lat' dir='ltr'>natura</span> 
     </span>
     <span class='ocr_line' id='line_1_28' title="bbox 375 3127 2669 3215; baseline 0.001 -24"><span class='ocrx_word' id='word_1_232' title='bbox 375 3127 728 3193; x_wconf 85' lang='lat' dir='ltr'>discernere</span> <span class='ocrx_word' id='word_1_233' title='bbox 791 3148 916 3193; x_wconf 92' lang='lat' dir='ltr'>non</span> <span class='ocrx_word' id='word_1_234' title='bbox 982 3132 1316 3195; x_wconf 84' lang='lat' dir='ltr'>ualerent?</span> <span class='ocrx_word' id='word_1_235' title='bbox 1384 3151 1531 3215; x_wconf 88' lang='lat' dir='ltr'>ergo</span> <span class='ocrx_word' id='word_1_236' title='bbox 1590 3131 1833 3195; x_wconf 86' lang='lat' dir='ltr'>animae</span> <span class='ocrx_word' id='word_1_237' title='bbox 1888 3130 2257 3196; x_wconf 87' lang='lat' dir='ltr'>huiusmodi</span> <span class='ocrx_word' id='word_1_238' title='bbox 2310 3129 2470 3196; x_wconf 86' lang='lat' dir='ltr'>nihil</span> <span class='ocrx_word' id='word_1_239' title='bbox 2514 3128 2669 3194; x_wconf 86' lang='lat' dir='ltr'>mali</span> 
     </span>
     <span class='ocr_line' id='line_1_29' title="bbox 372 3234 2663 3320; baseline 0.001 -23"><span class='ocrx_word' id='word_1_240' title='bbox 372 3234 548 3316; x_wconf 87' lang='lat' dir='ltr'>ipsae</span> <span class='ocrx_word' id='word_1_241' title='bbox 596 3234 902 3315; x_wconf 84' lang='lat' dir='ltr'>fecerunt,</span> <span class='ocrx_word' id='word_1_242' title='bbox 951 3236 1064 3303; x_wconf 90' lang='lat' dir='ltr'>sed</span> <span class='ocrx_word' id='word_1_243' title='bbox 1107 3238 1478 3303; x_wconf 90' lang='lat' dir='ltr'>innocentes</span> <span class='ocrx_word' id='word_1_244' title='bbox 1523 3240 1775 3302; x_wconf 86' lang='lat' dir='ltr'>tantum</span> <span class='ocrx_word' id='word_1_245' title='bbox 1820 3237 2063 3302; x_wconf 85' lang='lat' dir='ltr'>malum</span> <span class='ocrx_word' id='word_1_246' title='bbox 2109 3255 2445 3320; x_wconf 86' lang='lat' dir='ltr'>perpessae</span> <span class='ocrx_word' id='word_1_247' title='bbox 2494 3239 2663 3302; x_wconf 89' lang='lat' dir='ltr'>sunt.</span> 
     </span>
     <span class='ocr_line' id='line_1_30' title="bbox 374 3341 2660 3427; baseline 0.002 -23"><span class='ocrx_word' id='word_1_248' title='bbox 374 3360 498 3422; x_wconf 90' lang='lat' dir='ltr'>quo</span> <span class='ocrx_word' id='word_1_249' title='bbox 547 3341 816 3407; x_wconf 84' lang='lat' dir='ltr'>faciente</span> <span class='ocrx_word' id='word_1_250' title='bbox 864 3343 987 3409; x_wconf 88' lang='lat' dir='ltr'>nisi</span> <span class='ocrx_word' id='word_1_251' title='bbox 1031 3344 1146 3408; x_wconf 93' lang='lat' dir='ltr'>illo</span> <span class='ocrx_word' id='word_1_252' title='bbox 1190 3344 1509 3427; x_wconf 83' lang='lat' dir='ltr'>primitus,</span> <span class='ocrx_word' id='word_1_253' title='bbox 1559 3344 1689 3427; x_wconf 85' lang='lat' dir='ltr'>qui,</span> <span class='ocrx_word' id='word_1_254' title='bbox 1738 3347 1813 3408; x_wconf 90' lang='lat' dir='ltr'>ut</span> <span class='ocrx_word' id='word_1_255' title='bbox 1848 3363 1885 3408; x_wconf 88' lang='lat' dir='ltr'>a</span> <span class='ocrx_word' id='word_1_256' title='bbox 1921 3363 1991 3409; x_wconf 89' lang='lat' dir='ltr'>se</span> <span class='ocrx_word' id='word_1_257' title='bbox 2026 3343 2093 3408; x_wconf 91' lang='lat' dir='ltr'>in</span> <span class='ocrx_word' id='word_1_258' title='bbox 2129 3345 2381 3407; x_wconf 85' lang='lat' dir='ltr'>tantum</span> <span class='ocrx_word' id='word_1_259' title='bbox 2417 3343 2660 3410; x_wconf 80' lang='lat' dir='ltr'>malum</span> 
     </span>
    </p>
   </div>
   <div class='ocr_carea' id='block_1_6' title="bbox 371 3531 2669 3873">
    <p class='ocr_par' dir='ltr' id='par_1_7' title="bbox 371 3531 2669 3873">
     <span class='ocr_line' id='line_1_31' title="bbox 445 3531 2667 3609; baseline 0.001 -26"><span class='ocrx_word' id='word_1_260' title='bbox 445 3531 471 3584; x_wconf 94' lang='lat'><strong>1</strong></span> <span class='ocrx_word' id='word_1_261' title='bbox 513 3531 658 3602; x_wconf 87' lang='lat' dir='ltr'>quod</span> <span class='ocrx_word' id='word_1_262' title='bbox 697 3532 753 3603; x_wconf 83' lang='lat' dir='ltr'>(d</span> <span class='ocrx_word' id='word_1_263' title='bbox 790 3549 832 3589; x_wconf 77' lang='lat'>8.</span> <span class='ocrx_word' id='word_1_264' title='bbox 873 3535 909 3589; x_wconf 81' lang='lat' dir='ltr'>l.</span> <span class='ocrx_word' id='word_1_265' title='bbox 941 3535 1071 3588; x_wconf 84' lang='lat' dir='ltr'>add.</span> <span class='ocrx_word' id='word_1_266' title='bbox 1101 3551 1170 3588; x_wconf 86' lang='lat' dir='ltr'>m.</span> <span class='ocrx_word' id='word_1_267' title='bbox 1197 3538 1324 3602; x_wconf 84' lang='lat' dir='ltr'>rec.)</span> <span class='ocrx_word' id='word_1_268' title='bbox 1361 3535 1408 3589; x_wconf 81' lang='lat' dir='ltr'><em>G</em></span> <span class='ocrx_word' id='word_1_269' title='bbox 1431 3553 1535 3609; x_wconf 88' lang='lat' dir='ltr'>quo</span> <span class='ocrx_word' id='word_1_270' title='bbox 1563 3535 1653 3589; x_wconf 85' lang='lat' dir='ltr'>Lb</span> <span class='ocrx_word' id='word_1_271' title='bbox 1762 3551 1828 3590; x_wconf 83' lang='lat' dir='ltr'>ea</span> <span class='ocrx_word' id='word_1_272' title='bbox 1855 3552 1946 3590; x_wconf 87' lang='lat' dir='ltr'>seo</span> <span class='ocrx_word' id='word_1_273' title='bbox 1978 3539 2030 3602; x_wconf 95' lang='lat' dir='ltr'>(o</span> <span class='ocrx_word' id='word_1_274' title='bbox 2058 3552 2101 3590; x_wconf 86' lang='lat'>8.</span> <span class='ocrx_word' id='word_1_275' title='bbox 2133 3535 2170 3588; x_wconf 81' lang='lat' dir='ltr'>l.</span> <span class='ocrx_word' id='word_1_276' title='bbox 2202 3534 2333 3588; x_wconf 83' lang='lat' dir='ltr'>add.</span> <span class='ocrx_word' id='word_1_277' title='bbox 2363 3550 2431 3586; x_wconf 88' lang='lat' dir='ltr'>m.</span> <span class='ocrx_word' id='word_1_278' title='bbox 2463 3533 2587 3602; x_wconf 82' lang='lat' dir='ltr'>rec.)</span> <span class='ocrx_word' id='word_1_279' title='bbox 2620 3532 2667 3585; x_wconf 80' lang='lat'><em>0</em></span> 
     </span>
     <span class='ocr_line' id='line_1_32' title="bbox 374 3621 2669 3694; baseline 0.002 -23"><span class='ocrx_word' id='word_1_280' title='bbox 374 3635 434 3672; x_wconf 84' lang='lat' dir='ltr'>ea</span> <span class='ocrx_word' id='word_1_281' title='bbox 472 3637 530 3674; x_wconf 87' lang='lat' dir='ltr'>se</span> <span class='ocrx_word' id='word_1_282' title='bbox 568 3621 754 3676; x_wconf 83' lang='lat' dir='ltr'>omisit</span> <span class='ocrx_word' id='word_1_283' title='bbox 792 3622 823 3675; x_wconf 86' lang='lat' dir='ltr'>b</span> <span class='ocrx_word' id='word_1_284' title='bbox 915 3623 966 3686; x_wconf 83' lang='lat'>,3</span> <span class='ocrx_word' id='word_1_285' title='bbox 1005 3621 1202 3689; x_wconf 65' lang='lat' dir='ltr'>dignus</span> <span class='ocrx_word' id='word_1_286' title='bbox 1250 3627 1368 3678; x_wconf 81' lang='lat' dir='ltr'>erat</span> <span class='ocrx_word' id='word_1_287' title='bbox 1414 3629 1554 3692; x_wconf 88' lang='lat' dir='ltr'>(erat</span> <span class='ocrx_word' id='word_1_288' title='bbox 1598 3641 1862 3694; x_wconf 65' lang='grc' dir='ltr'>ευμεν-εον.</span> <span class='ocrx_word' id='word_1_289' title='bbox 1910 3642 1978 3678; x_wconf 88' lang='lat' dir='ltr'>m.</span> <span class='ocrx_word' id='word_1_290' title='bbox 2014 3629 2140 3690; x_wconf 82' lang='lat' dir='ltr'>rec.)</span> <span class='ocrx_word' id='word_1_291' title='bbox 2188 3625 2234 3678; x_wconf 80' lang='lat'><em>0</em></span> <span class='ocrx_word' id='word_1_292' title='bbox 2374 3623 2570 3694; x_wconf 53' lang='lat' dir='ltr'>libi-ero</span> <span class='ocrx_word' id='word_1_293' title='bbox 2620 3621 2669 3676; x_wconf 83' lang='lat'><em>0</em></span> 
     </span>
     <span class='ocr_line' id='line_1_33' title="bbox 371 3707 2660 3788; baseline 0.002 -28"><span class='ocrx_word' id='word_1_294' title='bbox 371 3707 463 3761; x_wconf 86' lang='lat' dir='ltr'>ine</span> <span class='ocrx_word' id='word_1_295' title='bbox 499 3708 609 3763; x_wconf 82' lang='lat' dir='ltr'>LO</span> <span class='ocrx_word' id='word_1_296' title='bbox 784 3711 820 3762; x_wconf 85' lang='lat'>4</span> <span class='ocrx_word' id='word_1_297' title='bbox 859 3712 950 3781; x_wconf 90' lang='lat' dir='ltr'>qui</span> <span class='ocrx_word' id='word_1_298' title='bbox 995 3711 1043 3765; x_wconf 82' lang='grc' dir='ltr'><em>Ο</em></span> <span class='ocrx_word' id='word_1_299' title='bbox 1178 3713 1210 3766; x_wconf 89' lang='grc'><strong>5</strong></span> <span class='ocrx_word' id='word_1_300' title='bbox 1249 3713 1603 3788; x_wconf 70' lang='lat' dir='ltr'>prodiderunt</span> <span class='ocrx_word' id='word_1_301' title='bbox 1650 3717 1815 3780; x_wconf 82' lang='lat' dir='ltr'>(corr.</span> <span class='ocrx_word' id='word_1_302' title='bbox 1860 3731 1929 3768; x_wconf 87' lang='lat' dir='ltr'>m.</span> <span class='ocrx_word' id='word_1_303' title='bbox 1979 3715 2039 3780; x_wconf 89' lang='lat'>1)</span> <span class='ocrx_word' id='word_1_304' title='bbox 2086 3713 2132 3767; x_wconf 83' lang='grc' dir='ltr'><em>Ο</em></span> <span class='ocrx_word' id='word_1_305' title='bbox 2237 3713 2269 3765; x_wconf 90' lang='grc'><strong>6</strong></span> <span class='ocrx_word' id='word_1_306' title='bbox 2307 3717 2388 3782; x_wconf 73' lang='lat' dir='ltr'>pfl</span> <span class='ocrx_word' id='word_1_307' title='bbox 2427 3715 2505 3783; x_wconf 87' lang='lat' dir='ltr'>(er</span> <span class='ocrx_word' id='word_1_308' title='bbox 2538 3711 2660 3765; x_wconf 77' lang='lat' dir='ltr'>m&#39;d.</span> 
     </span>
     <span class='ocr_line' id='line_1_34' title="bbox 371 3797 2657 3873; baseline 0.002 -23"><span class='ocrx_word' id='word_1_309' title='bbox 371 3799 464 3867; x_wconf 83' lang='lat' dir='ltr'>er.)</span> <span class='ocrx_word' id='word_1_310' title='bbox 501 3797 549 3852; x_wconf 81' lang='lat' dir='ltr'><strong><em>G</em></strong></span> <span class='ocrx_word' id='word_1_311' title='bbox 693 3799 866 3869; x_wconf 83' lang='lat' dir='ltr'>prima</span> <span class='ocrx_word' id='word_1_312' title='bbox 893 3799 1074 3854; x_wconf 80' lang='lat' dir='ltr'>LM¹b</span> <span class='ocrx_word' id='word_1_313' title='bbox 1215 3801 1440 3873; x_wconf 81' lang='lat' dir='ltr'>flagium</span> <span class='ocrx_word' id='word_1_314' title='bbox 1487 3803 1535 3858; x_wconf 77' lang='lat' dir='ltr'><strong><em>S</em></strong></span> <span class='ocrx_word' id='word_1_315' title='bbox 1674 3803 1705 3856; x_wconf 83' lang='lat'>7</span> <span class='ocrx_word' id='word_1_316' title='bbox 1760 3803 2019 3872; x_wconf 81' lang='lat' dir='ltr'>nullaque</span> <span class='ocrx_word' id='word_1_317' title='bbox 2072 3801 2147 3856; x_wconf 83' lang='lat'>0:</span> <span class='ocrx_word' id='word_1_318' title='bbox 2202 3801 2354 3856; x_wconf 83' lang='lat' dir='ltr'>nulla</span> <span class='ocrx_word' id='word_1_319' title='bbox 2398 3800 2657 3855; x_wconf 82' lang='lat' dir='ltr'>LSMGb</span> 
     </span>
    </p>
   </div>
   <div class='ocr_carea' id='block_1_7' title="bbox 367 3881 2665 4168">
    <p class='ocr_par' dir='ltr' id='par_1_8' title="bbox 367 3881 2665 4168">
     <span class='ocr_line' id='line_1_35' title="bbox 369 3881 2661 3990; baseline 0.001 -24"><span class='ocrx_word' id='word_1_320' title='bbox 369 3915 403 3966; x_wconf 83' lang='grc'><strong>9</strong></span> <span class='ocrx_word' id='word_1_321' title='bbox 439 3911 558 3984; x_wconf 87' lang='lat' dir='ltr'>nec]</span> <span class='ocrx_word' id='word_1_322' title='bbox 595 3930 703 3968; x_wconf 90' lang='lat' dir='ltr'>non</span> <span class='ocrx_word' id='word_1_323' title='bbox 741 3913 774 3967; x_wconf 79' lang='lat' dir='ltr'><em>b</em></span> <span class='ocrx_word' id='word_1_324' title='bbox 939 3915 1008 3970; x_wconf 89' lang='grc'>10</span> <span class='ocrx_word' id='word_1_325' title='bbox 1042 3917 1210 3988; x_wconf 85' lang='lat' dir='ltr'>iusta]</span> <span class='ocrx_word' id='word_1_326' title='bbox 1247 3918 1355 3971; x_wconf 84' lang='lat' dir='ltr'>ista</span> <span class='ocrx_word' id='word_1_327' title='bbox 1397 3917 1446 3972; x_wconf 84' lang='lat'><em>0</em></span> <span class='ocrx_word' id='word_1_328' title='bbox 1564 3920 1631 3982; x_wconf 82' lang='lat'>11</span> <span class='ocrx_word' id='word_1_329' title='bbox 1670 3935 1861 3990; x_wconf 84' lang='lat' dir='ltr'>passus</span> <span class='ocrx_word' id='word_1_330' title='bbox 1898 3917 1985 3971; x_wconf 80' lang='lat' dir='ltr'>Lb</span> <span class='ocrx_word' id='word_1_331' title='bbox 2112 3917 2180 3972; x_wconf 87' lang='lat'>13</span> <span class='ocrx_word' id='word_1_332' title='bbox 2216 3881 2520 3982; x_wconf 48' lang='lat' dir='ltr'>fortunatzs</span> <span class='ocrx_word' id='word_1_333' title='bbox 2560 3914 2661 3970; x_wconf 73' lang='lat' dir='ltr'>SG</span> 
     </span>
     <span class='ocr_line' id='line_1_36' title="bbox 372 4001 2663 4076; baseline 0 -19"><span class='ocrx_word' id='word_1_334' title='bbox 372 4002 437 4057; x_wconf 87' lang='lat'>15</span> <span class='ocrx_word' id='word_1_335' title='bbox 480 4001 928 4072; x_wconf 84' lang='lat' dir='ltr'>repraehensione</span> <span class='ocrx_word' id='word_1_336' title='bbox 973 4003 1028 4058; x_wconf 81' lang='lat' dir='ltr'><em>L</em></span> <span class='ocrx_word' id='word_1_337' title='bbox 1173 4006 1239 4059; x_wconf 86' lang='lat'>17</span> <span class='ocrx_word' id='word_1_338' title='bbox 1287 4007 1523 4062; x_wconf 56' lang='lat' dir='ltr'>sessuiret</span> <span class='ocrx_word' id='word_1_339' title='bbox 1565 4013 1614 4074; x_wconf 87' lang='lat' dir='ltr'>(r</span> <span class='ocrx_word' id='word_1_340' title='bbox 1659 4011 1752 4076; x_wconf 77' lang='lat' dir='ltr'>cr.)</span> <span class='ocrx_word' id='word_1_341' title='bbox 1792 4005 1895 4062; x_wconf 77' lang='lat' dir='ltr'>LS</span> <span class='ocrx_word' id='word_1_342' title='bbox 1934 4007 2165 4075; x_wconf 75' lang='lat' dir='ltr'>seruiret</span> <span class='ocrx_word' id='word_1_343' title='bbox 2204 4005 2334 4060; x_wconf 67' lang='lat'>61³²</span> <span class='ocrx_word' id='word_1_344' title='bbox 2369 4005 2573 4058; x_wconf 85' lang='lat' dir='ltr'>seuiret</span> <span class='ocrx_word' id='word_1_345' title='bbox 2615 4003 2663 4058; x_wconf 81' lang='grc'><em>0</em></span> 
     </span>
     <span class='ocr_line' id='line_1_37' title="bbox 367 4091 2665 4168; baseline -0 -22"><span class='ocrx_word' id='word_1_346' title='bbox 367 4092 649 4152; x_wconf 55' lang='lat' dir='ltr'>seminem</span> <span class='ocrx_word' id='word_1_347' title='bbox 688 4095 846 4158; x_wconf 82' lang='lat' dir='ltr'>(corr.</span> <span class='ocrx_word' id='word_1_348' title='bbox 884 4110 950 4147; x_wconf 79' lang='lat' dir='ltr'>ex</span> <span class='ocrx_word' id='word_1_349' title='bbox 985 4094 1286 4160; x_wconf 71' lang='lat' dir='ltr'>seruirSmr)</span> <span class='ocrx_word' id='word_1_350' title='bbox 1325 4095 1392 4148; x_wconf 87' lang='lat' dir='ltr'><strong><em>M</em></strong></span> <span class='ocrx_word' id='word_1_351' title='bbox 1572 4096 1639 4150; x_wconf 88' lang='lat'>18</span> <span class='ocrx_word' id='word_1_352' title='bbox 1678 4097 1880 4168; x_wconf 79' lang='lat' dir='ltr'>optulit</span> <span class='ocrx_word' id='word_1_353' title='bbox 1922 4095 1971 4150; x_wconf 82' lang='lat'><em>0</em></span> <span class='ocrx_word' id='word_1_354' title='bbox 2143 4095 2214 4149; x_wconf 86' lang='lat'>20</span> <span class='ocrx_word' id='word_1_355' title='bbox 2252 4093 2573 4164; x_wconf 86' lang='lat' dir='ltr'>supplitium</span> <span class='ocrx_word' id='word_1_356' title='bbox 2617 4091 2665 4146; x_wconf 81' lang='grc'><em>0</em></span> 
     </span>
    </p>
   </div>
   <div class='ocr_carea' id='block_1_8' title="bbox 365 4179 2657 4258">
    <p class='ocr_par' dir='ltr' id='par_1_9' title="bbox 365 4179 2657 4258">
     <span class='ocr_line' id='line_1_38' title="bbox 365 4179 2657 4258; baseline 0.001 -25"><span class='ocrx_word' id='word_1_357' title='bbox 365 4179 540 4234; x_wconf 84' lang='lat' dir='ltr'>lucide</span> <span class='ocrx_word' id='word_1_358' title='bbox 577 4179 633 4233; x_wconf 87' lang='lat' dir='ltr'><em>P</em></span> <span class='ocrx_word' id='word_1_359' title='bbox 809 4199 866 4236; x_wconf 84' lang='lat' dir='ltr'>se</span> <span class='ocrx_word' id='word_1_360' title='bbox 893 4188 1026 4251; x_wconf 74' lang='lat' dir='ltr'>post</span> <span class='ocrx_word' id='word_1_361' title='bbox 1061 4199 1159 4236; x_wconf 84' lang='lat' dir='ltr'>sua</span> <span class='ocrx_word' id='word_1_362' title='bbox 1205 4185 1250 4237; x_wconf 74' lang='lat' dir='ltr'>(J</span> <span class='ocrx_word' id='word_1_363' title='bbox 1407 4185 1472 4238; x_wconf 84' lang='lat'>21</span> <span class='ocrx_word' id='word_1_364' title='bbox 1513 4203 1671 4258; x_wconf 68' lang='lat' dir='ltr'>passe</span> <span class='ocrx_word' id='word_1_365' title='bbox 1715 4185 1893 4242; x_wconf 78' lang='lat' dir='ltr'>GSGb</span> <span class='ocrx_word' id='word_1_366' title='bbox 1929 4201 2119 4256; x_wconf 84' lang='lat' dir='ltr'>passae</span> <span class='ocrx_word' id='word_1_367' title='bbox 2157 4184 2336 4244; x_wconf 84' lang='lat' dir='ltr'>LMP</span> <span class='ocrx_word' id='word_1_368' title='bbox 2494 4183 2587 4254; x_wconf 82' lang='lat' dir='ltr'>qui</span> <span class='ocrx_word' id='word_1_369' title='bbox 2624 4182 2657 4236; x_wconf 85' lang='lat' dir='ltr'>b</span> 
     </span>
    </p>
   </div>
   <div class='ocr_carea' id='block_1_9' title="bbox 367 4251 2656 4372">
    <p class='ocr_par' dir='ltr' id='par_1_10' title="bbox 367 4251 2656 4372">
     <span class='ocr_line' id='line_1_39' title="bbox 367 4251 2656 4372; baseline 0.003 -22"><span class='ocrx_word' id='word_1_370' title='bbox 367 4251 496 4365; x_wconf 55' lang='lat' dir='ltr'>(suia</span> <span class='ocrx_word' id='word_1_371' title='bbox 526 4251 636 4350; x_wconf 46' lang='lat' dir='ltr'>nisi</span> <span class='ocrx_word' id='word_1_372' title='bbox 679 4295 728 4348; x_wconf 80' lang='lat' dir='ltr'><em>G</em></span> <span class='ocrx_word' id='word_1_373' title='bbox 867 4298 936 4351; x_wconf 84' lang='lat'>22</span> <span class='ocrx_word' id='word_1_374' title='bbox 971 4297 1298 4370; x_wconf 62' lang='lat' dir='ltr'>principoum</span> <span class='ocrx_word' id='word_1_375' title='bbox 1347 4301 1387 4368; x_wconf 92' lang='lat' dir='ltr'>(i</span> <span class='ocrx_word' id='word_1_376' title='bbox 1434 4304 1528 4368; x_wconf 80' lang='lat' dir='ltr'>er.)</span> <span class='ocrx_word' id='word_1_377' title='bbox 1570 4301 1701 4355; x_wconf 83' lang='lat' dir='ltr'>LM</span> <span class='ocrx_word' id='word_1_378' title='bbox 1736 4301 2057 4372; x_wconf 89' lang='lat' dir='ltr'>principium</span> <span class='ocrx_word' id='word_1_379' title='bbox 2096 4302 2195 4358; x_wconf 75' lang='lat' dir='ltr'>SG</span> <span class='ocrx_word' id='word_1_380' title='bbox 2341 4301 2411 4357; x_wconf 80' lang='lat'>25</span> <span class='ocrx_word' id='word_1_381' title='bbox 2447 4301 2563 4372; x_wconf 81' lang='lat' dir='ltr'>ipse</span> <span class='ocrx_word' id='word_1_382' title='bbox 2601 4299 2656 4356; x_wconf 81' lang='lat' dir='ltr'><em>L</em></span> 
     </span>
    </p>
   </div>
   <div class='ocr_carea' id='block_1_10' title="bbox 365 4385 2181 4460">
    <p class='ocr_par' dir='ltr' id='par_1_11' title="bbox 365 4385 2181 4460">
     <span class='ocr_line' id='line_1_40' title="bbox 365 4385 2181 4460; baseline 0.005 -24"><span class='ocrx_word' id='word_1_383' title='bbox 365 4386 576 4437; x_wconf 84' lang='lat' dir='ltr'>tantum</span> <span class='ocrx_word' id='word_1_384' title='bbox 615 4399 716 4438; x_wconf 86' lang='lat' dir='ltr'>om.</span> <span class='ocrx_word' id='word_1_385' title='bbox 762 4385 809 4438; x_wconf 86' lang='lat' dir='ltr'><em>C</em></span> <span class='ocrx_word' id='word_1_386' title='bbox 947 4403 1245 4457; x_wconf 81' lang='lat' dir='ltr'>perpaessae</span> <span class='ocrx_word' id='word_1_387' title='bbox 1284 4387 1332 4443; x_wconf 78' lang='lat' dir='ltr'><strong><em>S</em></strong></span> <span class='ocrx_word' id='word_1_388' title='bbox 1434 4390 1503 4444; x_wconf 87' lang='grc'>26</span> <span class='ocrx_word' id='word_1_389' title='bbox 1539 4390 1810 4460; x_wconf 85' lang='lat' dir='ltr'>primitus]</span> <span class='ocrx_word' id='word_1_390' title='bbox 1849 4393 2113 4460; x_wconf 84' lang='lat' dir='ltr'>premitur</span> <span class='ocrx_word' id='word_1_391' title='bbox 2150 4391 2181 4445; x_wconf 83' lang='lat' dir='ltr'>b</span> 
     </span>
    </p>
   </div>
  </div>
 </body>
</html>
