3159 4984
873 455 916 508 1.
973 454 1072 507 De
1129 454 1514 508 utilitate
1574 454 1953 508 credendi
2010 455 2233 508 liber.
2652 462 2735 523 23

442 648 770 732 sacrilegio
820 653 1006 731 poeta
1069 647 1426 712 uberrimus
1489 648 1693 711 uideri
1756 649 1963 731 possit
2027 649 2395 714 libidinosas
2456 652 2735 715 cantiun-

440 754 616 818 culas
663 754 981 818 edidisse?

531 862 632 924 18.
685 860 808 925 Sed
855 879 1074 924 reuera
1119 861 1456 924 reuocabat
1503 880 1619 924 uos
1657 865 1844 942 atque
1882 862 2255 943 prohibebat
2304 883 2339 926 a
2379 864 2733 945 quaerendo

437 971 548 1030 aut
584 967 855 1031 alicuius
895 967 1056 1050 legis
1097 967 1337 1031 sanctio
1377 971 1490 1030 aut
1525 967 2002 1032 aduersantium
2050 970 2336 1051 potentia
2374 973 2489 1034 aut
2534 990 2734 1034 sacra-

339 1099 368 1137 5
433 1079 646 1138 torum
691 1091 958 1155 persona
1004 1074 1154 1137 uilis
1202 1075 1314 1137 aut
1359 1073 1526 1136 fama
1571 1073 1775 1156 turpis
1824 1079 1935 1138 aut
2010 1076 2431 1142 institutionis
2482 1077 2732 1142 nouitas

435 1183 546 1243 aut
593 1179 846 1244 occulta
889 1179 1242 1261 professio?
1309 1179 1468 1241 nihil
1532 1179 1757 1243 horum
1824 1183 1945 1244 est.
1994 1181 2203 1244 omnia
2252 1181 2467 1246 diuina
2512 1187 2577 1246 et
2622 1182 2735 1246 hu-

431 1305 618 1348 mana
665 1285 802 1348 iura
839 1285 1216 1367 permittunt
1251 1304 1546 1366 quaerere
1588 1285 1963 1350 catholicam
2004 1287 2221 1354 fidem:
2270 1291 2483 1352 tenere
2523 1291 2735 1352 autem

434 1393 500 1456 et
545 1391 754 1456 colere
801 1409 912 1473 per
959 1391 1310 1454 humanum
1358 1394 1525 1454 certe
1575 1390 1677 1454 ius
1726 1391 1895 1456 licet.
1948 1393 2003 1456 si
2052 1393 2127 1456 de
2176 1394 2391 1458 diuino
2432 1394 2733 1476 quamdiu

435 1517 738 1572 erramus,
787 1497 1096 1560 incertum
1173 1499 1296 1560 est:
1375 1516 1558 1562 nemo
1634 1497 2117 1563 inbecillitatem
2190 1503 2469 1566 nostram
2544 1505 2737 1564 terret

341 1630 398 1668 ιο
435 1604 1244 1684 inimicus—quamquam
1281 1602 1518 1667 ueritas
1558 1607 1747 1684 atque
1788 1604 2033 1669 animae
2074 1606 2249 1669 salus
2288 1606 2343 1670 si
2400 1607 2737 1689 diligenter

435 1708 744 1791 quaesita,
789 1707 900 1772 ubi
966 1707 1288 1772 tutissime
1351 1707 1523 1784 licet,
1573 1709 1835 1772 inuenta
1880 1729 2003 1774 non
2050 1711 2261 1788 fuerit,
2311 1729 2457 1776 cum
2506 1713 2733 1794 quouis

435 1814 797 1880 discrimine
845 1813 1059 1896 quaeri
1108 1813 1336 1878 debeat
1358 1851 1438 1860 —
1475 1814 1759 1878 omnium
1809 1815 2189 1898 dignitatum
2236 1820 2303 1882 et
2344 1820 2735 1900 potestatum

433 1921 666 2005 gradus
689 1921 838 1984 huic
865 1920 1082 1985 diuino
1113 1921 1315 1986 cultui
1345 1920 1758 1986 deuotissime
1788 1921 2170 1997 inseruiunt;
2212 1921 2733 1989 honestissimum

434 2031 534 2092 est
577 2027 902 2111 religionis
961 2047 1188 2092 nomen
1248 2035 1312 2092 et
1355 2028 1953 2110 praeclarissimum.
1995 2029 2147 2111 quid
2190 2029 2435 2114 inpedit
2480 2030 2733 2095 tandem

337 2161 400 2200 ιε»
435 2134 816 2216 perscrutari
862 2136 1050 2216 atque
1100 2133 1414 2199 discutere
1452 2133 1558 2216 pia
1596 2137 1661 2197 et
1708 2134 1930 2198 sedula
1966 2135 2479 2220 inuestigatione.
2520 2140 2731 2200 utrum

439 2240 542 2304 hic
618 2242 719 2304 est
787 2240 968 2316 illud,
1009 2241 1178 2322 quod
1253 2241 1677 2305 sincerissime
1751 2260 1937 2305 nosse
1986 2245 2051 2305 et
2114 2241 2433 2307 custodire
2496 2262 2733 2325 paucos

437 2365 700 2412 necesse
745 2351 862 2425 est,
911 2347 1162 2412 etiarnsi
1210 2348 1493 2412 omnium
1537 2347 1604 2412 in
1651 2348 1717 2412 id
1764 2348 2049 2432 gentium
2088 2349 2387 2414 uoluntas
2426 2348 2733 2432 fauorque

438 2453 800 2536 conspiret?
1596 2515 1601 2520 .

535 2561 636 2623 19.
687 2557 859 2637 Quae
925 2579 1072 2624 cum
1135 2560 1226 2624 ita
1291 2561 1438 2636 sint,
1505 2561 1607 2626 fac
1671 2580 1807 2634 nos,
1874 2566 1949 2624 ut
2012 2561 2159 2636 dixi,
2223 2581 2389 2626 nunc
2460 2562 2735 2644 primum

339 2693 402 2732 zo
437 2684 756 2747 quaerere,
813 2667 1064 2730 cuinam
1119 2665 1410 2750 religioni
1458 2666 1697 2730 animas
1772 2669 2017 2732 nostras
2094 2666 2451 2750 purgandas
2498 2666 2735 2731 instau-

435 2771 792 2854 randasque
838 2773 1184 2840 tradamus,
1233 2773 1454 2856 procul
1501 2772 1693 2838 dubio
1734 2791 1771 2836 a
1808 2773 2122 2837 catholica
2170 2773 2439 2838 ecclesia
2484 2793 2734 2838 sumen-

437 2877 590 2942 dum
656 2878 1002 2942 exordium.
1068 2879 1284 2961 plures
1363 2879 1530 2942 enim
1594 2878 1723 2941 iam
1789 2879 2115 2942 christiani
2191 2881 2359 2950 sunt,
2436 2897 2623 2961 quam
2680 2879 2735 2944 si

433 2984 654 3048 Iudaei
710 2984 1194 3050 simulacrorum
1242 2983 1595 3050 cultoribus
1642 2984 2084 3067 adiungantur.
2134 2983 2475 3048 eorundem
2521 2987 2737 3048 autem

435 3091 922 3156 christianorum
945 3141 960 3166 ,
1047 3110 1192 3154 cum
1277 3090 1406 3154 sint
1479 3090 1772 3154 haereses
1846 3091 2063 3173 plures
2138 3093 2327 3173 atque
2402 3109 2618 3156 omnes
2667 3109 2734 3155 se

333 3225 392 3264 ss
439 3197 790 3262 catholicos
855 3198 1059 3262 uelint
1111 3197 1315 3262 uideri
1371 3197 1655 3278 aliosque
1710 3201 1957 3280 praeter
2022 3216 2090 3264 se
2136 3198 2487 3262 haereticos
2534 3196 2733 3261 nomi-

437 3307 606 3376 nent,
656 3322 782 3368 una
829 3307 930 3368 est
975 3303 1262 3380 ecclesia,
1303 3307 1378 3366 ut
1426 3322 1645 3368 omnes
1694 3303 2083 3368 concedunt:
2164 3305 2218 3369 si
2264 3309 2471 3368 totum
2520 3303 2733 3368 orbem

435 3409 820 3486 consideres,
903 3410 1189 3474 refertior
1269 3409 1719 3481 multitudinez
1804 3415 1879 3473 ut
1948 3414 2163 3476 autem
2238 3410 2345 3494 qui
2420 3412 2734 3474 nonerunt

433 3516 788 3593 adfirmant,
847 3517 1038 3582 etiam
1101 3516 1370 3581 ueritate
1437 3515 1739 3582 sincerior
1805 3517 2032 3581 ceteris
2098 3517 2414 3582 omnibus,
2491 3515 2601 3580 sed
2651 3515 2729 3580 de

431 3623 704 3687 ueritate
776 3623 898 3686 alia
981 3623 1266 3706 quaestio
1343 3625 1460 3686 est.
1541 3622 1711 3704 quod
1775 3627 1989 3687 autem
2056 3622 2503 3707 quaerentibus
2572 3621 2729 3686 satis

331 3761 390 3800 so
435 3733 554 3794 est.
631 3749 757 3793 una
821 3731 922 3794 est
986 3729 1316 3808 catholica,
1395 3728 1499 3794 cui
1560 3729 1853 3794 haereses
1928 3731 2086 3795 aliae
2165 3729 2415 3794 diuersa
2478 3728 2731 3792 nomina

499 4001 554 4054 .3
599 3965 841 4069 reuirep
959 4003 994 4054 4
1030 3963 1244 4066 sacroru
1273 4001 1340 4054 »8²²
1437 4003 1471 4055 5
1509 4000 1863 4072 pei-sonabilis
1899 4001 1983 4056 Ch
2036 4005 2217 4065 farma
2250 4010 2300 4063 (o
2340 4015 2475 4054 corr.
2504 4000 2566 4052 in
2611 4003 2662 4068 a)
2686 3998 2735 4052 S

427 4090 620 4144 nonita
637 4089 720 4143 Ch
783 4089 814 4142 7
834 4089 972 4160 iura]
991 4094 1187 4145 natura
1203 4090 1284 4146 07·
1347 4091 1380 4146 8
1393 4091 1438 4146 si
1458 4089 1548 4161 de]
1567 4091 1681 4144 sine
1695 4089 1741 4144 S
1747 4091 1847 4144 Vm
1912 4092 1977 4144 11
2000 4091 2268 4160 quaesita]
2298 4104 2403 4160 que
2420 4089 2494 4142 sit
2512 4087 2727 4141 auth

429 4179 646 4250 quesita
674 4182 770 4233 aut
787 4178 940 4234 SVm
1054 4180 1120 4234 15
1157 4181 1244 4251 pie
1263 4179 1346 4234 Gla
1457 4181 1522 4234 16
1561 4181 1665 4248 est]
1704 4180 1777 4233 sit
1804 4177 2150 4248 SPpMVmb
2254 4177 2318 4231 17
2355 4176 2615 4281 faborqffe
2649 4173 2729 4230 Ch

433 4293 498 4348 18
538 4293 872 4364 conspiceret
907 4295 960 4348 V
1119 4295 1184 4348 21
1224 4295 1430 4366 procul}
1459 4299 1681 4366 propter
1710 4295 1761 4348 V
1848 4310 1880 4347 a
1916 4311 2018 4348 om.
2053 4293 2141 4346 Oh
2267 4291 2336 4345 25
2371 4288 2733 4354 nominantis&

425 4383 710 4437 nominant
735 4383 810 4436 M
823 4384 856 4436 b
966 4384 1034 4436 27
1071 4383 1324 4438 nouerint
1359 4383 1413 4437 V
1514 4383 1585 4436 30
1622 4387 1707 4436 est
1744 4385 1891 4450 (post
1926 4385 2053 4448 una)
2086 4397 2187 4436 mn.
2226 4381 2279 4434 V
