3159 4984
891 449 934 503 1.
981 450 1082 504 De
1139 450 1521 504 utilitate
1579 447 1959 503 credendi
2011 448 2240 502 liber.
2645 453 2723 515 17

417 641 751 708 contentio
792 646 908 708 est.
941 646 1278 706 accusare?
1319 661 1436 726 ego
1483 641 1739 724 quidem
1769 642 1915 707 illos
1948 641 2122 707 uiros
2149 645 2214 706 et
2242 644 2453 708 omnia
2482 643 2729 708 utiliter

417 748 768 814 memoriae
797 748 1128 812 mandasse
1159 751 1224 812 et
1249 765 1512 832 magnos
1544 767 1617 813 ac
1646 748 1897 813 diuinos
1936 747 2137 814 fuisse
2184 751 2251 813 et
2292 749 2473 813 illam
2516 749 2727 832 legem

422 857 533 920 dei
578 857 761 920 iussu
827 874 898 920 ac
961 855 1293 920 uoluntate
1355 857 1825 939 promulgatam
1876 874 2015 920 esse
2064 858 2130 920 et
2178 856 2493 922 conditam
2541 856 2726 922 credo

421 967 492 1027 et
565 962 650 1038 id,
727 979 1110 1044 quamquam
1181 979 1494 1044 perpauca
1565 961 1703 1025 eius
1777 961 2023 1044 generis
2112 961 2419 1026 librorum
2502 962 2721 1038 sciam,

307 1095 342 1133 5
419 1069 802 1154 persuadere
837 1072 1050 1132 tamen
1079 1069 1264 1132 facile
1310 1087 1593 1151 possum.
1633 1067 1688 1132 si
1714 1067 1873 1131 mihi
1912 1086 2150 1150 aequus
2190 1069 2255 1132 et
2290 1067 2549 1130 minime
2586 1086 2725 1150 per-

297 1199 306 1208 ·
419 1179 594 1241 tinax
635 1176 881 1239 animus
919 1175 1309 1242 adhibeatur.
1359 1179 1546 1258 atque
1579 1174 1647 1239 id
1673 1174 1920 1245 faciam,
1957 1194 2103 1239 cum
2142 1175 2321 1258 copia
2358 1174 2539 1239 nobis
2578 1173 2725 1238 data

419 1282 620 1347 fuerit
689 1282 1128 1346 beniuolarum
1203 1284 1446 1346 aurium
1523 1299 1595 1346 ac
1668 1282 1900 1346 mentis
1974 1284 2151 1356 tuae;
2212 1281 2325 1346 sed
2388 1281 2510 1346 hoc
2577 1299 2723 1345 cum

419 1391 664 1472 potero.
713 1407 880 1452 nunc
947 1390 1160 1452 autem
1225 1405 1430 1452 nonne
1483 1386 1645 1451 mihi
1717 1388 1873 1452 satis
1922 1390 2039 1465 est,
2116 1407 2369 1470 quoquo
2416 1386 2605 1453 modo
2654 1405 2723 1451 se

419 1495 552 1559 ista
595 1514 696 1559 res
743 1494 992 1564 habeat.
1042 1493 1378 1577 deceptum
1423 1512 1545 1559 non
1592 1494 1793 1559 fuisse
1818 1498 1849 1557 ⁴?

315 1573 392 1684 a?
521 1603 624 1666 13.
671 1603 914 1680 Testor,
961 1602 1305 1671 Honorate,
1353 1600 1805 1666 conscientiam
1870 1620 2079 1665 meam
2126 1603 2194 1665 et
2252 1600 2428 1684 puris
2495 1600 2721 1664 animis

419 1709 881 1773 inhabitantem
959 1707 1146 1772 deum
1217 1707 1378 1772 nihil
1441 1727 1543 1771 me
1594 1707 1947 1772 existimare
2014 1707 2409 1790 prudentiuS‚
2460 1707 2719 1774 castius

421 1813 807 1897 religiosius,
847 1832 1036 1895 quam
1075 1816 1226 1877 sunt
1267 1813 1416 1877 illae
1463 1812 1809 1895 scripturae
1856 1831 2103 1889 omne8‚
2154 1831 2311 1894 quas
2356 1814 2723 1878 testamenti

419 1920 660 1984 ueteris
725 1920 974 1984 nomine
1039 1919 1352 1984 catholica
1415 1919 1685 1984 ecclesia
1744 1919 1992 1984 retinet.
2058 1920 2327 1997 mirariS‚
2374 1919 2545 1985 noui.
2596 1939 2718 1984 non

421 2025 594 2090 enim
641 2025 1040 2091 dissimulare
1084 2044 1350 2109 possum
1393 2026 1597 2110 longe*
1630 2026 1813 2092 aliter
1857 2027 2037 2092 nobis
2082 2027 2283 2092 fuisse
2321 2047 2715 2112 persuasum.

313 2169 380 2207 15
425 2131 544 2196 sed
615 2132 772 2198 nihil
845 2135 945 2197 est
1017 2132 1298 2215 profecto
1371 2133 1749 2198 temeritatis
1794 2134 2067 2218 plenius,
2119 2153 2279 2217 quae
2336 2135 2517 2200 nobis
2566 2137 2719 2198 tunc

419 2241 638 2324 pueris
681 2239 901 2314 inerat,
952 2258 1140 2321 quam
1187 2231 1580 2322 quorumque
1624 2239 1931 2305 librorum
1962 2241 2351 2324 expositores
2412 2241 2715 2318 deserere,

421 2347 538 2429 qui
600 2365 708 2412 eos
756 2363 824 2410 se
869 2348 1083 2410 tenere
1130 2363 1204 2410 ac
1251 2345 1579 2429 discipulis
1626 2346 1873 2412 tradere
1938 2367 2125 2430 posse
2190 2347 2585 2432 profitentur,
2654 2349 2719 2410 et

421 2472 642 2518 eorum
691 2453 1068 2517 sententiam
1130 2452 1444 2535 requirere
1511 2453 1591 2517 ab
1656 2453 1775 2530 hie,
1835 2454 1943 2536 qui
1984 2454 2415 2519 conditoribus
2462 2453 2718 2518 illorum

417 2563 612 2642 atque
695 2559 1060 2624 auctoribus
1137 2545 1614 2624 acerbissimum
1692 2561 1907 2625 nescio
1984 2579 2110 2644 qua
2180 2565 2448 2644 cogente
2532 2579 2723 2625 causa

307 2693 376 2732 ιο
417 2666 664 2732 bellum
725 2665 1100 2730 indixerunt.
1149 2665 1292 2748 quis
1358 2666 1526 2730 enim
1588 2666 1711 2731 sibi
1760 2685 2063 2748 umquam
2108 2667 2306 2732 libros
2352 2667 2718 2732 Aristotelis

411 2771 776 2848 reconditos
815 2776 882 2837 et
918 2773 1220 2838 obscuros
1252 2773 1328 2837 ab
1367 2773 1504 2837 eius
1551 2773 1809 2838 inimico
1859 2774 2258 2856 exponendos
2324 2773 2598 2856 putauit,
2646 2776 2722 2837 ut

413 2879 492 2944 de
541 2879 644 2942 his
691 2878 916 2961 loquar
963 2877 1336 2961 disciplinis,
1387 2879 1451 2942 in
1500 2879 1733 2961 quibus
1781 2879 1983 2943 lector
2028 2879 2296 2944 fortasse
2344 2879 2479 2943 sine
2529 2877 2719 2944 sacri—

409 2987 586 3070 legio
630 2985 760 3048 labi
803 2986 1058 3068 potest?
1107 2983 1250 3067 quis
1280 2984 1548 3066 denique
1575 2985 1991 3068 geometricas
2020 2986 2269 3050 litteras
2308 2984 2713 3050 Archimedis

409 3095 628 3177 legere
689 3093 996 3175 magistro
1043 3090 1316 3174 Epicuro
1383 3096 1494 3154 aut
1549 3090 1790 3156 discere
1840 3091 2071 3170 uoluit,
2120 3094 2341 3156 contra
2405 3109 2561 3173 quas
2608 3091 2718 3155 ille

293 3225 360 3265 25
411 3200 693 3264 multum
739 3198 1142 3282 pertinaciter
1187 3197 1345 3262 nihil
1393 3215 1630 3273 earum,
1678 3201 1984 3280 quantum
2014 3197 2300 3275 arbitror,
2338 3197 2716 3282 intellegens

407 3306 806 3371 disserebat?
853 3324 930 3368 an
977 3304 1136 3370 istae
1185 3303 1530 3386 scripturae
1577 3303 1741 3386 legis
1787 3303 2193 3386 planissimae
2232 3306 2404 3380 sunt,
2442 3304 2507 3368 in
2556 3309 2713 3385 quas

408 3413 524 3478 isti
570 3411 752 3495 quasi
789 3411 984 3495 uulgo
1025 3411 1338 3494 expositas
1375 3410 1665 3492 inpetum
1704 3409 1949 3474 faciunt
2002 3409 2237 3474 frustra
2292 3414 2357 3474 et
2404 3409 2716 3474 inaniter?

407 3519 526 3602 qui
583 3518 742 3583 mihi
803 3517 1048 3584 similes
1113 3516 1410 3582 uidentur
1468 3515 1565 3579 illi
1610 3515 2047 3592 mulierculae,
2116 3535 2306 3598 quam
2350 3516 2547 3581 iidem
2592 3516 2717 3598 ipsi

409 3627 626 3691 solent
681 3623 978 3695 deridere,
1037 3641 1196 3706 quae
1255 3623 1435 3700 irata,
1493 3622 1665 3703 quod
1722 3621 1780 3686 ci
1836 3622 1934 3686 sol
1988 3622 2112 3686 iste
2156 3622 2523 3686 laudaretur
2569 3624 2633 3686 et
2678 3641 2715 3686 a

295 3757 366 3797 so
411 3731 782 3798 manichaea
844 3730 1114 3813 quadam
1177 3729 1412 3793 femina
1479 3728 1783 3794 colendus
1832 3728 2394 3804 commendaretur,
2444 3731 2520 3792 ut
2582 3731 2717 3793 erat

407 3838 710 3922 religiose
779 3837 1063 3922 simpleX‚
1114 3837 1361 3901 concita
1445 3835 1666 3900 exiluit
1733 3837 1798 3898 et
1863 3853 2009 3899 eum
2077 3835 2311 3913 locum,
2371 3853 2559 3918 quem
2618 3819 2715 3899 sol

484 4031 520 4084 2
556 4028 836 4083 mandasse
874 4027 1164 4082 memoriae
1201 4026 1255 4080 Υ
1355 4027 1388 4080 4
1425 4023 1481 4078 id
1519 4041 1622 4079 om.
1662 4023 1715 4077 Υ
1816 4025 1850 4079 5
1889 4041 2048 4079 aecus
2083 4023 2165 4080 072
2203 4030 2262 4080 et
2315 4043 2418 4081 οηι.
2440 4025 2541 4079 Vm
2564 4029 2625 4087 (s.
2649 4025 2684 4079 Ζ.
2691 4029 2709 4094 )

403 4150 440 4203 6
481 4145 650 4201 fuerit
676 4143 808 4199 data
842 4131 902 4198 Υ
998 4143 1029 4197 7
1056 4141 1442 4197 beneuolarum
1471 4139 1726 4208 SMPpm
1854 4141 1921 4194 15
1959 4140 2229 4246 pleniusq:
2257 4140 2373 4194 SM
2388 4141 2639 4212 pleniusq
2656 4157 2710 4194 m

401 4264 480 4318 20
517 4259 670 4316 bella
695 4260 774 4313 m²
807 4258 956 4312 bella
996 4256 1045 4309 Υ
1145 4257 1287 4312 enim
1314 4273 1416 4312 om.
1444 4271 1498 4308 m
1605 4255 1773 4326 inqua
1790 4253 1897 4308 sibi
1920 4255 1967 4309 S
2034 4255 2104 4310 30
2122 4213 2362 4311 machine
2392 4273 2425 4309 a
2428 4255 2623 4326 ‚quada
2640 4257 2711 4326 12²

397 4381 472 4434 31
517 4376 750 4432 exiliunt
775 4373 850 4427 M
881 4374 1088 4440 exiluet
1120 4375 1190 4442 (ir
1229 4391 1260 4428 a
1295 4391 1366 4428 m.
1405 4369 1459 4438 ⁸2)
1493 4368 1581 4423 Ch
1620 4369 1831 4424 exiliuit
1864 4370 1961 4424 Vm

509 4501 654 4543 xxv.
686 4499 760 4540 Αιι
731 4511 805 4550 ιι.ς
939 4500 1015 4539 ..c
2353 4475 2387 4528 2
