3159 4984
957 435 1049 488 VI.
1098 434 1391 489 Contra
1446 409 1818 487 Faustum
1876 433 2004 492 lib.
2063 434 2180 487 ΧΠ.
2559 436 2686 498 365

400 647 725 693 mensuras
774 629 910 692 eius
960 631 1070 692 aut
1123 629 1293 711 ipsas
1354 628 1761 712 potissimum
1819 627 1956 691 fieri·
2012 630 2124 691 aut
2181 628 2371 691 etiam
2435 628 2688 711 scriptis

400 736 477 799 ad
512 736 884 819 religionem
920 734 1278 816 posteritati
1314 734 1734 819 propagandis
1775 735 2305 800 commemorari?
2347 734 2402 799 si
2430 736 2687 817 propter

400 861 598 926 genus
642 842 1057 924 reparandum
1104 843 1399 906 animalia
1443 843 1684 907 includi
1732 844 2078 926 oportebat,
2137 843 2289 925 quid
2339 862 2496 926 opus
2548 846 2684 907 erat

397 949 507 1013 illo
544 949 950 1032 potissimum
988 968 1247 1013 numero
1287 953 1551 1032 septena
1589 949 1664 1013 de
1702 948 1980 1027 mundiS,
2011 950 2160 1013 bina
2199 950 2274 1013 de
2313 949 2682 1013 inmundis?

336 1083 361 1120 5
402 1056 645 1121 aditum
710 1056 788 1121 ad
856 1074 1065 1119 arcam
1129 1055 1264 1120 fieri
1320 1056 1669 1121 necessitas
1725 1056 1946 1138 utique
2005 1057 2309 1139 cogebat;
2377 1056 2442 1119 in
2488 1056 2686 1120 latere

399 1167 611 1227 autem
657 1163 792 1230 fieri
836 1163 941 1227 uel
990 1163 1181 1225 etiam
1229 1164 1567 1229 memoriae
1618 1162 2043 1227 commendari
2089 1182 2200 1245 per
2244 1163 2491 1226 litteras
2531 1163 2682 1244 quid

400 1271 715 1354 cogebat?
763 1270 1090 1334 immolare
1130 1270 1333 1333 filium
1372 1269 1629 1333 iubetur
1662 1270 2018 1333 Abraham:
2058 1270 2272 1335 iussus
2313 1270 2433 1333 hoc
2470 1270 2682 1344 fuerit,

398 1379 473 1441 ut
518 1376 653 1441 eius
701 1375 1101 1441 oboedientia
1143 1375 1260 1439 tali
1307 1376 1499 1439 etiam
1546 1376 1826 1440 examine
1873 1376 2138 1458 probata
2182 1376 2456 1459 posteris
2511 1376 2686 1440 inno-

398 1486 702 1559 tesceret3
752 1482 1230 1547 conuenientius
1276 1482 1453 1566 ligna
1497 1483 1849 1565 portauerit
1892 1483 2085 1557 filius,
2134 1503 2211 1547 ne
2250 1486 2430 1567 pater
2467 1502 2682 1556 senex-

308 1616 361 1655 1⁰
401 1609 519 1673 que
547 1592 850 1673 portaret3
892 1608 1012 1653 non
1054 1588 1139 1652 sit
1175 1591 1395 1671 postea
1436 1588 1640 1651 filium
1677 1588 1861 1653 ferire
1899 1589 2270 1671 permissuS,
2303 1608 2380 1653 ne
2413 1588 2682 1653 orbitate

400 1695 777 1779 grauissima
823 1713 889 1759 se
936 1694 1184 1757 feriret:
1244 1693 1551 1775 numquid
1599 1694 1848 1759 etiamsi
1893 1695 2071 1759 nullo
2122 1695 2323 1759 effuso
2371 1695 2678 1779 sanguine

400 1800 725 1876 rediretur,
781 1800 993 1864 minus
1051 1803 1223 1863 esset
1275 1799 1578 1882 probatus
1626 1800 1994 1864 Abraham?
2061 1804 2173 1864 aut
2229 1802 2285 1865 si
2340 1802 2464 1864 iam
2523 1820 2684 1883 opus

402 1910 534 1971 erat
592 1907 807 1991 perfici
872 1905 1271 1984 sacrificium,
1339 1906 1635 1983 etiamne,
1693 1910 1766 1970 ut
1819 1906 1930 1970 ille
1994 1908 2156 1971 aries
2212 1908 2277 1971 in
2335 1926 2526 1990 uepre
2576 1908 2679 1971 ad-

400 2016 658 2078 haerens
724 2013 1020 2079 cornibus
1087 2012 1430 2095 adpareret,
1490 2012 1567 2076 ad
1624 2014 1831 2077 ullum
1899 2016 2318 2097 augmentum
2382 2014 2684 2077 uictimae

312 2148 363 2186 ιε,
399 2121 799 2204 pertinebat?
868 2121 960 2184 sic
1019 2121 1229 2184 omnia
1286 2139 1429 2183 cum
1492 2120 1968 2183 considerantur
2024 2124 2088 2184 et
2143 2121 2323 2203 quasi
2370 2122 2689 2204 superflua

402 2227 769 2293 necessariis
818 2229 1107 2292 contexta
1151 2227 1579 2300 inueniuntur,
1621 2227 1960 2291 admonent
1996 2228 2344 2291 humanum
2383 2228 2683 2304 animum,

402 2333 466 2397 id
531 2337 631 2399 est
690 2334 971 2398 animum
1034 2333 1407 2398 rationalem
1471 2333 1646 2416 prius
1711 2332 1953 2415 aliquid
2018 2333 2393 2417 significare,
2461 2334 2686 2398 deinde

405 2441 553 2523 quid
600 2441 957 2525 significent
1004 2460 1317 2522 quaerere.

492 2550 595 2613 39.
644 2548 863 2630 Itaque
904 2540 1093 2611 etiam
1133 2546 1256 2629 ipsi
1292 2547 1530 2623 Iudaei,
1570 2548 1679 2628 qui
1721 2546 2064 2624 Christum,
2105 2548 2287 2611 cuius
2325 2549 2712 2629 passionem.

316 2678 369 2716 20
401 2674 516 2719 nos
562 2655 962 2739 agnouimus,
1009 2653 1103 2717 illi
1146 2653 1451 2730 derident,
1490 2654 1718 2719 nolunt
1751 2654 1989 2719 talibus
2028 2674 2236 2719 rerum
2277 2674 2397 2718 non
2435 2657 2686 2718 tantum

402 2761 731 2836 dictarum,
808 2760 921 2825 sed
995 2760 1185 2823 etiam
1252 2763 1577 2843 gestarum
1643 2760 1863 2843 figuris
1927 2762 2396 2843 praeuntiatum
2463 2761 2682 2832 uideri,

358 2860 716 2952 'coguntur
758 2868 939 2933 nobis
989 2867 1215 2945 dicere,
1258 2866 1411 2949 quid·
1454 2868 1568 2931 illa
1615 2868 2010 2951 significent:
2061 2884 2221 2948 quae
2271 2866 2393 2930 nisi
2444 2866 2682 2948 aliquid

402 2974 749 3059 significare
808 2974 1183 3051 concedunt,
1242 2978 1373 3037 tam
1433 2974 1685 3038 diuinae
1741 2973 2139 3038 auctoritatis
2201 2974 2398 3038 libros
2453 2974 2536 3040 ab
2593 2973 2684 3036 in-

402 3084 687 3164 eptarum
730 3081 1088 3146 fabularum
1137 3081 1483 3164 ignominia
1527 3100 1650 3145 non
1701 3080 2066 3144 defendunt.
2116 3080 2282 3144 uidit
2330 3080 2448 3143 hoc
2495 3078 2680 3143 Philo

319 3208 371 3247 25
402 3186 675 3269 quidam,
722 3187 821 3251 uir
864 3187 1211 3252 liberaliter
1255 3187 1726 3253 eruditissimus
1773 3206 1938 3251 unus
1984 3188 2263 3258 illorum,
2327 3187 2508 3251 cuius
2559 3187 2683 3251 elo-

400 3294 617 3376 quium
667 3293 891 3359 Graeci
935 3295 1189 3360 Platoni
1246 3314 1515 3377 aequare
1575 3313 1696 3358 non
1754 3293 2065 3371 dubitant,
2134 3297 2198 3357 et
2264 3298 2528 3359 conatus
2588 3298 2690 3358 est

399 3401 609 3483 aliqua
662 3401 1060 3485 interpretari
1116 3421 1239 3489 non
1296 3402 1375 3465 ad
1423 3400 1741 3466 Christum
1801 3401 2320 3485 intellegendum,
2375 3401 2440 3465 in
2498 3422 2688 3485 quem

400 3526 517 3570 11011
570 3507 936 3585 crediderat,
978 3508 1090 3573 sed
1138 3511 1212 3572 ut
1256 3508 1401 3573 inde
1438 3509 1646 3591 magis
1686 3508 2028 3591 adpareret,
2070 3512 2376 3591 quantum
2414 3508 2686 3577 intersit.

573 3700 605 3751 6
645 3698 709 3752 cf.
749 3698 881 3753 Gen.
921 3700 971 3762 6,
1015 3702 1104 3761 14;
1147 3702 1194 3765 7,
1234 3700 1265 3753 3
1380 3702 1441 3753 14
1484 3699 1549 3755 cf.
1591 3698 1723 3754 Gen.
1763 3699 1832 3753 22

467 3816 495 3867 1
533 3815 678 3884 ipsas
718 3817 807 3881 (ex
840 3815 860 3868 i
896 3832 964 3869 m.
1004 3818 1043 3867 2
1068 3817 1177 3882 fec.
1218 3816 1269 3881 a)
1311 3813 1361 3865 L
1488 3819 1519 3869 5
1559 3816 1774 3870 archam
1815 3816 1860 3869 C
1895 3800 2109 3885 archam
2147 3817 2194 3872 S
2315 3818 2348 3871 6
2386 3818 2572 3872 literas
2620 3819 2679 3870 (3¹

397 3908 423 3958 ῑ
460 3901 727 3957 immolari
762 3904 793 3956 b
936 3906 971 3957 8
1010 3902 1319 3957 obedientia
1356 3902 1401 3955 C
1566 3906 1770 3973 poteris
1815 3904 1874 3957 0¹
2019 3908 2082 3959 11
2137 3906 2337 3959 offenso
2379 3904 2686 3969 L'S'P'G,

396 3992 475 4058 (in
509 4009 609 4061 my.
648 3992 837 4051 effuso)
876 3993 947 4045 M
1054 3993 1117 4045 13
1156 3992 1468 4045 sacrifitium
1509 3992 1553 4045 (J
1693 3993 1954 4048 adherens
1987 3995 2031 4048 C
2177 3996 2242 4048 14
2283 3995 2528 4049 carnibus
2560 3993 2683 4048 S¹G

398 4083 461 4137 16
499 4086 748 4137 contexta
787 4084 834 4151 (t
872 4088 1001 4135 ante
1038 4099 1070 4135 a
1106 4098 1149 4135 ε.
1192 4083 1248 4148 Ζ.)
1293 4081 1336 4134 C
1470 4084 1532 4136 17
1572 4083 1630 4135 id
1670 4084 1769 4152 est]
1811 4081 1898 4136 uel
1938 4083 1968 4136 b
2116 4088 2199 4137 est
2239 4086 2312 4139 (st
2351 4101 2388 4136 a
2425 4101 2493 4137 m.
2533 4087 2592 4149 2)
2633 4084 2686 4135 L

394 4172 461 4225 22
482 4188 513 4225 a
532 4171 689 4226 nobis
709 4172 785 4225 Cb
912 4171 1039 4242 nisi]
1060 4171 1215 4225 nobis
1237 4172 1268 4223 b
1377 4172 1444 4223 23
1466 4171 1598 4241 tam]
1621 4174 1680 4224 tn
1703 4172 1733 4224 b
1843 4172 1911 4225 24
1933 4174 2021 4225 filo
2047 4173 2266 4227 LSMG
2289 4171 2503 4243 quidam
2524 4172 2614 4225 filo
2643 4176 2664 4219 (
2669 4177 2686 4222 1'

394 4262 458 4313 25
489 4277 671 4314 eorum
689 4260 776 4315 Lb
886 4261 954 4313 26
985 4259 1131 4329 greci
1150 4261 1230 4313 L(
1246 4260 1355 4313 'SG
1498 4259 1754 4314 dubitant
1783 4262 1836 4331 (n
1865 4278 1908 4315 8.
1941 4262 1998 4315 ΖΛ
2021 4264 2071 4315 J.
2181 4263 2246 4314 27
2278 4262 2560 4330 111101Ῑ111111
2580 4262 2687 4313 L(-'

393 4349 460 4401 28
489 4353 551 4401 ut
589 4366 691 4404 om.
732 4349 763 4401 b
