3159 4984
1028 436 1116 489 VI.
1155 435 1442 491 Contra
1491 438 1854 490 Faustum
1913 434 2042 489 lib.
2099 434 2249 489 xm.
2622 437 2746 501 391

460 634 826 716 apostolum
866 632 943 697 de
982 631 1402 714 quibusdam:
1450 634 1762 715 propter
1807 632 1946 697 hoc
1983 629 2309 696 tradidit
2342 630 2526 695 illos
2568 629 2751 693 deus

462 742 534 805 in
602 739 1308 822 concupiscentiam
1384 738 1634 803 cordis
1701 757 1956 803 eorum
2018 740 2143 802 uel
2206 737 2277 801 in
2352 736 2750 821 reprobum

464 866 798 917 sensum,
865 850 949 909 ut
1013 845 1327 923 faciant,
1394 864 1580 927 quae
1649 863 1788 909 non
1857 834 2349 921 conueniunt,
2425 843 2752 908 uolentem

465 953 793 1019 ostendere
861 953 1169 1035 quaedam
1234 954 1497 1036 peccata
1550 951 1894 1016 manifesta
1952 970 2025 1015 ex
2079 969 2284 1033 poena
2338 950 2555 1014 uenire
2601 969 2751 1032 quo-

398 1078 425 1116 5
462 1060 728 1124 rundam
794 1060 1215 1134 occultorum,
1283 1060 1397 1124 sed
1460 1078 1577 1123 nec
1639 1058 1817 1141 ipsos
1882 1057 2004 1121 hoc
2065 1058 2348 1122 tacuisse
2412 1057 2752 1140 prophetas

464 1166 1062 1231 demonstraremus,
1130 1186 1299 1234 nam.
1366 1186 1443 1230 ne
1506 1184 1770 1248 pergam
1831 1165 2110 1248 longius,
2167 1164 2338 1228 idem
2394 1164 2751 1229 Hieremias

465 1293 535 1337 eo
576 1274 717 1356 ipso
756 1274 918 1347 loco,
959 1272 1075 1337 ubi
1112 1274 1239 1336 ait:
1289 1276 1362 1335 et
1397 1271 1614 1337 homo
1657 1274 1790 1339 est.
1833 1274 1907 1335 et
1943 1272 2114 1353 quis
2155 1272 2507 1355 agnoscit
2545 1274 2750 1335 eum?

462 1378 538 1444 'ne
605 1380 789 1461 quasi
854 1380 975 1444 hoc
1030 1380 1171 1462 ipso
1230 1379 1512 1444 excusati
1570 1384 1786 1443 essent
1841 1378 2082 1456 Iudaei,
2141 1379 2290 1460 quia
2344 1398 2466 1443 non
2524 1397 2751 1463 cogno-

464 1488 693 1550 uerunt
734 1524 817 1533 ——
863 1486 925 1549 si
956 1486 1149 1565 enim
1182 1486 1750 1570 cognouissent,
1784 1487 1952 1551 sicut
1981 1486 2310 1569 apostolus
2343 1485 2516 1562 dicit,
2555 1504 2751 1549 num-

374 1611 424 1649 10
464 1613 677 1677 quam
745 1592 1123 1658 dominum
1191 1592 1483 1677 gloriae
1552 1592 2134 1658 crucifixissent
2196 1630 2278 1639 --
2334 1592 2623 1674 sequitur
2688 1595 2754 1655 et

463 1700 745 1765 ostendit
810 1700 1049 1764 occulti
1118 1720 1334 1763 eorum
1398 1700 1613 1763 meriti
1677 1699 1896 1777 fuisse,
1963 1703 2038 1764 ut
2093 1718 2216 1764 non
2275 1701 2748 1782 cognoscerent.

462 1806 553 1870 ait
599 1806 806 1873 enim:
877 1826 1013 1890 ego
1075 1806 1421 1871 dominus
1480 1805 1960 1890 interrogans
2017 1805 2242 1871 corda
2298 1808 2371 1869 et
2425 1806 2749 1889 probans

461 1932 695 1990 reneS‚
756 1916 840 1976 ut
894 1912 1054 1977 dem
1110 1912 1525 1995 unicuique
1586 1912 1996 1977 secundum
2057 1912 2256 1976 uiam
2315 1911 2478 1976 eius
2529 1914 2602 1975 et
2648 1929 2748 1975 se-

464 2020 783 2084 cundum
830 2019 1163 2085 fructum
1214 2019 1641 2083 studiorum
1691 2020 1872 2084 eius.

372 2144 423 2182 15
553 2128 655 2189 12.
723 2126 917 2191 Porro
976 2127 1031 2191 si
1087 2127 1206 2191 hoc
1263 2126 1522 2210 gentilis
1578 2127 1690 2190 ille
1745 2128 2127 2202 moueretur,
2188 2145 2298 2190 cur
2353 2126 2546 2188 etiam
2603 2124 2746 2208 ipsi,

463 2234 569 2315 qui
627 2235 1029 2318 appellantur
1083 2234 1437 2306 christiani,
1494 2234 1559 2297 in
1619 2235 1855 2297 multas
1912 2233 2209 2297 haereses
2264 2232 2600 2314 uariasque
2657 2231 2748 2296 di-

461 2338 746 2415 scedunt,
796 2359 997 2421 neque
1044 2340 1164 2404 hoc
1214 2360 1250 2403 a
1296 2339 1622 2422 prophetis
1669 2338 1976 2403 Hebraeis
2032 2338 2550 2421 praetermissum
2606 2356 2748 2401 esse

461 2444 851 2511 doceremus.
918 2449 1243 2529 tamquam
1310 2447 1478 2511 enim
1544 2449 1718 2510 esset
1783 2464 2197 2528 consequenS‚
2255 2446 2329 2508 ut
2373 2442 2747 2536 Iudaeis-'in

460 2572 575 2617 sua
622 2553 929 2617 caecitate
978 2552 1427 2619 demonstratis
1470 2553 1595 2621 hoc
1643 2553 1741 2616 illi
1796 2552 2048 2617 ueniret
2098 2552 2165 2616 in
2220 2554 2520 2626 mentem,
2578 2550 2748 2632 quod

366 2674 422 2713 2⁰
459 2659 647 2722 etiam
695 2660 883 2723 multi
932 2660 1050 2723 sub
1088 2660 1343 2724 nomine
1384 2660 1728 2724 christiano
1769 2660 1846 2722 ab
1883 2659 2022 2742 ipsa
2062 2657 2403 2723 christiana
2440 2656 2744 2721 societate

457 2764 804 2840 domarent,
860 2764 997 2847 ipse
1053 2765 1411 2829 Hieremias
1469 2765 1655 2828 uelut
1720 2761 2151 2828 catechizandi
2216 2762 2499 2827 ordinem
2561 2761 2744 2828 nobis

454 2871 781 2936 insinuans
814 2872 1113 2937 continuo
1155 2872 1455 2937 subiecit:
1496 2871 1865 2935 clamauit
1899 2869 2178 2954 perdiX‚
2222 2868 2741 2953 congregauit‚

455 2996 639 3058 quae
696 2996 839 3041 non
896 2977 1215 3061 peperit,
1272 2976 1565 3041 faciens
1625 2975 1946 3039 diuitias
2005 2993 2180 3039 suas
2240 2992 2381 3038 non
2429 2991 2592 3037 cum
2639 2973 2742 3037 iu-

454 3083 670 3149 dicio.
736 3084 953 3166 perdix
1020 3084 1209 3161 enim,
1260 3083 1447 3147 nimis
1515 3082 1983 3147 contentiosum
2031 3080 2284 3157 animal,
2343 3082 2566 3145 notum
2623 3082 2740 3157 est,

362 3204 417 3243 2⁶
454 3194 690 3271 quanta
734 3191 1041 3255 auiditate
1097 3190 1302 3272 ipsius
1362 3188 1787 3254 contentionis
1846 3190 2058 3255 currat
2111 3187 2175 3250 in
2231 3188 2550 3269 laqueum.
2617 3205 2742 3249 non

452 3296 613 3359 enim
683 3296 1007 3379 disputare
1073 3300 1287 3360 amant
1342 3294 1663 3372 haeretici,
1729 3294 1840 3359 sed
1899 3312 2150 3377 quoquo
2207 3293 2394 3358 modo
2445 3312 2740 3375 superare

626 3508 654 3558 l
712 3506 865 3560 Rom.
927 3508 973 3572 1,
1030 3508 1099 3559 24
1144 3506 1261 3559 ,28
1466 3505 1495 3556 7
1552 3504 1618 3557 cf.
1676 3503 1825 3557 Hier.
1877 3503 1958 3562 17,
2010 3502 2042 3554 9
2242 3502 2274 3553 9
2329 3500 2358 3553 1
2415 3498 2534 3555 Cor.
2593 3500 2640 3555 2.
2702 3500 2734 3553 8

448 3596 511 3647 1.ι
550 3594 695 3650 Hier.
737 3597 820 3653 17.
863 3598 929 3651 10

522 3739 545 3790 1
575 3738 686 3793 illis
706 3738 830 3793 S¹G
977 3738 1109 3793 deus
1138 3754 1239 3793 om.
1269 3738 1322 3790 L
1430 3736 1462 3789 2
1494 3734 2031 3805 concupiscensstiam
2063 3733 2119 3804 (d
2151 3750 2220 3788 er.
2253 3738 2302 3786 et
2330 3732 2412 3785 tia
2437 3732 2500 3785 in
2523 3734 2659 3798 ras.)
2693 3730 2740 3785 S

443 3827 921 3897 concupiscendam
972 3827 1025 3881 G
1204 3827 1235 3879 3
1286 3823 1613 3889 conueniant
1666 3823 1713 3876 0
1888 3821 1922 3874 4
1968 3838 2108 3891 pena
2160 3820 2207 3874 G
2349 3836 2574 3890 quorum
2613 3818 2736 3875 8¹6

442 3916 474 3968 6
509 3916 641 3969 item
683 3917 713 3969 b
887 3917 917 3969 7
958 3918 1219 3985 agnoscet
1261 3914 1337 3968 Ob
1508 3913 1541 3965 8
1578 3912 1680 3965 hoc
1721 3910 1875 3981 quasi
1911 3909 2014 3963 hoc
2050 3910 2169 3980 ipso
2217 3909 2262 3963 C
2441 3908 2506 3961 13
2544 3924 2733 3961 secvn-

439 4003 566 4058 dum
626 4010 681 4072 (v
734 4022 855 4075 sup.
914 4024 943 4071 o
1004 4022 1041 4057 a
1096 4007 1268 4071 m.·1)
1328 4002 1403 4056 M·
1607 4001 1670 4052 16
1728 4000 1802 4069 in]
1859 4000 1923 4066 ut
1979 3999 2034 4051 in
2093 3998 2138 4051 S
2357 3996 2572 4050 hereses
2630 3995 2738 4049 LO

443 4093 507 4147 18
564 4096 705 4149 enim
760 4110 862 4149 om.
916 4091 1015 4147 SG
1163 4108 1277 4145 esse
1326 4091 1491 4144 L¹M¹
1603 4090 1671 4142 19
1710 4088 1937 4141 cecitate
2001 4086 2048 4139 G
2169 4087 2235 4138 21
2275 4083 2609 4139 catacizandi
2655 4083 2731 4136 L¹

438 4182 767 4237 catezizandi
807 4184 951 4237 821st
989 4180 1358 4236 cathezizandi
1399 4179 1455 4250 (h
1492 4195 1533 4235 8.
1575 4178 1632 4247 l.)
1671 4177 1740 4230 M
1777 4174 2107 4231 catecizandi
2150 4174 2250 4228 OG
2421 4172 2490 4226 23
2528 4172 2726 4225 iudicio

440 4272 512 4336 (io
551 4288 616 4325 er
652 4288 718 4325 oo
760 4289 795 4325 a
832 4288 900 4325 m.
939 4274 988 4339 1)
1037 4268 1084 4323 0
1189 4270 1255 4322 25
1295 4270 1503 4339 quantu
1530 4266 1577 4321 S
1720 4264 1985 4319 contionis
2014 4263 2160 4316 IAM
2267 4262 2334 4314 26
2371 4260 2596 4315 heretici
2624 4259 2733 4314 LO

436 4378 540 4430 quo
580 4358 731 4413 L¹M
870 4361 1125 4430 superent
1164 4362 1281 4426 (ent
1313 4358 1375 4409 in
1410 4356 1546 4422 raa.)
1588 4354 1663 4407 M
