3159 4984
949 494 1041 549 vl.
1102 495 1390 549 Contra
1445 496 1818 549 Faustum
1873 495 2004 549 lib.
2062 496 2210 549 XIII.
2575 497 2728 561 377,

416 692 763 781 euangelio
814 710 931 757 suo
996 692 1455 775 praedicarunt,
1518 693 1690 757 sicut
1743 692 1840 756 illi
1898 711 2014 757 sua
2068 692 2400 776 prophetia
2454 692 2707 756 futuros

419 798 741 881 apostolos
788 799 1249 881 praedixerunt,
1298 804 1373 864 ut
1420 801 1698 866 clament
1744 801 1822 864 ad
1871 818 1939 865 se
1993 801 2266 865 inuicem
2333 800 2457 864 duo
2515 800 2708 863 testa-

418 907 651 983 menta,
693 906 862 971 sicut
900 906 1023 972 duo
1066 908 1419 990 seraphimt
1470 909 1806 984 sanctus,
1857 911 2185 973 sanctus,
2238 911 2546 973 sanctus
2595 906 2709 971 do-

418 1013 667 1077 minus
708 1014 889 1078 deus
928 1013 1266 1078 sabaoth.
1318 1034 1463 1079 cum
1500 1034 1654 1080 uero
1696 1016 1974 1099 coeperit
2008 1016 2286 1080 Faustus
2324 1012 2709 1097 patriarchas

356 1139 367 1159 ⁸
424 1122 489 1183 et
532 1120 872 1203 prophetas
922 1140 1043 1186 non
1094 1122 1371 1205 generali
1410 1123 1600 1204 atque
1637 1122 1966 1186 indefinita
1999 1122 2505 1204 reprehensione,
2545 1118 2714 1184 sicut

418 1227 522 1291 hic
568 1227 742 1299 fecit,
792 1228 903 1292 sed
958 1229 1208 1312 proprie
1265 1229 1433 1294 facta
1490 1247 1709 1295 eorum
1767 1228 2315 1294 commemorando
2375 1225 2709 1291 criminari.

424 1333 753 1399 adiuuabit
797 1355 899 1400 me
949 1336 1243 1401 dominus
1294 1336 1453 1401 deus
1503 1356 1742 1411 eorum,
1801 1337 1908 1419 qui
1966 1340 2066 1401 est
2121 1336 2310 1400 etiam
2357 1337 2590 1404 noster,
2637 1338 2714 1395 ut

424 1440 501 1505 ad
550 1442 807 1526 singula
854 1445 1273 1527 congruenter
1318 1446 1590 1527 apteque
1638 1444 2070 1527 respondeam.
2138 1462 2304 1506 nunc
2361 1460 2510 1506 uero
2566 1440 2713 1504 illos

422 1549 710 1615 homines
738 1550 1019 1615 Faustus
1050 1550 1461 1616 Manichacus
1500 1552 1840 1635 uituperat.
1870 1552 2110 1615 Paulus
2143 1553 2353 1615 autem
2387 1548 2715 1633 apostolus

337 1669 387 1705 ¹⁰
421 1655 677 1731 laudat:
728 1657 925 1740 eligat
970 1660 1259 1740 quisque.
1311 1659 1412 1723 cui
1461 1658 1692 1722 credat.

1102 1950 1315 2003 LIBER
1358 1950 1661 2004 TERTIUS
1699 1948 2035 2005 DECIMUS.

522 2062 577 2123 1.
652 2061 980 2129 FAUSTUS
1040 2059 1233 2123 dixit:
1309 2057 1640 2138 Quomodo
1709 2058 2031 2123 Christum
2101 2058 2312 2124 colitis
2377 2060 2714 2142 prophetas

426 2167 848 2251 repudiantes,
899 2186 1167 2249 quorum
1216 2187 1287 2231 ex
1332 2168 1684 2251 praesagiis
1741 2168 2051 2250 accipitur
2101 2168 2302 2231 fuisse
2355 2170 2716 2230 uenturus?

430 2274 751 2339 Christum
800 2273 1055 2355 quidem
1102 2276 1413 2339 nostrum.
1470 2273 1536 2337 id
1587 2279 1684 2338 est
1730 2274 1932 2338 filium
1983 2274 2082 2339 dei
2127 2274 2555 2339 Hebraeorum
2609 2274 2715 2337 ali-

340 2402 392 2439 15
428 2401 586 2464 quos
654 2382 1061 2448 adnuntiasee
1127 2382 1467 2465 prophetas
1533 2382 1748 2447 nescio
1817 2400 1892 2445 an
1959 2384 2222 2464 probare
2289 2382 2432 2463 quis
2488 2382 2716 2465 possit,

433 2508 575 2553 cum
622 2508 724 2553 res
772 2490 1048 2573 coeperit
1096 2488 1450 2553 examinari.
1517 2492 1956 2553 uerumtameu
2007 2489 2196 2553 etiam
2245 2488 2302 2552 si
2347 2488 2466 2554 hoc
2513 2488 2605 2553 ita
2651 2506 2718 2552 se

431 2597 679 2671 habeat,
737 2597 888 2680 quid
944 2596 1023 2660 ad
1078 2600 1245 2659 nos?
1309 2596 1457 2660 illos
1510 2600 1726 2660 manet
1783 2596 1936 2659 haec
1990 2596 2413 2678 reprehensio,
2482 2597 2590 2677 qui
2647 2616 2720 2660 ex

430 2704 743 2769 iudaismo
788 2705 950 2771 forte
998 2702 1076 2766 ad
1124 2702 1666 2767 christianismum
1713 2704 2005 2770 conuersi
2051 2704 2169 2768 sub
2217 2701 2599 2772 testimonis.
2647 2708 2722 2767 ut

431 2811 745 2893 perhibes,
794 2812 1242 2894 prophetarum
1290 2814 1514 2893 postea
1559 2811 1952 2894 neglexerint
1997 2830 2104 2876 eos
2152 2816 2225 2875 ut
2271 2810 2720 2875 beneficiorum

342 2934 399 2971 2⁰
434 2916 683 3001 ingrati.
732 2936 917 2999 porro
966 2920 1181 2981 autem
1228 2937 1343 2981 nos
1389 2920 1615 2982 natura
1661 2918 1930 3000 gentiles
1979 2937 2222 2985 sumne.
2273 2918 2336 2982 id
2385 2920 2505 2984 est.
2555 2918 2722 3000 quod

432 3025 673 3089 Paulus
722 3024 1125 3107 praeputium
1172 3027 1381 3090 uocat.
1431 3023 1551 3088 sub
1601 3023 1724 3087 alia
1770 3025 1901 3087 nati
1946 3025 2087 3108 lege
2145 3030 2209 3087 et
2262 3024 2722 3107 praefatoribus

433 3131 595 3207 aliis,
638 3150 797 3213 quos
838 3132 1163 3215 gentilitas
1202 3134 1385 3195 uates
1426 3132 1722 3213 appellat.
1762 3134 1952 3211 atque
1993 3150 2062 3195 ex
2101 3131 2199 3195 his
2238 3135 2461 3214 postea
2499 3152 2722 3196 sumus

436 3238 515 3301 ad
564 3238 1101 3303 christianismum
1153 3238 1461 3308 conuersi,
1510 3256 1634 3303 non
1683 3241 1826 3301 ante
1867 3238 2075 3302 effecti
2109 3238 2348 3309 Iudaei,
2387 3242 2462 3302 ut
2497 3238 2723 3303 merito

434 3344 893 3410 Hebraicorum
942 3346 1389 3428 prophetarum
1440 3364 1850 3427 sequeremur
1901 3345 2093 3409 fidem
2150 3348 2373 3411 euntes
2430 3346 2509 3409 ad
2565 3345 2722 3409 chri-

344 3468 398 3506 25
438 3451 861 3516 stianismum.
911 3453 1019 3515 sed
1072 3452 1207 3515 sola
1256 3452 1441 3516 exciti
1486 3452 1660 3515 fama
1707 3457 1770 3515 et
1815 3453 2128 3516 uirtutum
2189 3452 2480 3535 opinione
2537 3458 2725 3535 atque

614 3643 645 3695 3
683 3643 785 3727 Ee..
812 3644 860 3697 6.
902 3642 933 3695 3
1044 3645 1107 3695 21
1152 3644 1217 3697 cf.
1258 3644 1453 3713 Ephes,
1494 3646 1543 3704 2,
1589 3646 1646 3696 11

506 3786 540 3838 2
575 3783 920 3855 predixerunt
964 3780 1010 3837 0
1046 3784 1311 3853 pdixerint
1348 3784 1378 3837 b
1489 3786 1521 3840 3
1561 3784 1844 3855 seraphym
1886 3786 1930 3839 S
1963 3788 2155 3840 serafin
2193 3788 2316 3841 ΕΜ
2351 3790 2602 3859 seraphin
2648 3790 2725 3841 Cb

437 3878 471 3927 4
508 3874 713 3946 ceperit
755 3874 801 3927 0
932 3876 965 3925 6
1002 3876 1249 3943 propriae
1290 3874 1335 3927 S
1368 3874 1552 3943 ppriae
1593 3874 1722 3927 LM
1860 3876 1890 3927 ‘7
1931 3874 2215 3932 adiuuauit
2257 3876 2306 3931 G
2346 3876 2630 3932 adiuuabit
2670 3878 2724 3933 (b

437 3980 569 4019 corr.
609 3980 675 4017 ev
712 3966 767 4029 u)
809 3963 921 4018 SM
1066 3962 1195 4015 deus
1237 3968 1299 4031 (a.
1342 3964 1373 4015 l.
1414 3980 1481 4015 m.
1520 3968 1570 4031 1)
1618 3964 1666 4017 C
1770 3964 1804 4017 9
1838 3965 2148 4019 manicheus
2194 3966 2293 4020 GL

514 4052 576 4104 12
609 4068 729 4121 cap.
748 4052 926 4106 XXVI
948 4052 1220 4106 LPSMG-
1333 4054 1397 4105 16
1431 4054 1474 4105 si
1502 4052 1604 4105 hoc
1634 4054 1796 4106 etiam
1835 4052 1882 4106 0
1986 4072 2042 4108 se
2072 4071 2172 4110 om.
2201 4054 2248 4107 0
2355 4057 2419 4108 17
2437 4055 2670 4115 habefflt
2687 4056 2732 4109 C

435 4142 791 4211 1·cpraehensio
822 4142 875 4195 L
1023 4144 1090 4197 18
1119 4142 1418 4195 iudaeismo
1451 4142 1501 4194 L
1647 4143 1784 4196 forte
1817 4146 1884 4209 (8.
1918 4144 1952 4197 l.
1982 4162 2048 4197 m.
2079 4148 2135 4205 1)
2157 4143 2210 4196 L
2345 4145 2724 4213 xpianis-mum

441 4238 455 4278 f
465 4232 481 4284 i
517 4233 611 4298 er.)
652 4230 803 4285 SPG
840 4294 846 4299 ,
932 4232 998 4285 19
1036 4232 1409 4302 negglexerint
1454 4232 1499 4285 G
1639 4232 2012 4287 benefitiorum
2059 4234 2104 4286 O
2227 4234 2291 4286 21
2333 4234 2640 4303 preputium
2687 4236 2732 4288 ζ’

438 4322 507 4375 23
560 4321 947 4390 ῷὶειηίεηιῐηυιη
1009 4321 1047 4387 (i
1105 4324 1197 4387 er.)
1240 4320 1286 4374 S
1424 4323 1491 4375 24
1527 4322 1909 4376 hebraeicorum
1951 4322 2001 4374 L
2147 4322 2526 4392 prophetarum
2571 4326 2650 4381 (et
2685 4341 2726 4379 s,

438 4408 497 4479 1.)
544 4413 587 4461 (J
731 4410 1183 4463 christianismum
1225 4414 1311 4480 (ex
1350 4411 1873 4466 christianissimum
1914 4412 1960 4465 S
2063 4414 2130 4463 :25
2170 4411 2476 4481 opinionem
2517 4413 2568 4465 L
