3159 4984
469 439 598 501 666
1169 435 1222 488 S.
1279 435 1554 489 Aureli
1612 415 2056 504 Augustini·

469 631 532 694 in
582 629 914 708 seruando,
966 633 1300 694 strenuum
1344 631 1410 694 in
1460 631 1847 713 exequendo,
1880 631 1943 694 in
1990 631 2266 715 regendo
2322 631 2561 714 populo
2608 630 2779 714 uigi-

467 739 727 814 lantem,
782 737 846 801 in
907 736 1277 820 corrigendo
1339 737 1806 813 uehementem,
1862 737 1927 801 in
1986 737 2253 802 amando
2314 737 2660 802 ardentem.
2710 737 2781 800 in

468 843 841 908 sustinendo
907 843 1279 926 patientem,
1347 844 1456 925 qui
1518 863 1630 926 pro
1699 844 1813 917 eis,
1880 843 2113 926 quibus
2178 843 2471 927 praefuit,
2529 843 2648 908 deo
2708 861 2785 906 se

467 950 848 1034 interposuit
895 950 1276 1028 consulenti,
1327 951 1631 1034 obposuit
1674 951 2012 1015 irascenti:
2078 951 2249 1014 hunc
2304 949 2519 1032 itaque
2580 949 2785 1012 talem

470 1076 543 1122 ac
597 1059 848 1121 tantum
903 1056 1136 1132 uirum,
1196 1057 1366 1122 absit
1422 1076 1456 1120 a
1513 1057 1718 1134 nobiS,
1774 1060 1850 1122 ut
1905 1077 1977 1122 ex
2030 1057 2342 1122 maledico
2390 1055 2614 1120 Fausti
2670 1073 2785 1120 ore
2850 1080 2879 1118 5

468 1177 832 1247 pensemus,
881 1163 996 1227 sed
1042 1183 1114 1228 ex
1163 1183 1267 1228 ore
1313 1164 1501 1246 plane
1547 1163 1831 1228 ueredici
1879 1163 1999 1239 dei,
2060 1163 2169 1245 qui
2216 1163 2527 1228 ueraciter
2570 1161 2785 1228 homi-

468 1290 649 1348 nem,
717 1290 906 1352 quem
969 1269 1242 1346 fecerat,
1309 1273 1613 1348 nouerat,
1679 1271 2193 1353 quandoquidem
2259 1270 2449 1335 etiam
2512 1273 2789 1354 peccata

467 1376 818 1443 hominum.
877 1396 1038 1459 quae
1100 1377 1238 1460 ipse
1298 1397 1422 1442 non
1485 1377 1661 1456 facit,
1711 1382 1776 1442 et
1838 1377 1901 1441 in
1968 1377 2388 1442 diffitentibus
2451 1381 2527 1442 ut
2588 1377 2788 1442 iudex

469 1484 763 1568 agnoscit
807 1488 872 1548 et
916 1485 981 1548 in
1033 1484 1484 1549 confitentibus
1529 1488 1609 1548 ut
1652 1489 1833 1568 pater
1876 1485 2170 1569 ignoscit.
2238 1504 2310 1549 ex
2368 1503 2471 1550 ore
2518 1485 2787 1550 omnino

470 1592 607 1656 eius
654 1592 924 1674 Moysen
973 1611 1230 1656 seruum
1279 1591 1416 1656 eius
1465 1593 1529 1655 et
1575 1611 1865 1656 amamus
1913 1595 1978 1656 et
2022 1591 2409 1656 admiramur
2462 1595 2527 1656 et
2581 1611 2789 1674 quan·
2838 1583 2915 1649 ια’

469 1701 608 1762 tum
655 1717 1001 1781 possumus
1047 1698 1395 1767 imitamur,
1446 1717 1593 1762 cum
1641 1699 1846 1764 simus
1900 1699 2092 1783 longe
2147 1698 2325 1764 illius
2380 1699 2626 1764 meritis
2686 1700 2789 1762 in-

468 1805 748 1882 ferioreS,
801 1805 992 1869 etiam
1041 1804 1217 1870 nullo
1265 1805 1585 1889 Aegyptio
1631 1806 1740 1870 uel
1788 1805 2000 1870 occiso
2048 1808 2165 1871 uel,
2203 1807 2538 1888 expoliato,
2596 1807 2787 1871 nullo

468 1913 637 1976 bello
696 1915 901 1995 gesto,
962 1931 1231 1994 quorum
1285 1912 1396 1976 ille
1453 1912 1629 1976 aliud
1682 1912 1883 1976 futuri
1934 1912 2147 1977 indole
2214 1912 2583 1981 defensoris.
2652 1914 2791 1976 alia

466 2018 744 2102 inposito
791 2018 1057 2101 imperio
1107 2019 1208 2083 dei
1253 2019 1425 2083 fecit.

563 2126 665 2189 70.
715 2125 804 2189 Ut
847 2125 1102 2189 interim
1152 2125 1463 2204 omittam,
1514 2125 1683 2208 quod
1722 2145 1867 2190 cum
1901 2125 2329 2210 percussisset
2362 2125 2789 2209 Aegyptium,
2840 2147 2891 2185 1⁵

470 2249 852 2313 quamquam
907 2229 1006 2293 illi
1063 2231 1221 2295 deus
1279 2250 1404 2296 non
1458 2231 1873 2313 praeceperit,
1928 2230 1995 2295 in
2049 2249 2321 2313 persona
2372 2233 2589 2294 tamen
2632 2249 2789 2313 pro-

468 2336 726 2420 phetica
771 2335 850 2400 ad
897 2336 1019 2401 hoc
1071 2336 1381 2402 diuinitus
1427 2336 1564 2401 fieri
1607 2337 1993 2422 permissum
2040 2341 2158 2412 est,
2206 2342 2282 2401 ut
2324 2337 2613 2401 futurum
2664 2338 2791 2400 ali-

470 2443 623 2526 quid
667 2443 1122 2527 praesignaret,
1169 2443 1339 2508 unde
1387 2463 1555 2508 nunc
1602 2463 1728 2508 non
1775 2463 1915 2528 ago,
1974 2443 2089 2509 sed
2146 2443 2401 2510 omnino
2446 2447 2787 2526 tamquam

468 2550 630 2614 nihil
676 2550 1176 2634 significauerint
1221 2550 1390 2614 facta
1434 2550 1548 2613 illa
1596 2550 1871 2616 discutio
1918 2551 2336 2633 consultaque
2370 2551 2483 2614 illa
2520 2553 2791 2616 aeterna

460 2657 604 2741 lege
651 2657 894 2740 reperio
943 2675 1066 2720 non
1117 2657 1415 2721 debuisse
1460 2656 1787 2722 hominem
1834 2659 1912 2722 ab
1958 2657 2093 2736 illo,
2152 2657 2263 2740 qui
2318 2657 2561 2722 nullam
2611 2657 2789 2722 ordi·
2830 2679 2895 2718 20

463 2766 678 2828 natam
733 2765 1124 2847 potestatem
1181 2764 1462 2848 gerebat,
1530 2763 1825 2845 quamuis
1880 2763 2257 2829 iniuriosum
2318 2766 2383 2828 et
2434 2763 2785 2846 inprobum

465 2870 692 2936 occidi.
779 2875 1223 2935 uerumtamen
1273 2870 1517 2934 animae
1563 2870 1829 2936 uirtutis
1877 2889 2143 2954 capaces
2188 2890 2262 2936 ac
2306 2869 2549 2934 fertiles
2595 2889 2785 2953 prae-

459 2979 726 3043 mittunt
789 2996 978 3062 saepe
1043 2978 1222 3053 uitia,
1292 2977 1524 3060 quibus
1583 2978 1705 3043 hoc
1758 2978 1975 3062 ipsum
2027 2978 2330 3054 indicent,
2388 2977 2493 3042 cui
2546 2978 2785 3042 uirtuti

464 3085 594 3150 sint
637 3085 1048 3169 potissimum
1095 3084 1638 3162 adcommodatae,
1680 3085 1735 3150 si
1780 3084 2019 3150 fuerint
2060 3083 2415 3168 praeceptis
2464 3084 2781 3148 excultae.

461 3191 632 3255 sicut
670 3190 836 3255 enim
879 3194 942 3255 et
980 3191 1292 3276 agricolae
1333 3211 1522 3274 quam
1578 3195 1811 3256 terram
1848 3190 2130 3256 uiderint
2162 3189 2455 3274 quamuis
2483 3189 2779 3259 inutiles,
2832 3211 2893 3248 ες

646 3399 712 3452 15
751 3397 816 3452 cf.
855 3399 950 3454 Ex.
987 3399 1041 3464 2,
1081 3401 1150 3454 12

533 3549 558 3602 1
600 3549 657 3601 in
686 3553 816 3602 ante
851 3565 1004 3620 exeq.
1033 3565 1076 3604 ε.
1109 3549 1146 3605 l.
1175 3567 1244 3604 m.
1274 3549 1308 3602 2
1342 3549 1394 3604 G
1603 3550 1659 3604 in
1700 3569 1743 3606 s.
1775 3552 1811 3604 l.
1840 3568 1910 3605 m.
1940 3553 1973 3604 2
2000 3551 2055 3604 L
2271 3551 2304 3604 2
2336 3549 2663 3620 corregendo
2692 3549 2777 3603 Ι)

463 3635 872 3690 uehaementem
908 3635 984 3690 M
1125 3637 1354 3692 amando
1393 3637 1484 3708 (do
1520 3654 1564 3692 a.
1606 3639 1642 3693 l.
1678 3655 1801 3708 sup.
1842 3655 1963 3708 exp.
2000 3643 2139 3706 tem)
2186 3639 2235 3692 C
2373 3640 2409 3691 4
2452 3641 2667 3692 tantum
2710 3657 2779 3694 ac

454 3725 622 3779 talem
666 3725 713 3778 0
833 3727 866 3779 5
904 3725 1191 3780 maledicto
1229 3725 1320 3779 Μι
1436 3728 1470 3781 6
1507 3726 1734 3782 ueridici
1771 3726 2023 3782 L²SMG
2140 3729 2171 3780 7
2212 3725 2648 3798 quandoquidem
2692 3731 2777 3792 (m

457 3831 500 3868 ε.
539 3815 574 3868 1.
613 3813 743 3868 add.
780 3829 849 3870 m.
887 3816 942 3882 2)
973 3813 1030 3868 L
1174 3816 1210 3870 8
1247 3815 1378 3870 fecit
1413 3817 1500 3871 Lb
1648 3815 2029 3872 diffidentibus
2075 3816 2131 3882 (d
2165 3833 2289 3886 sup.
2325 3819 2353 3880 t
2386 3831 2651 3885 superscr.
2700 3833 2777 3870 m-

453 3905 508 3968 2)
547 3903 603 3957 L
711 3903 776 3957 13
815 3903 976 3958 aliam
1015 3903 1090 3957 L¹
1163 3906 1231 3958 14
1271 3905 1524 3976 imposito
1553 3905 1633 3959 L²
1706 3907 1775 3961 15
1810 3907 2078 3976 percussit
2105 3905 2154 3961 S
2292 3905 2607 3976 aegyptium
2646 3907 2689 3970 (i
2728 3923 2778 3960 8.

455 3994 489 4048 Ζ.
531 4011 568 4046 α
603 4009 674 4049 m.
712 3995 762 4060 Ῑ)
807 3993 856 4047 C
893 4025 902 4032 ·
994 3995 1064 4047 16
1109 3994 1436 4064 praeciperit
1473 3993 1643 4048 ΒΜ*
1690 3994 2027 4066 praeciperet
2061 3993 2095 4048 b
2244 3993 2561 4064 prophetica
2598 3994 2668 4064 (ti
2706 3996 2777 4048 in

452 4081 588 4146 ras.)
625 4081 681 4135 L
895 4083 962 4136 17
1012 4081 1188 4137 adhuc
1236 4083 1268 4137 b
1488 4083 1559 4138 20
1605 4083 1853 4154 repperio
1890 4083 1969 4137 L2
2162 4082 2291 4153 quia
2327 4082 2385 4147 S,
2426 4084 2480 4154 (a
2524 4099 2569 4137 s.
2608 4083 2669 4136 1.)
2716 4083 2777 4138 G

453 4171 606 4224 nulla
651 4173 742 4239 (as
791 4171 922 4227 add.
959 4190 1030 4226 m.
1069 4172 1124 4240 2)
1164 4171 1219 4225 L
1399 4173 1470 4226 22
1516 4171 1728 4226 animae
1776 4172 1861 4240 (ae
1900 4187 2085 4240 paene
2129 4172 2314 4238 enan.)
2369 4169 2419 4225 0
2556 4171 2777 4226 fertile·

453 4260 726 4330 praemitt.
765 4261 850 4322 (in
887 4277 986 4330 my.
1025 4259 1096 4315 al.
1135 4260 1330 4316 ferales
1366 4260 1712 4331 permittunt)
1752 4261 1784 4314 b
1894 4261 1967 4314 24
2005 4260 2283 4330 exculptae
2334 4263 2481 4328 (exp.
2516 4276 2586 4314 m.
2626 4261 2679 4322 2)
2722 4263 2783 4316 L

453 4346 732 4416 exculpate
754 4347 852 4402 SG
883 4349 1128 4418 exculpte
1149 4349 1180 4401 b
1256 4351 1325 4402 25
1366 4349 1529 4418 sicut]
1571 4350 1648 4402 sic
1675 4348 1897 4404 CSGM
2005 4347 2185 4418 quam]
2219 4356 2283 4402 cu
2308 4349 2357 4403 0
2458 4347 2657 4402 inutile
2688 4347 2783 4404 La
