3159 4984
910 487 1746 570 vrcontraPaus'tum
1799 516 1929 570 lib.
1968 515 2141 572 xxn.
2520 520 2647 584 657

349 709 521 772 sicut
566 707 862 774 dominus
911 709 1068 774 dicit
1121 729 1298 786 „non
1345 711 1492 774 iam
1541 710 1705 787 duo,
1747 711 1877 776 sed
1924 730 2067 776 una
2116 717 2320 777 caro“
2370 715 2486 783 est,
2528 731 2651 776 non

350 816 534 880 aliter
577 835 776 880 nurus
825 819 924 882 est
961 816 1324 901 deputanda
1361 836 1552 900 quam
1590 818 1721 881 filia
1757 855 1847 864 -
1882 821 2095 882 tamen
2136 837 2302 898 eum,
2342 821 2653 901 quantum

349 923 414 986 in
470 921 609 1006 ipso
669 925 822 999 erat,
883 921 1248 988 deformiter
1305 943 1452 989 cum
1504 925 1836 989 meretn'ce
1897 925 2165 989 cubasse
2210 943 2335 990 non
2383 923 2651 988 dubium

351 1032 468 1094 est.
537 1031 604 1093 at
656 1028 790 1108 illa,
851 1049 1010 1112 quae
1068 1049 1360 1096 socerum
1416 1031 1666 1108 fefellit,
1725 1047 1847 1096 non
1907 1031 2110 1096 carnis
2169 1031 2305 1096 eius
2352 1032 2649 1114 concupi-

283 1159 310 1198 5
352 1135 595 1202 scentia
659 1156 775 1202 nec
829 1137 1223 1202 meretriciae
1279 1137 1589 1203 mercedis
1646 1137 1993 1220 cupiditate
2046 1137 2360 1221 peccauit,
2418 1137 2531 1202 sed
2584 1159 2655 1204 ex

349 1243 490 1326 ipso
539 1245 848 1328 sanguine
894 1244 1139 1327 prolem
1185 1244 1532 1326 requirenS,
1590 1264 1663 1309 ex
1710 1263 1833 1325 quo
1882 1244 2129 1310 duobus
2174 1243 2302 1308 iam
2346 1243 2649 1309 fratribus

351 1354 550 1434 nupta
593 1351 781 1416 tertio
831 1370 1082 1434 quoque
1132 1351 1443 1435 denegato
1490 1352 1723 1416 habere
1770 1371 1892 1417 non
1939 1351 2171 1434 potuit,
2218 1351 2381 1434 patri
2430 1371 2648 1416 eorum

353 1476 567 1523 socero
615 1477 732 1523 suo
781 1458 1110 1522 fetandum
1158 1477 1387 1542 corpus
1433 1458 1653 1523 fraude
1700 1457 1976 1523 subiecit
2017 1457 2278 1541 pignore
2336 1456 2647 1521 mercedis

352 1566 646 1654 accept0,
683 1563 852 1648 quod
897 1583 1024 1629 non
1071 1564 1151 1628 ad
1197 1566 1657 1640 ornamentum,
1708 1562 1819 1628 sed
1856 1563 1935 1626 ad
1970 1564 2413 1629 testimonium
2451 1582 2650 1628 reser-

262 1683 314 1722 10
355 1672 554 1736 uauit.
621 1671 853 1736 melius
917 1671 1174 1754 quidem
1241 1673 1376 1738 sine
1443 1673 1593 1738 filiis
1654 1675 2007 1737 remaneret
2071 1689 2263 1754 quam
2320 1671 2453 1736 sine
2514 1669 2649 1735 iure

353 1778 742 1844 matrimonii
787 1781 994 1844 mater
1037 1779 1249 1854 fieret;
1294 1780 1487 1864 longe
1533 1782 1748 1843 tamen
1784 1779 1909 1843 alia
1943 1777 2294 1842 intentione
2330 1775 2648 1860 peccauit,

350 1883 518 1966 quod
591 1885 742 1951 filiis
818 1887 952 1951 suis
1025 1889 1270 1968 patrem
1342 1885 1623 1969 prouidit
1694 1904 2013 1951 socerum·
2062 1903 2273 1963 suum,
2338 1902 2528 1967 quam
2597 1883 2653 1948 si

353 2010 497 2056 eum
546 1992 671 2058 sibi
718 1993 1127 2077 concupisset
1173 1992 1554 2058 adulterum.
1607 1993 1875 2076 denique
1922 2012 2067 2058 cum
2110 1991 2293 2057 iussu
2332 1991 2469 2056 eius
2508 2011 2649 2075 pro-

351 2097 688 2163 duceretur
733 2099 812 2164 ad
857 2103 1128 2164 mortem
1177 2101 1241 2164 et
1285 2101 1554 2184 uirgam,
1603 2101 1837 2166 monile
1884 2101 2074 2182 atque
2124 2100 2391 2163 anulum·
2431 2101 2649 2182 protu-

261 2217 313 2260 15
347 2204 535 2269 lisset
581 2204 798 2271 dicens
847 2207 923 2270 ab
973 2226 1044 2271 eo
1095 2226 1162 2271 se
1211 2206 1630 2290 grauidatam,
1688 2206 1869 2272 cuius
1922 2206 2188 2290 pignora
2240 2205 2353 2269 illa
2410 2207 2645 2282 essent,

350 2311 457 2376 ubi
525 2331 616 2389 ea,
684 2331 843 2395 quae
911 2313 1188 2390 dederat,
1254 2313 1364 2376 ille
1433 2313 1755 2397 cognouit,
1819 2312 2013 2376 istam
2070 2311 2276 2395 magis
2334 2329 2531 2395 quam,
2584 2330 2651 2375 se

351 2418 760 2484 iustificatam
833 2438 972 2484 esse
1038 2419 1402 2502 respondit,
1470 2419 1641 2502 quod
1706 2419 1764 2482 ei
1826 2419 2028 2482 filium
2094 2437 2284 2483 suum
2347 2418 2653 2482 maritum

351 2524 730 2611 coniungere
804 2525 1155 2605 noluisset,
1233 2545 1358 2608 qua
1432 2525 1848 2592 destitutione
1914 2526 2220 2609 conpulsa
2282 2525 2397 2590 illo
2460 2525 2654 2589 modo

347 2633 562 2712 potius
611 2652 799 2714 quam
845 2633 1023 2698 nullo
1069 2632 1258 2699 modo
1337 2632 1779 2716 posteritatem
1834 2651 1956 2696 non
2014 2632 2267 2697 aliunde
2326 2651 2516 2715 quam
2577 2632 2653 2695 ab

261 2749 314 2790 20
353 2739 574 2804 eadem
623 2739 820 2822 stirpe
869 2739 1285 2823 conquireret.
1345 2739 1409 2804 in
1459 2759 1585 2822 qua
1629 2739 1947 2804 sententia
1988 2758 2113 2803 non
2162 2757 2301 2804 eam
2345 2739 2650 2803 iustifica-

352 2848 505 2926 tam,
555 2847 668 2912 sed
717 2866 856 2910 eam
902 2846 1106 2930 magis
1155 2865 1345 2929 quam
1418 2865 1484 2911 se
1531 2845 1939 2910 iustificatam
2000 2845 2216 2910 dicens
2273 2864 2389 2910 nec
2440 2844 2647 2928 ipsam

349 2952 660 3033 laudauit,
710 2953 824 3017 sed
868 2953 933 3017 in
982 2952 1083 3018 sui
1139 2953 1587 3036 conparatione
1642 2951 2027 3034 praeposuit,
2089 2950 2474 3016 desiderium
2528 2951 2653 3017 sci-

347 3059 504 3123 licet
556 3060 880 3125 habendae
934 3059 1152 3143 prolis,
1212 3071 1337 3142 quo
1395 3059 1591 3124 duct-a
1643 3058 1757 3144 illa
1812 3078 1880 3124 se
1935 3077 2153 3124 socero
2203 3058 2651 3141 subposuerat,

348 3165 562 3231 minus
613 3167 874 3249 culpans
923 3185 1112 3248 quam
1157 3165 1483 3232 libidinosi
1530 3165 1909 3231 concubitus
1966 3165 2272 3246 ardorem,
2329 3185 2454 3248 quo
2513 3165 2650 3249 ipse

262 3286 316 3327 ²⁵
351 3274 533 3338 uelut
589 3273 668 3337 ad
722 3272 1122 3337 meretricem
1178 3273 1392 3338 uictus
1447 3271 1834 3337 intrauerat:
1900 3273 2069 3338 sicut
2123 3271 2505 3355 quibusdam
2564 3272 2653 3336 di-

352 3379 552 3444 citur:
609 3378 1123 3444 iustificastis
1173 3378 1591 3458 Sodomam,
1638 3377 1705 3442 id
1750 3380 1852 3444 est
1894 3381 2145 3444 tantum
2191 3379 2531 3463 peccastis,
2582 3382 2656 3444 ut

349 3486 536 3551 uobis
596 3486 873 3552 Sodoma
937 3489 1274 3571 conparata
1338 3487 1510 3552 iusta
1570 3485 1885 3552 uideatur.
1953 3503 2335 3568 quamquam
2404 3485 2657 3551 etiamsi

353 3593 508 3658 haec
554 3594 787 3658 mulier
831 3613 955 3659 non
1001 3594 1066 3658 in
1112 3593 1345 3678 peioris
1394 3593 1549 3659 facti
1596 3593 2043 3676 conparatione
2100 3592 2312 3658 minus
2374 3593 2656 3675 culpata,

355 3699 465 3764 sed
514 3700 766 3766 omnino
816 3721 852 3765 a
899 3720 1130 3767 socero.
1166 3701 1426 3765 laudata
1460 3700 1879 3785 intellegatur
1918 3737 1991 3746 —
2036 3717 2195 3782 quae
2244 3702 2456 3764 tamen
2510 3716 2655 3763 con-

531 3918 554 3972 1
597 3918 793 3972 Matth.
835 3919 916 3981 19,
957 3917 990 3970 6
1101 3918 1170 3971 26
1209 3917 1402 3972 Ezech.
1445 3917 1525 3980 16,
1566 3917 1635 3970 52

419 4070 454 4121 4
491 4068 559 4123 ad
595 4070 672 4124 L¹
855 4069 1054 4124 fefellit
1093 4071 1182 4136 (m.
1221 4071 1262 4123 2
1297 4085 1432 4124 corr.
1471 4083 1538 4122 ex
1574 4067 1797 4134 refellit)
1839 4066 1887 4121 S
1928 4066 2130 4121 refellit
2171 4065 2224 4121 G·
2406 4065 2440 4119 5
2475 4081 2652 4118 mere-

349 4157 536 4212 triciae
577 4157 620 4228 (i
654 4173 755 4212 see.
792 4175 834 4214 s.
876 4159 934 4226 l.)
973 4155 1022 4212 S
1151 4158 1184 4212 8
1222 4157 1501 4228 fetandum
1539 4157 1587 4213 S
1720 4158 1785 4212 10
1824 4173 2095 4211 remanere
2134 4155 2185 4210 L
2334 4171 2495 4225 quam
2534 4155 2652 4211 sine

349 4263 451 4304 om.
497 4248 545 4303 G
757 4249 825 4303 13
864 4247 1202 4304 concubisset
1238 4247 1314 4303 12²
1495 4247 1881 4318 produceretur
1920 4249 2077 4312 (corr.
2120 4261 2186 4300 m.
2224 4249 2257 4300 1
2292 4259 2359 4300 ex
2395 4242 2653 4315 procede-

349 4339 516 4408 retur)
563 4339 611 4394 G
713 4341 782 4395 15
818 4341 1044 4412 pignera
1082 4339 1284 4396 SGMb
1399 4341 1464 4396 17
1504 4340 1856 4394 iustificatum
1893 4339 2005 4392 L¹b
2116 4338 2185 4392 20
2226 4339 2394 4410 stirpe
2435 4337 2475 4406 (i
2515 4353 2649 4394 corr.

350 4447 416 4484 01,-
451 4431 506 4501 y)
546 4428 600 4482 L
708 4431 778 4484 25
816 4429 886 4485 ad
921 4445 964 4486 s.
1007 4431 1041 4486 l.
1082 4429 1128 4485 S
1266 4431 1496 4486 intrauit
1540 4431 1589 4484 C'

453 4555 590 4596 XXV.
621 4553 740 4604 Aug.
771 4559 881 4596 sect.
911 4555 950 4596 6.
2506 4497 2577 4552 42
