3159 4984
540 436 669 498 306
1237 428 1289 481 S.
1348 426 1623 480 Aureli
1679 426 2106 495 Augustini

540 631 759 712 gratus
799 648 924 705 ero,
965 628 1022 693 si
1056 646 1159 691 me
1195 627 1364 691 ultro
1405 626 1696 692 addixero
1736 626 2085 692 seruituti?
2133 626 2367 709 quippe
2403 626 2642 689 Paulus
2680 626 2825 689 inde

544 735 803 801 Galatas
852 736 1083 819 arguit,
1131 734 1300 818 quod
1345 734 1411 799 in
1460 732 2011 799 circumcisionem
2057 733 2413 797 relabentes
2459 732 2536 797 ad
2582 731 2830 797 infirma

538 842 912 925 repedarent
959 844 1025 905 et
1070 841 1661 925 egena-elementa,
1718 839 1949 921 quibus
2007 839 2212 904 denuo
2271 839 2508 903 seruire
2565 839 2827 903 uellent.

541 950 857 1031 quomodo
908 968 1053 1033 ergo
1101 948 1166 1012 id
1214 968 1331 1031 ego
1378 947 1733 1022 admittam,
1780 947 1845 1010 in
1894 964 2018 1028 quo
2067 946 2265 1010 alium
2318 945 2572 1010 uideam
2627 965 2826 1029 repre-

538 1055 780 1120 hendi‘?
827 1057 1012 1138 turpe
1060 1057 1162 1119 est
1205 1053 1406 1119 redire
1452 1054 1519 1117 in
1566 1052 1965 1130 seruitutem,
2015 1052 2127 1117 sed
2172 1052 2424 1135 turpius
2470 1052 2580 1117 ire.
2889 1066 2916 1106 ⁵

633 1165 692 1225 2.
776 1163 1241 1233 AUGUSTINUS
1313 1159 1676 1244 respondit:
1760 1160 1894 1223 Iam
1979 1158 2236 1242 quidem
2310 1158 2466 1225 satis
2541 1160 2832 1242 superius

549 1269 967 1345 ostendimus,
1016 1288 1207 1352 quare
1255 1270 1321 1332 et
1365 1267 1681 1349 quomodo
1729 1270 2059 1331 teneamus
2109 1266 2552 1332 auctoritatem
2597 1267 2833 1331 ueteris

541 1377 909 1440 testamenti
982 1396 1107 1441 non
1174 1375 1253 1439 ad
1315 1374 1610 1438 Iudaicae
1677 1373 2007 1439 seruitutis
2069 1373 2514 1448 imitationem,
2580 1372 2692 1437 sed
2755 1373 2835 1437 ad

545 1482 926 1547 christianae
991 1480 1304 1569 libertatis
1368 1479 1905 1545 testificationem.
1984 1498 2189 1561 neque
2256 1478 2421 1543 enim
2483 1497 2653 1557 mea,
2723 1480 2836 1545 sed

545 1590 817 1671 apostoli
847 1608 970 1675 11011
999 1592 1127 1653 est:
1168 1587 1346 1670 quia
1382 1586 1630 1652 omnia
1666 1586 1850 1650 haec
1886 1586 1957 1649 in
1995 1585 2248 1669 figura
2285 1586 2838 1671 contingebant
2869 1600 2922 1638 1⁰

542 1694 738 1771 illis3
808 1696 1099 1778 scripta
1154 1698 1407 1758 autem
1466 1695 1644 1758 sunt
1698 1694 2005 1776 propter
2059 1711 2212 1770 nos,
2269 1692 2342 1758 in
2410 1712 2596 1775 quos
2651 1692 2835 1758 finis

546 1803 1031 1867 saeculorum
1082 1802 1411 1867 obuenit.
1482 1804 1865 1884 quapropter
1908 1820 2033 1866 non
2079 1800 2144 1864 in
2193 1801 2502 1865 seruitute
2547 1800 2836 1876 facimuS,

546 1926 707 1989 quae
754 1907 932 1973 iussa
978 1912 1129 1973 sunt
1178 1908 1255 1971 ad
1302 1927 1417 1973 nos
1462 1906 2017 1990 praenuntiandos,
2067 1907 2178 1972 sed
2222 1908 2287 1971 in
2333 1907 2628 1971 libertate
2684 1908 2838 1991 legi-

544 2034 711 2091 mus,
753 2034 914 2096 quae
962 2015 1199 2099 scripta
1244 2018 1395 2080 sunt
1441 2013 1519 2078 ad
1566 2033 1681 2079 nos
1731 2014 2213 2080 confirmandos.
2262 2014 2404 2097 quis
2450 2015 2668 2098 itaque
2714 2015 2842 2079 iam

545 2140 671 2185 non
717 2121 1070 2205 intellegat,
1117 2120 1283 2185 unde
1332 2118 1594 2185 Galatas
1643 2123 1904 2184 reuocat
1958 2120 2308 2201 apostoluS,
2367 2138 2490 2185 non
2544 2120 2842 2204 religiose
2879 2131 2932 2169 1⁵

548 2228 928 2310 scripturam
979 2225 1479 2292 circumcisionis
1525 2226 1836 2309 legenteS,
1897 2226 2009 2291 sed
2065 2225 2191 2290 iam
2239 2226 2680 2310 superstitiose
2729 2228 2847 2292 cir-

547 2334 821 2399 cumcidi
859 2335 1151 2399 uolentes
1175 2338 1205 2397 ἱ)
1251 2334 1419 2398 unde
1458 2353 1582 2398 non
1621 2352 1900 2416 pannum
1938 2352 2177 2399 nouum
2217 2334 2603 2402 uestimento
2643 2338 2845 2401 ueteri

547 2440 896 2518 adsuimus,
947 2440 1060 2505 sed
1108 2440 1430 2505 erudimur
1474 2440 1537 2504 in
1595 2460 1790 2523 regno
1850 2441 2167 2505 caelorum
2226 2442 2303 2505 ad
2359 2442 2844 2508 similitudinem

545 2546 724 2612 illius
771 2548 968 2631 patris
1016 2547 1311 2625 familias,
1360 2566 1551 2630 quem
1601 2550 2056 2612 commemorat
2095 2548 2388 2613 dominus
2425 2549 2842 2631 proferentem

450 2660 463 2675 '
550 2654 627 2719 de
684 2654 985 2719 thesauro
1045 2674 1161 2719 suo
1219 2673 1385 2719 noua
1442 2657 1507 2717 et
1561 2655 1800 2718 uetera.
1866 2653 1977 2718 ille
2035 2657 2249 2719 autem
2308 2655 2522 2721 adsuit
2564 2676 2844 2739 pannum
2882 2668 2938 2705 ²⁰

549 2780 789 2827 nouum
836 2760 1220 2825 uestimento
1267 2760 1489 2836 ueteri,
1540 2760 1651 2841 qui
1699 2760 2152 2825 continentiam
2198 2762 2344 2825 uult
2388 2762 2617 2828 habere
2665 2762 2843 2850 spiri-

544 2868 741 2932 talem
781 2870 845 2931 et
883 2866 1167 2932 nondum
1198 2866 1493 2949 deposuit
1525 2885 1706 2949 spem
1737 2867 2069 2931 carnalem.
2111 2886 2255 2931 nam
2287 2867 2480 2951 legite
2511 2867 2849 2952 diligenter

552 2977 617 3038 et
653 2973 867 3038 uidete
907 2972 983 3037 de
1020 2972 1257 3037 ieiunio
1296 2971 1625 3037 dominum
1663 2973 2120 3058 interrogatum
2155 2974 2594 3057 respondisse:
2635 2993 2843 3041 nemo

542 3080 801 3146 adsuit
845 3098 1166 3163 pannum
1215 3098 1492 3144 nouum
1552 3080 2015 3145 uestimento
2072 3080 2341 3146 ueteri.
2410 3082 2618 3148 adhuc
2675 3082 2842 3146 enim

545 3187 843 3270 discipuli
891 3187 1218 3252 dominum
1267 3186 1601 3251 carnaliter
1648 3186 2012 3271 diligebant,
2072 3188 2582 3271 quandoquidem
2630 3188 2842 3263 etiam,
2875 3197 2930 3237 ²⁵

544 3314 621 3359 ne
674 3294 954 3361 occisum
1006 3293 1388 3369 amitterent,
1436 3294 1879 3358 formidabant.
1931 3294 2100 3359 unde
2135 3295 2398 3359 Petrum
2437 3299 2842 3361 reuocantem

725 3558 752 3608 1
793 3556 859 3609 cf.
899 3554 1018 3610 Gal.
1056 3558 1107 3611 4.
1146 3557 1181 3609 5
1335 3555 1403 3609 10
1440 3555 1469 3609 Ι
1506 3554 1627 3610 Cor.
1670 3556 1753 3620 10,
1786 3555 1850 3608 11
2017 3558 2084 3611 15
2121 3554 2188 3608 cs.
2228 3556 2347 3610 Gal.
2385 3558 2438 3609 4.
2475 3559 2509 3610 ὃ
2666 3556 2736 3610 20
2773 3556 2840 3610 cf.

506 3644 738 3699 ‚Mattln
780 3645 862 3708 13,
902 3646 971 3699 52
1082 3645 1151 3699 23
1185 3643 1382 3698 Matth.
1422 3644 1473 3709 9,
1512 3644 1582 3698 16

614 3820 648 3872 2
686 3818 935 3888 galathas
967 3818 1023 3883 (11
1062 3836 1103 3873 8.
1146 3820 1181 3873 l.
1222 3837 1257 3872 a
1296 3837 1364 3871 m.
1402 3819 1457 3887 2)
1493 3819 1540 3873 Ο
1645 3821 1682 3872 4
1719 3820 2022 3873 ammittam
2054 3820 2164 3873 LG
2201 3822 2448 3875 amittam
2477 3820 2524 3875 S
2556 3820 2840 3875 admittam

540 3908 601 3975 (d
636 3908 701 3960 in
733 3914 867 3961 raa.)
906 3907 981 3959 Μ
1154 3905 1416 3976 rephendi
1458 3906 1506 3960 Ο
1536 3906 1870 3978 repraehendi
1903 3908 1960 3961 L
2149 3909 2182 3961 6
2219 3926 2341 3977 cap.
2377 3908 2531 3963 XVII
2566 3908 2844 3965 LSGPM

417 4052 428 4064 ,
544 3998 577 4051 9
616 3997 909 4051 christiane
946 3995 1000 4049 L
1146 3996 1213 4049 11
1252 3996 1310 4048 in
1348 3996 1457 4049 illis
1502 3994 1550 4049 0
1691 4000 1822 4049 sunt
1859 4000 2042 4050 autem
2088 3996 2136 4050 G
2279 3997 2413 4051 fines
2450 3996 2504 4050 L
2615 3998 2683 4051 13
2719 4014 2844 4067 pre-

540 4085 872 4139 nuntiandos
916 4086 965 4140 (5
1141 4085 1213 4139 14
1266 4085 1375 4138 iam
1429 4101 1530 4138 om.
1570 4085 1602 4138 b
1785 4084 1851 4137 15
1911 4084 2160 4155 galathas
2219 4085 2275 4152 (11
2329 4100 2374 4139 s.
2423 4086 2459 4139 l.
2509 4102 2545 4138 a
2593 4102 2660 4141 m.
2700 4086 2754 4155 2)
2801 4088 2852 4141 G

540 4174 829 4245 religiosae
869 4174 917 4228 S
947 4173 1236 4243 religiosae
1274 4172 1461 4227 LGM
1566 4174 1633 4226 16
1672 4173 2100 4228 circumcisiones
2137 4173 2192 4226 L
2297 4174 2369 4228 20
2403 4174 2657 4229 thesauro
2699 4174 2759 4244 (h
2796 4190 2842 4229 s.

545 4262 581 4316 Ζ.
623 4263 751 4317 add.
791 4280 859 4318 m.
898 4266 953 4329 1)
1000 4261 1048 4315 G
1224 4280 1321 4317 suo
1360 4278 1463 4317 om.
1507 4261 1706 4316 GSMb
1886 4262 1955 4314 23
2003 4262 2334 4332 interrogate
2372 4260 2439 4317 Β*
2619 4280 2840 4334 respon-

547 4350 701 4405 desse
739 4351 813 4404 L¹
921 4353 990 4406 25
1031 4351 1119 4406 dm
1156 4351 1401 4406 LS²MG
1508 4353 1577 4405 ‘26
1618 4352 1985 4406 ammitterent
2020 4350 2074 4404 L
