3159 4984
990 427 1084 481 VI.
1134 426 1423 482 Contra
1476 428 1850 483 Faustum
1906 428 2034 483 lib.
2091 429 2234 481 XVI.
2609 432 2740 497 453
2785 430 2798 438 “

440 642 712 706 cumque
761 642 885 687 non
936 623 1059 686 ait:
1118 632 1300 705 pater
1345 626 1581 700 noster,
1631 624 1745 688 sed
1787 628 2003 707 pater
2048 628 2349 689 uester?
2415 626 2545 688 iam
2589 644 2743 690 uero

441 749 667 795 uocem
735 730 935 823 illam,
1003 749 1195 812 quam
1251 732 1766 796 commemorasti
1823 732 1997 797 caelo
2066 732 2380 796 delatam:
2450 731 2569 796 hic
2628 734 2745 796 est

441 837 662 901 filius
728 854 939 901 meus
1009 835 1602 911 dilectissimuS,
1673 838 1959 902 credite
2017 839 2167 915 illi,
2237 838 2384 921 (11113
2441 857 2561 904 1103
2617 858 2741 903 11011

442 944 733 1029 audistis,
784 944 980 1008 nolite
1027 943 1125 1007 illi
1176 943 1448 1009 credere.
1500 944 1555 1009 si
1605 948 1818 1009 autem
1866 944 2007 1009 ideo
2059 946 2338 1013 creditis.
2399 946 2546 1027 quia
2603 964 2742 1009 eam

378 1071 403 1109 5
444 1054 509 1116 in
577 1050 910 1134 scripturis
978 1050 1215 1115 sanctis
1281 1049 1641 1127 inuenistis,
1707 1050 1797 1114 ibi
1853 1053 1954 1115 est
2011 1057 2074 1116 et
2123 1052 2270 1117 ista.
2331 1052 2434 1115 cui
2491 1050 2741 1115 credere

443 1178 565 1223 non
623 1158 827 1223 uultis
886 1158 961 1221 de
1022 1156 1275 1222 Christo
1337 1157 1670 1242 scripsisse
1725 1157 2031 1241 Moysen3
2097 1158 2188 1223 ibi
2253 1158 2412 1223 aliae
2477 1158 2742 1235 multae,

444 1266 676 1347 quibus
721 1264 957 1349 pariter
1002 1263 1189 1327 fidem
1242 1263 1561 1347 derogatis
1610 1282 1727 1327 nec
1772 1264 2036 1342 timetiS,
2085 1266 2320 1342 miseri,
2360 1284 2438 1329 ne
2476 1266 2568 1329 ita
2603 1284 2742 1347 pro-

440 1374 627 1437 fanus
665 1370 895 1453 aliquis
937 1370 1107 1433 dicat
1140 1370 1333 1434 istam
1371 1388 1599 1435 uocem
1639 1371 1895 1436 omnino
1933 1391 2056 1436 non
2095 1372 2388 1437 sonuisse
2429 1372 2505 1436 de
2545 1372 2740 1437 caele.

445 1482 510 1541 et
574 1478 745 1543 sicut
806 1496 925 1543 uos
981 1478 1202 1541 contra
1256 1476 1534 1540 salutem
1591 1477 1840 1559 generis
1895 1476 2175 1551 humani,
2235 1495 2396 1559 quae
2445 1478 2740 1543 omnibus

352 1600 405 1638 10
444 1586 742 1670 gentibus
811 1583 1181 1667 euangelica
1242 1584 1620 1648 auct-oritate
1687 1585 2024 1663 confertur,
2092 1585 2280 1649 etiam
2339 1584 2404 1648 in
2459 1587 2742 1649 uestram

441 1692 785 1775 perniciem
826 1690 1375 1775 argumentamini,
1416 1710 1561 1755 cum
1612 1690 1824 1755 dicitis
1871 1694 2202 1773 propterea
2249 1711 2374 1756 non
2423 1710 2563 1755 esse
2613 1710 2740 1755 cre-

444 1798 740 1874 dendum,
791 1798 961 1880 quod
1010 1797 1237 1861 dixerit
1284 1796 1577 1863 Christus
1628 1799 1820 1863 dese
1869 1800 2204 1881 scripsisse
2253 1800 2544 1882 Moysen.
2595 1799 2743 1880 quia

444 1906 509 1969 si
583 1904 722 1969 hoc
786 1904 920 1968 ille
989 1903 1345 1971 dixisset.
1422 1925 1555 1970 nec
1621 1906 1885 1970 Iudaei
1949 1910 2203 1971 tacere
2279 1907 2740 1991 potuissent.

443 2010 617 2093 quin
659 2010 939 2085 statim,
970 2013 1239 2092 utpote
1271 2011 1589 2095 maligni
1620 2014 1691 2075 et
1723 2012 1984 2091 astuti,
2027 2015 2496 2094 quaererent,
2537 2012 2741 2094 quid-

354 2132 407 2171 15
444 2138 605 2183 nam
645 2118 845 2183 illud
886 2122 1112 2194 esset,
1146 2118 1345 2199 quod
1384 2119 1468 2182 (13
1508 2137 1587 2183 33
1627 2120 1951 2203 aMoyse
1992 2120 2365 2203 scriptum
2400 2124 2738 2201 putaret:

445 2227 536 2291 sic
585 2229 650 2289 et
695 2226 805 2290 ille
854 2244 1059 2290 uanus
1110 2229 1175 2289 et
1219 2226 1506 2308 perditus
1556 2226 1764 2291 dicat:
1833 2228 1890 2292 si
1949 2228 2024 2292 de
2081 2228 2257 2292 caelo
2311 2244 2436 2291 uox
2481 2227 2594 2290 illa
2641 2246 2740 2291 so-

443 2332 709 2411 nuisset,
760 2351 980 2397 omnes
1028 2332 1269 2400 Iudaei,
1318 2334 1427 2414 qui
1474 2332 1825 2411 audierant,
1883 2332 2354 2398 credidissent?
2421 2352 2534 2398 cur
2591 2352 2740 2416 ergo

440 2459 565 2504 non
613 2439 1055 2517 consideratis,
1101 2441 1329 2515 insani,
1378 2440 1549 2504 sicut
1602 2440 1736 2504 fieri
1793 2441 2023 2523 potuit,
2079 2443 2169 2504 'ut
2231 2444 2297 2505 et
2357 2442 2507 2521 post
2561 2440 2740 2503 illam

440 2546 782 2610 caelestem
846 2564 1075 2611 uocem
1131 2545 1289 2609 dura
1342 2546 1724 2611 Iudaeorum
1779 2546 2122 2611 infidelitas
2177 2549 2592 2630 permaneret,
2650 2545 2738 2609 ita

344 2668 401 2705 2⁰
437 2653 574 2717 fieri
608 2652 921 2735 potuisse,
958 2655 1034 2716 ut
1070 2671 1215 2716 cum
1258 2652 1547 2717 Christus
1588 2652 1826 2716 diceret
1863 2651 1941 2715 de
1980 2671 2048 2717 se
2088 2651 2418 2733 scripsisse
2449 2651 2735 2733 Moysen,

437 2758 557 2823 hoc
621 2758 829 2841 magis
895 2759 1181 2843 maligna
1244 2758 1482 2823 astutia
1546 2760 1876 2836 timentes,
1951 2759 2118 2823 unde
2185 2759 2734 2834 conuincerentur,

436 2865 649 2929 audire
708 2866 961 2931 omnino
1012 2885 1134 2930 non
1174 2869 1564 2947 quaererent,
1605 2865 1756 2948 quid
1796 2866 1874 2929 de
1909 2866 2022 2931 illo
2061 2865 2388 2948 scripserit
2423 2865 2729 2947 Moyses?

530 2974 629 3035 14.
701 2972 825 3037 Sed
873 2973 1033 3037 hanc
1082 2993 1204 3059 non
1253 2974 1463 3038 solum
1512 2973 1889 3055 sacrilegam
1937 2972 2246 3037 aduersus
2296 2971 2730 3055 euangelicam

434 3078 861 3157 sanctitatem,
910 3097 1131 3143 uerum
1182 3079 1374 3143 etiam
1424 3098 1722 3143 eneruem
1770 3098 1842 3143 ac
1892 3078 2165 3142 debilem
2215 3098 2354 3143 esse
2404 3097 2725 3161 argumen-

343 3198 395 3237 25
432 3186 740 3250 tationem
790 3187 987 3250 sentit
1033 3190 1098 3250 et
1140 3186 1421 3251 Faustus
1469 3188 1661 3267 atque
1715 3185 2132 3250 intentionem
2193 3204 2373 3249 suam
2436 3185 2502 3249 in
2564 3185 2725 3249 illud
2835 3192 2844 3204 '

432 3293 645 3374 potius
695 3292 939 3357 confert
987 3311 1185 3374 eoque
1234 3311 1302 3357 se
1348 3292 1495 3375 plus
1552 3290 1756 3355 teneri
1811 3291 1986 3369 dicit,
2046 3290 2194 3372 quia
2249 3309 2498 3356 omnem
2545 3292 2723 3374 Moy-

434 3418 577 3463 seos
645 3398 1023 3481 scripturam
1088 3402 1411 3463 scrutatus
1478 3398 1686 3462 nullas
1752 3397 1840 3460 ibi
1907 3397 1983 3461 de
2047 3397 2300 3463 Christo
2364 3398 2730 3482 prophetias

614 3592 637 3645 1
678 3588 875 3643 Matth.
916 3588 965 3657 6,
1002 3588 1071 3642 26
1111 3628 1126 3641 .
1163 3589 1232 3642 32
1342 3590 1375 3641 2
1411 3588 1608 3642 Matth.
1647 3588 1696 3653 3,
1737 3590 1838 3653 173
1881 3589 1964 3653 17,
2003 3588 2036 3642 5

503 3712 535 3763 2
576 3713 1006 3767 commemorasti
1045 3716 1152 3780 (mo
1190 3730 1233 3766 s,
1273 3714 1332 3779 Ζ.)
1377 3710 1424 3766 0
1561 3715 1596 3765 4
1645 3713 1728 3766 1111
1778 3722 1840 3774 (3.
1891 3715 1925 3767 l.
1973 3730 2043 3766 m.
2089 3718 2140 3780 1)
2179 3713 2231 3766 L
2374 3716 2406 3767 6
2445 3729 2631 3768 mosen
2673 3712 2726 3768 G

431 3817 650 3879 moysen
679 3800 744 3855 5¹²
851 3802 880 3854 7
910 3802 1220 3873 prophanus
1254 3802 1301 3857 C
1406 3803 1439 3856 9
1476 3802 1697 3856 humani
1728 3803 1803 3870 (ni
1831 3819 1901 3857 m.
1931 3806 1972 3857 2
1995 3802 2238 3869 retract.)
2264 3801 2318 3855 L
2431 3802 2493 3857 10
2523 3818 2724 3855 euuan-

432 3890 608 3960 gelica
659 3890 706 3944 0
886 3892 952 3944 14
995 3893 1243 3962 utpotem
1290 3891 1462 3961 aligni
1510 3894 1667 3960 (corr.
1718 3907 1799 3947 ex.
1849 3890 2032 3961 alieni)
2072 3891 2146 3943 M
2360 3892 2645 3961 quererent
2689 3888 2733 3943 C

436 3981 499 4033 15
530 3981 674 4033 essct
700 3996 801 4034 om.
833 3981 864 4033 b
1012 3979 1077 4033 de
1107 3997 1207 4034 o·n.
1241 3980 1287 4035 G
1392 3982 1459 4034 16
1489 3981 1591 4034 sic!
1620 3997 1679 4035 3τ
1711 3983 1797 4048 (ut
1821 3986 1910 4045 er.)
1933 3980 2006 4033 M
2113 3982 2175 4033 17
2209 3997 2346 4052 quur
2367 3980 2410 4033 C
2522 3979 2583 4033 18
2612 3978 2728 4032 fieri

430 4086 537 4122 non
575 4073 689 4139 pot.
726 4069 843 4124 68¹
957 4071 1021 4124 19
1058 4068 1341 4124 iudeorum
1380 4074 1423 4123 (ἶ
1530 4070 1600 4122 22
1636 4076 1672 4123 fi
1711 4070 1974 4125 auderent
2013 4074 2066 4138 (n
2105 4076 2156 4124 et
2183 4073 2246 4123 nt
2272 4085 2315 4123 s.
2348 4069 2381 4123 l.
2414 4084 2450 4120 a
2473 4084 2540 4121 m.
2573 4070 2630 4132 2)
2663 4065 2739 4119 M

430 4158 627 4212 audere
663 4158 751 4211 Lb
897 4161 1183 4228 quererent
1210 4159 1256 4213 0
1362 4158 1506 4228 quod
1535 4158 1611 4211 L¹
1718 4160 1789 4214 23
1827 4159 2236 4229 euuangelicam
2272 4158 2316 4211 C
2421 4158 2490 4209 24
2531 4162 2726 4209 enema

432 4248 565 4314 (ain
582 4247 717 4315 raa)
738 4247 790 4300 L
899 4247 966 4299 25
988 4247 1406 4311 intentationem
1428 4246 1475 4301 S
1579 4246 1648 4299 26
1679 4246 1918 4301 conferte
1939 4248 2012 4299 M
2018 4249 2029 4282 ¹
2177 4244 2366 4317 eoque]
2399 4259 2536 4314 oque
2556 4242 2728 4295 ΙᾺΜι

430 4334 498 4386 27
538 4338 812 4387 scrutatur
850 4333 913 4387 S1
1064 4333 1215 4387 nulla
1255 4333 1359 4386 sibi
1390 4334 1460 4385 M
