3159 4984
360 1621 409 1658 10

360 2154 409 2193 15

978 446 1078 499 VI.
1136 445 1423 501 Contra
1478 446 1842 499 Faustum
1897 444 2026 497 lib.
2083 444 2204 497 xl1.
2589 448 2717 509 359

440 640 965 723 quinqua-gesimo
1015 640 1113 703 die
1160 645 1309 724 post
1355 644 1564 705 actum
1611 640 1882 722 pascha:
1932 641 2110 705 uenit
2156 638 2414 723 spiritus
2464 642 2719 703 sanctus

438 745 957 829 quinquagesimo
1007 746 1106 809 die
1152 748 1301 829 post
1354 746 1592 811 domini
1626 748 2005 830 passionem.
2047 745 2278 809 dieitur
2313 745 2446 809 illic
2485 744 2718 826 scripta

436 852 536 915 lex
584 851 784 935 digito
833 851 970 916 dei:
1039 852 1195 917 dicit
1249 852 1539 917 dominus
1600 853 1673 917 de
1733 853 1962 935 spiritu
2020 855 2273 917 sancto:
2341 852 2414 945 in
2474 850 2718 935 digito

440 957 558 1021 dei
613 959 803 1023 eicio
862 960 1269 1025 daemonia.
1320 964 1385 1024 et
1430 962 1663 1025 clamat
1705 960 1982 1024 Faustus
2031 959 2232 1024 oculis
2282 958 2514 1023 clausis
2562 958 2720 1021 nihil

441 1084 507 1129 se
553 1066 617 1129 in
663 1066 793 1131 illis
838 1066 1069 1131 litteris
1116 1067 1454 1143 inuenisse,
1496 1067 1664 1148 quod
1712 1068 1790 1130 ad
1835 1066 2446 1149 praenuntiationem
2487 1066 2719 1131 Christi

439 1172 783 1254 pertineat!
851 1174 1002 1255 quid
1057 1177 1269 1237 autem
1324 1174 1574 1251 mirum,
1635 1174 1690 1239 si
1745 1175 1965 1238 oculos
2021 1173 2213 1237 habet
2259 1172 2336 1236 ad
2381 1172 2722 1257 legendum

444 1284 507 1345 et
553 1300 659 1345 cor
705 1282 782 1345 ad
828 1281 1324 1365 intellegendum
1371 1300 1495 1346 non
1542 1282 1754 1359 habet,
1813 1282 1922 1363 qui
1976 1281 2226 1365 positus
2285 1283 2428 1345 ante
2487 1280 2722 1343 ostium

444 1387 731 1451 clausum
779 1388 980 1451 diuini
1026 1388 1252 1453 secreti
1308 1408 1431 1454 non
1486 1389 1610 1453 fide
1665 1389 1918 1467 pietatis
1973 1387 2208 1471 pulsat,
2276 1386 2388 1451 sed
2453 1385 2724 1450 elatione

442 1494 763 1577 inpietatis
819 1482 1135 1559 insultat?
1199 1496 1381 1578 plane
1438 1496 1529 1559 ita
1585 1496 1688 1570 sit,
1745 1495 1837 1558 ita
1891 1495 2037 1569 fiat;
2103 1494 2346 1559 iustum
2394 1496 2491 1557 est
2535 1492 2722 1557 enim.

447 1600 774 1665 claudatur
812 1602 1099 1683 superbis
1138 1601 1325 1666 ianua
1361 1602 1608 1677 salutis,
1649 1602 1864 1666 ueniat
1899 1604 2289 1669 mansuetus,
2325 1620 2512 1682 quem
2542 1598 2726 1663 docet

448 1707 738 1773 dominus
777 1708 913 1772 uias
955 1728 1139 1783 suas;
1188 1709 1403 1773 uideat
1450 1712 1513 1773 et
1556 1709 1714 1773 haec
1759 1709 1824 1772 in
1869 1708 2000 1773 illis
2046 1708 2224 1773 libris
2273 1710 2338 1771 et
2376 1710 2582 1770 cetera
2618 1706 2722 1769 uel

448 1814 655 1878 omnia
700 1816 806 1878 uel
852 1814 1179 1897 quaedam.
1231 1816 1444 1896 qualia
1490 1816 1706 1880 credat
1750 1815 1814 1879 in
1864 1815 2173 1879 omnibus.

540 1922 642 1985 31.
710 1921 940 1987 Uideat
984 1922 1197 1986 Iesum
1251 1922 1757 1987 introducentem
1812 1923 2120 2005 populum
2177 1921 2240 1984 in
2301 1923 2534 1984 terram
2588 1938 2726 2002 pro-

448 2027 789 2094 missionis.
837 2046 1039 2110 neque
1086 2030 1254 2092 enim
1301 2029 1421 2093 hoc
1466 2032 1703 2093 temere
1751 2030 1828 2093 ab
1874 2028 2052 2092 initio
2101 2028 2466 2092 uocabatur.
2507 2027 2618 2090 sed
2659 2046 2728 2090 ex

447 2136 585 2218 ipsa
630 2134 1095 2217 dispensatione
1142 2136 1393 2201 nomine
1441 2139 1686 2199 mutato
1733 2136 1914 2199 Iesus
1954 2135 2308 2217 appellatus
2349 2138 2464 2197 est.
2515 2133 2732 2197 uideat

450 2242 702 2308 botrum
750 2240 823 2305 de
870 2244 1037 2307 terra
1089 2242 1525 2325 promissionis
1580 2242 1643 2305 in
1701 2242 1874 2325 ligno
1930 2241 2327 2324 pendentem.
2397 2240 2612 2303 uideat
2663 2240 2734 2302 in‘

450 2348 742 2413 Hiericho
790 2350 1113 2429 tamquam
1167 2349 1232 2412 in
1288 2348 1410 2414 hoc
1466 2348 1718 2414 mortali
1776 2349 2026 2413 saeculo
2077 2346 2471 2411 meretricem
2515 2383 2606 2392 -—
2651 2345 2727 2408 de

449 2454 739 2536 qualibus
796 2454 885 2517 ait
940 2455 1476 2537 dominus.·quod
1532 2455 1908 2537 praecedant
1963 2454 2267 2537 superbos
2333 2454 2397 2517 in
2463 2471 2725 2535 regnum

447 2561 760 2625 caelorum
800 2598 886 2607 -—
932 2579 1044 2643 per
1088 2562 1425 2626 fenestram
1474 2562 1700 2626 domus
1749 2580 1901 2625 suae
1946 2563 2274 2642 tamquam
2319 2580 2432 2643 per
2478 2578 2547 2623 os
2597 2578 2727 2624 cor-

442 2668 623 2750 poris.
679 2668 780 2733 sui
845 2686 1106 2733 coccum
1172 2668 1527 2731 mittentem
1583 2706 1673 2713 —
1727 2668 1896 2749 quod
1953 2671 2052 2731 est
2116 2666 2336 2747 utique
2401 2665 2726 2748 sanguinis

443 2774 697 2858 signum
716 2812 801 2822 ——
829 2777 1083 2858 propter
1110 2774 1549 2839 remissionem
1576 2777 1982 2857 peecatorum
2013 2774 2296 2838 confiteri
2325 2773 2403 2837 ad
2434 2772 2726 2835 salutem.

445 2880 656 2946 uideat
718 2900 932 2947 muros
996 2880 1198 2963 ipsius
1266 2880 1545 2946 ciuitatis
1611 2884 1936 2963 tamquam
1990 2880 2374 2944 munitiones
2439 2877 2726 2943 mortalis

445 2988 681 3053 saeculi
710 2988 945 3070 septies
985 2988 1365 3051 circumacta
1400 2988 1766 3052 testamenti
1806 3006 1949 3051 arca
1987 2985 2312 3061 cecidisse,
2353 2986 2522 3049 sieut
2558 3002 2724 3047 nunc

443 3113 552 3176 per
613 3097 923 3177 tempora,
994 3114 1153 3175 quae
1219 3098 1464 3177 septem
1531 3094 1772 3159 dierum
1839 3092 2277 3157 uicissitudine
2345 3091 2729 3163 dilabuntur,

625 3307 654 3358 1
688 3305 753 3361 ef.
779 3305 872 3359 Ex.
904 3306 972 3359 20
1135 3306 1169 3358 2
1208 3306 1273 3359 cf.
1311 3304 1430 3359 Act.
1470 3307 1520 3370 2,
1562 3307 1590 3358 1
1630 3321 1747 3373 sqq.
1795 3344 1798 3348 .
1911 3305 1945 3356 3
1985 3302 2052 3356 cf.
2088 3302 2182 3355 Ex.
2223 3301 2309 3365 31,
2357 3300 2419 3355 10
2605 3298 2735 3352 Luc.

448 3394 531 3459 11,
577 3394 648 3449 20
810 3396 869 3448 11
924 3394 989 3448 cf.
1040 3394 1127 3448 Ps.
1175 3394 1261 3459 24,
1308 3394 1343 3449 9
1507 3393 1575 3447 14
1622 3392 1687 3447 cf.
1737 3392 1839 3446 Ios.
1888 3392 1920 3446 3
2094 3391 2161 3444 16
2209 3388 2276 3445 cf.
2321 3388 2483 3443 Num.
2535 3388 2616 3451 13,
2665 3387 2735 3440 24

446 3483 514 3539 18
570 3482 636 3537 cf.
699 3483 895 3538 Matth.
962 3483 1049 3548 21,
1113 3483 1177 3537 31
1388 3482 1459 3536 20
1522 3481 1589 3535 cf.
1653 3482 1758 3534 los.
1822 3480 1871 3537 2.
1943 3479 2005 3532 18
2222 3478 2294 3533 23
2371 3476 2437 3531 cf.
2500 3476 2607 3530 Ῑοι.
2683 3476 2733 3528 6,

448 3574 477 3625 7
517 3590 633 3642 sqq.

521 3716 545 3767 1
589 3680 829 3783 as'sfltum
874 3713 919 3765 G
1078 3714 1277 3767 uenit&
1314 3714 1380 3783 (aa
1414 3715 1479 3767 in
1512 3714 1647 3781 rae.)
1687 3712 1734 3766 S
1767 3712 2008 3765 uenienti
2052 3710 2104 3765 G
2257 3710 2290 3764 2
2327 3708 2576 3779 passione
2615 3706 2738 3762 S¹G

446 3808 479 3857 4
498 3802 747 3857 demonia
766 3800 857 3857 CS
1004 3802 1203 3867 occulis
1226 3800 1270 3855 G
1365 3802 1395 3854 5
1425 3800 1625 3855 litteris
1652 3802 1763 3854 illis
1783 3800 1885 3855 Mb
1985 3805 2017 3853 (3
2039 3800 2183 3871 quod
2202 3798 2267 3854 S¹
2367 3798 2398 3851 7
2425 3796 2662 3849 hostium
2687 3796 2737 3848 L

447 3892 479 3946 8
515 3892 773 3955 ,felatione
811 3892 867 3961 (d
905 3894 997 3959 er.)
1037 3890 1092 3945 L
1244 3892 1275 3945 9
1316 3898 1401 3945 eni
1440 3894 1524 3964 est
1560 3892 1593 3945 b
1749 3892 1813 3943 10
1851 3892 2161 3945 mansuetos
2199 3890 2252 3943 L
2394 3888 2452 3942 13
2490 3885 2735 3939 introdu-

359 3986 365 3993 '
448 3986 652 4035 centem
703 3980 796 4047 (du
843 3996 885 4033 8.
936 3981 968 4033 l.
1022 3998 1059 4033 a
1103 3997 1171 4035 m.
1220 3980 1269 4048 1)
1318 3978 1366 4033 S
1587 3980 1814 4050 populos
1853 3978 1901 4033 S
2080 3980 2144 4033 15
2183 3980 2267 4031 est
2305 3978 2366 4041 (8.
2409 3977 2442 4029 Ζ.
2479 3992 2550 4028 m.
2589 3974 2646 4041 2)
2688 3972 2736 4025 L

453 4070 516 4123 16
535 4073 731 4138 terram
752 4068 802 4121 L
907 4070 970 4122 17
992 4068 1192 4122 hierico
1214 4070 1264 4121 L
1278 4067 1393 4121 CM
1398 4071 1409 4103 ¹
1512 4068 1580 4122 18
1603 4084 1860 4138 supernos
1883 4066 1928 4121 O
2027 4068 2090 4121 19
2121 4065 2353 4121 celorum
2375 4064 2420 4117 G
2513 4062 2584 4115 20
2613 4078 2734 4115 san-

451 4146 674 4254 guig-82
711 4185 932 4255 sanguis
975 4184 1163 4239 GS¹M
1171 4185 1181 4215 ¹
1346 4184 1415 4237 22
1452 4200 1630 4237 mvi-os
1669 4192 1725 4247 (v
1760 4200 1803 4237 s.
1844 4200 1874 4236 o
1915 4200 1952 4237 a
1986 4200 2056 4237 m.
2097 4184 2150 4249 1)
2191 4180 2242 4234 L
2402 4179 2644 4233 mortalis
2681 4177 2734 4230 L

448 4274 573 4343 Euq
628 4274 735 4341 (ed.
774 4272 955 4327 Kno'll
980 4290 1041 4341 p.
1081 4276 1263 4339 2757:
1300 4270 1555 4325 mortales
1596 4270 1805 4326 CSMG
1916 4270 1984 4323 23
2013 4269 2172 4324 archa
2199 4268 2244 4321 U
2395 4266 2647 4322 cecidisse
2686 4267 2740 4335 (c
2859 4244 2869 4251 ’

450 4365 529 4430 fin
581 4380 624 4417 s.
664 4380 777 4417 ras.
818 4362 947 4416 add.
990 4378 1055 4415 m.
1098 4364 1156 4423 2)
1199 4361 1243 4413 (1
