3159 4984
450 448 579 513 536
1157 445 1209 499 S.
1266 445 1544 499 Aureli
1597 446 2035 514 Augustini

447 638 568 704 hoc
612 638 823 722 ipsum
870 657 1188 722 quaerere,
1239 658 1363 721 quo
1408 639 1814 705 manifestius
1861 638 2078 705 uidere
2123 638 2470 722 possimus,
2529 642 2752 704 utrum

448 749 741 812 nostrum
786 746 909 811 hoc
954 746 1209 811 nomine
1257 746 1487 811 debeat
1532 746 1860 830 appella-ri.
1911 749 1978 812 et
2014 746 2268 829 quidem
2309 746 2366 812 si
2398 747 2522 812 tibi
2557 745 2752 810 fidem

446 872 655 918 meam
703 873 871 918 nunc
919 854 1317 938 simpliciter,
1366 857 1443 918 ut
1485 853 1551 918 in
1600 853 1845 931 amiciS,
1891 853 2180 932 referam,
2219 853 2442 919 uidear
2475 853 2753 918 fortasse

447 960 875 1025 excusationis
923 979 1117 1025 causa
1160 960 1228 1026 id
1273 960 1513 1044 fingere
1550 964 1666 1025 aut
1702 960 2086 1039 diuinorum,
2127 960 2300 1045 quod
2336 961 2526 1039 absit,
2561 960 2754 1025 lumi-

445 1086 599 1131 num
649 1068 1019 1133 erubescere
1066 1068 1405 1132 culturam.
1455 1067 1569 1132 sed
1614 1071 1689 1133 tn
1735 1069 2015 1151 quidem,
2053 1072 2406 1151 utcumque
2442 1067 2750 1143 uolueris,
2825 1089 2854 1125 ε»

446 1173 703 1257 accipe:
763 1194 864 1238 me
912 1178 1125 1239 tamen
1174 1174 1407 1239 dixisse
1454 1194 1579 1239 non
1625 1176 1976 1259 paenitebit
2021 1176 2128 1241 uel
2173 1178 2434 1259 propter
2478 1174 2750 1256 aliquos»,

448 1280 558 1362 qui
622 1280 933 1347 hactenus
1000 1282 1163 1347 scire
1228 1282 1554 1347 habebunt
1615 1283 1988 1367 religionem
2045 1286 2326 1347 nostram
2382 1282 2544 1346 nihil
2599 1301 2752 1348 cum

446 1387 745 1470 gentibus
792 1388 1023 1453 habere
1072 1408 1427 1456 commune.

538 1496 599 1559 2.
675 1494 885 1578 Igitur
942 1513 1058 1561 nos
1122 1495 1320 1578 patris
1386 1494 1644 1578 quidem
1713 1495 1815 1559 dei
1879 1493 2335 1577 omnipotentis
2391 1496 2458 1558 et
2511 1492 2754 1559 Christi

447 1600 565 1665 filii
614 1601 751 1666 eius
800 1604 865 1667 et
912 1602 1175 1684 spiritus
1224 1603 1429 1667 sancti
1474 1622 1672 1667 unum
1721 1601 2019 1684 idemque
2078 1602 2199 1667 sub
2254 1599 2494 1684 triplici
2539 1600 2754 1685 appel·
2795 1618 2850 1657 ιο

444 1708 684 1773 latione
732 1709 1007 1774 colimus
1053 1729 1321 1787 numen;
1380 1710 1495 1777 sed
1540 1714 1785 1794 patrem
1832 1710 2090 1792 quidem
2137 1709 2354 1792 ipsum
2397 1708 2608 1773 lucem
2654 1706 2754 1770 in-

447 1815 655 1880 colere
703 1815 1021 1881 credimus
1067 1835 1387 1882 summam
1434 1836 1506 1881 ac
1552 1816 1988 1900 principalem,
2044 1834 2236 1899 quam
2291 1814 2533 1879 Paulus
2587 1812 2752 1877 alias

445 1922 959 1987 inaccessibilem
1005 1926 1218 2001 uocat,
1274 1923 1481 1988 filium
1534 1941 1688 1988 uero
1743 1922 1808 1987 in
1864 1923 1983 1987 hac
2039 1919 2322 1986 secunda
2374 1936 2449 1985 ac
2503 1918 2754 1985 uisibili

444 2028 589 2095 luce
656 2029 1025 2095 consistere.
1094 2030 1204 2112 qui
1268 2030 1566 2114 quoniam
1633 2027 1721 2094 sit
1783 2032 1848 2094 et
1899 2029 2039 2112 ipse
2068 2012 2412 2111 geminus,
2469 2028 2545 2091 ut
2599 2044 2752 2091 eum

448 2138 777 2217 apostolus
842 2137 1027 2202 nouit
1090 2136 1416 2203 Christum
1465 2136 1682 2202 dicens
1749 2154 1890 2201 esse
1975 2134 2078 2200 dei
2140 2135 2451 2199 uirtutem
2517 2134 2583 2197 et
2645 2132 2753 2197 dei
2795 2152 2852 2193 ιε

448 2241 849 2323 sapientiam,
906 2242 1215 2308 uirtutem
1261 2243 1522 2326 quidem
1570 2243 1709 2308 eius
1755 2242 1819 2306 in
1869 2242 2003 2308 sole
2059 2242 2345 2307 habitare
2405 2240 2752 2319 credimu8‚

448 2347 828 2430 sapientiam
883 2369 1036 2415 uero
1091 2350 1157 2415 in
1212 2351 1384 2415 luna.
1451 2370 1694 2415 necnon
1753 2354 1819 2415 et
1873 2350 2136 2434 spiritus
2192 2348 2418 2425 sancti,
2485 2347 2593 2431 qui
2649 2352 2756 2414 est

446 2453 751 2520 maiestas
796 2456 1005 2535 tertia,
1065 2457 1227 2523 aeris
1283 2458 1453 2523 hunc
1510 2476 1766 2524 omnem
1823 2457 2136 2522 ambitum
2193 2456 2414 2523 sedem
2471 2456 2755 2521 fatemur

448 2578 521 2625 ac
559 2560 1020 2637 diuersorium;
1072 2564 1255 2629 cuius
1294 2583 1367 2630 ex
1404 2564 1651 2630 uiribus
1690 2584 1764 2631 ac
1802 2564 2072 2649 spiritali
2109 2564 2476 2648 profusione
2511 2566 2756 2628 terram

446 2687 697 2752 quoque
763 2670 1226 2754 concipientem
1290 2671 1553 2755 gignere
1607 2671 1938 2754 patibilem
1993 2673 2232 2751 Iesum,
2290 2672 2402 2754 qui
2457 2672 2558 2735 est
2611 2668 2756 2733 uita
2793 2687 2856 2726 ευ

446 2794 519 2840 ac
577 2778 753 2843 salus
809 2776 1161 2857 hominum,
1222 2779 1395 2843 omni
1442 2796 1798 2863 suspensus
1855 2798 1929 2843 ex
1981 2778 2180 2863 ligno.
2248 2779 2631 2861 quapropter
2687 2779 2758 2841 et

445 2883 628 2948 nobis
678 2885 845 2949 circa
889 2884 1191 2950 uniuersa
1238 2889 1305 2949 et
1348 2885 1535 2951 uobis
1585 2886 1884 2951 similiter
1929 2904 2080 2970 erga
2113 2904 2340 2969 panem
2380 2888 2448 2950 et
2483 2883 2754 2950 calicem

446 3008 563 3072 par
626 2991 851 3075 religio
919 2994 1037 3071 est,
1106 2992 1401 3075 quamuis
1467 3011 1687 3058 eorum
1753 2992 2053 3058 acen-ime
2110 2992 2375 3058 oderitis
2431 2992 2752 3056 auctores.

447 3096 603 3163 haec
649 3101 869 3163 nostra
913 3098 1071 3163 fides
1120 3102 1255 3164 est:
1316 3097 1393 3163 de
1441 3119 1566 3180 qua
1613 3100 1670 3165 si
1717 3099 2144 3182 quaerendum
2191 3098 2350 3163 alias
2393 3097 2754 3181 putaueris,

452 3203 671 3268 audies
720 3204 1013 3287 quamuis
1080 3224 1197 3270 nec
1240 3205 1405 3270 illud
1442 3206 1522 3269 ad
1559 3224 1857 3289 praesens
1895 3204 2108 3269 minus
2146 3203 2400 3268 firmum
2439 3202 2528 3267 sit
2563 3220 2755 3287 argu·
2784 3227 2846 3266 ιε,

445 3312 757 3387 mentum,
805 3311 975 3393 quod
1021 3312 1128 3377 uel
1165 3314 1238 3377 tu
1274 3312 1383 3377 1101
1420 3312 1691 3395 quilibet
1729 3312 1892 3377 alius
1929 3314 2213 3396 rogatus,
2253 3311 2516 3376 ubinam
2553 3308 2754 3373 deum

629 3533 694 3589 13
732 3534 797 3590 cf.
836 3534 971 3591 Tim.
1012 3537 1061 3601 6,
1101 3538 1168 3592 16
1279 3539 1347 3592 15
1384 3537 1451 3595 cf.
1490 3540 1519 3593 Ι
1556 3538 1677 3595 Cor.
1716 3541 1764 3603 1,
1803 3538 1873 3592 24

522 3712 546 3765 1
588 3728 865 3781 possemus
909 3714 1179 3769 GML¹P¹
1324 3719 1448 3772 uter
1482 3716 1528 3770 0
1633 3718 1667 3770 2
1695 3720 1936 3771 nostrum
1975 3732 2076 3771 om.
2113 3714 2161 3770 Ο
2265 3715 2298 3769 3
2335 3713 2394 3783 in
2424 3712 2471 3768 S
2576 3714 2610 3767 6
2649 3730 2756 3767 nec

444 3804 630 3854 tamen
686 3800 735 3857 S
781 3819 850 3857 ne
906 3808 1090 3858 tamen
1150 3805 1204 3861 G
1383 3805 1622 3876 accipem
1677 3804 1882 3859 &amen
1937 3806 2024 3859 Μι
2245 3800 2518 3874 penitebit
2569 3800 2761 3856 LCM

450 3890 479 3943 7
511 3894 735 3945 actenus
770 3891 1097 3948 ML²G¹SG
1208 3895 1271 3947 11
1311 3910 1505 3948 nomen
1542 3894 1598 3946 L
1739 3910 1954 3965 patrem
1993 3895 2041 3959 (r
2075 3908 2120 3948 ε.
2161 3894 2217 3947 Ζ.)
2253 3892 2302 3947 0
2405 3891 2641 3946 incolere
2681 3890 2752 3945 8¹

450 4007 517 4061 12
536 3962 979 4062 {naccessibilem
1008 3966 1153 4063 {lias
1198 4009 1245 4063 0
1348 4010 1417 4063 14
1454 4009 1596 4080 luce]
1635 4024 1767 4064 uoce
1805 4008 1930 4065 8¹6
2075 4008 2367 4063 consistere
2407 4008 2477 4077 (si
2511 4026 2557 4067 0.
2596 4008 2658 4077 1.)
2708 4008 2762 4062 0

446 4096 525 4165 et]
562 4098 624 4149 ut
660 4096 786 4152 8¹6
932 4098 1000 4151 15
1047 4098 1230 4153 dicens
1277 4104 1401 4169 xpm
1450 4104 1512 4153 ee
1560 4097 1610 4152 S
1752 4098 1817 4152 17
1867 4114 1992 4152 uero
2039 4114 2142 4153 om.
2196 4096 2244 4152 G
2382 4097 2443 4151 18
2489 4096 2661 4151 tercia
2709 4096 2762 4151 0

451 4186 515 4239 19
553 4184 905 4241 diuersorium
942 4189 1097 4257 (post
1130 4188 1151 4241 i
1184 4204 1229 4241 s.
1268 4188 1327 4255 l.)
1369 4187 1471 4244 SG
1641 4189 1706 4242 21
1750 4188 1890 4242 omi*
1927 4188 2010 4256 (in
2045 4204 2215 4258 vnarq.
2251 4187 2413 4240 bomo
2453 4202 2758 4257 suspensus

444 4272 501 4327 in
538 4273 713 4343 ligno)
750 4274 799 4329 S
830 4276 1003 4329 omnis
1036 4274 1163 4330 GM
1283 4278 1353 4331 22
1382 4276 1539 4341 nobis
1572 4280 1715 4346 (sup.
1743 4294 1784 4331 n
1806 4293 1907 4334 scr.
1937 4277 1994 4346 v)
2025 4276 2125 4331 SG
2298 4276 2446 4347 erga]
2477 4276 2618 4331 circa
2647 4275 2754 4331 SG

444 4377 639 4434 panem
670 4363 723 4433 (a
751 4378 817 4418 a
846 4380 873 4416 e
905 4380 971 4417 m.
1002 4366 1055 4429 1)
1093 4364 1142 4419 0
1244 4366 1315 4420 23
1342 4366 1574 4437 quanuis
1601 4366 1648 4420 Ο
1753 4366 1822 4420 24
1852 4364 2183 4437 querendum
2209 4366 2254 4419 C
2360 4367 2431 4420 25
2457 4380 2680 4436 presens
2709 4366 2764 4421 C'
