3159 4984
451 448 594 529 ⁸256
1161 442 1216 497 S.
1270 442 1546 498 Aureli
1600 441 2031 512 Augustini

467 657 662 722 quam
726 657 794 704 se
863 637 1155 704 Christus
1219 639 1440 702 natum
1505 656 1579 701 ex
1643 636 2009 702 hominibus
2075 635 2272 713 dieat,
2350 654 2497 701 eum
2558 653 2757 719 paene

472 764 819 828 numquam
866 763 934 811 se
979 744 1185 810 filium
1228 743 1502 810 hominis
1549 746 1761 809 taceat
1779 748 1811 808 ⁴?

557 853 619 917 3.
696 852 823 918 Sed
895 851 1200 917 uidelicet
1275 850 1636 917 doctissimi
1708 851 1999 917 homines
2075 850 2371 935 profertis
2438 849 2620 916 nobis
2686 866 2758 914 ex

471 959 735 1025 armario
781 961 996 1024 uestro
1045 958 1224 1024 neeio
1272 978 1460 1042 quem
1506 958 1784 1043 primum
1829 957 2172 1035 hominem,
2222 958 2331 1042 qui
2377 956 2457 1023 ad
2503 960 2759 1042 gentem

477 1066 874 1131 tenebrarum
941 1064 1381 1131 debellandam
1437 1066 1512 1130 de
1570 1066 1737 1131 lueis
1796 1068 1983 1150 gente
2039 1064 2387 1144 deseendit,
2444 1067 2759 1130 armatum
2821 1071 2848 1111 ⁵

473 1172 656 1256 aquis
703 1172 838 1237 suis
887 1175 1106 1237 eontra
1157 1171 1566 1237 inimieorum
1622 1190 1817 1254 aquas
1880 1175 1947 1237 et
1998 1173 2163 1257 igne-
2203 1191 2320 1238 suo
2378 1174 2595 1237 eontra
2645 1170 2761 1235 ini-

474 1281 786 1346 mieorum
829 1279 1046 1363 ignem
1091 1280 1158 1343 et
1200 1278 1412 1345 uentis
1461 1279 1595 1345 suis
1644 1282 1863 1345 eontra
1906 1279 2306 1343 inimieorum
2352 1280 2601 1343 uentos.
2652 1295 2764 1341 eur

351 1411 360 1419 ·
475 1406 602 1453 non
650 1406 799 1471 ergo
849 1388 914 1451 et
957 1385 1132 1449 fumo
1184 1404 1300 1451 suo
1349 1388 1567 1451 contra
1612 1385 2012 1451 inimieorum
2058 1384 2304 1449 fumum
2366 1386 2431 1449 et
2483 1382 2761 1449 tenebris

473 1494 611 1560 suis
659 1496 876 1558 contra
917 1492 1321 1558 inimieorum
1365 1493 1681 1570 tenebrae,
1742 1493 1855 1559 sed
1912 1495 2131 1558 eontra
2184 1492 2431 1557 fumum
2479 1510 2640 1567 aere,
2686 1493 2763 1555 ut

472 1600 706 1679 dicitis,
755 1599 1118 1665 armabatur
1164 1603 1229 1664 et
1276 1602 1494 1665 eontra
1528 1600 1823 1665 tenebras
1858 1600 2004 1665 luce
2025 1602 2057 1664 Ρ
2105 1618 2183 1664 an
2224 1599 2373 1682 quia
2405 1597 2577 1663 mala
2612 1599 2764 1663 sunt
2798 1605 2851 1645 1⁰

474 1707 691 1772 fumus
739 1709 805 1772 et
847 1708 1165 1785 tenebrae,
1221 1726 1345 1773 non
1395 1726 1469 1773 ea
1512 1708 1725 1791 potuit
1768 1707 1998 1772 habere
2043 1706 2296 1773 bonitas
2343 1706 2533 1771 eius?
2597 1705 2765 1770 bona

479 1832 628 1898 ergo
678 1815 828 1878 sunt
872 1812 986 1876 illa
1030 1812 1189 1877 tria:
1246 1832 1429 1897 aqua,
1477 1816 1736 1891 uentus,
1791 1812 1982 1897 ignis,
2052 1832 2164 1878 cur
2219 1831 2367 1896 ergo
2424 1830 2498 1876 ea
2551 1810 2763 1895 potuit

481 1919 715 1985 habere
779 1917 1025 1982 malitia
1081 1918 1290 2002 gentis
1349 1918 1703 1983 aduersae}>
1766 1917 1872 1983 hie
1926 1916 2365 2001 respondetis:
2433 1917 2549 1982 sed
2602 1935 2764 2000 aqua

471 2024 587 2088 illa
650 2022 860 2107 gentis
925 2024 1328 2088 tenebrarum
1391 2024 1562 2088 mala
1617 2026 1772 2101 erat,
1835 2042 2025 2108 quam
2079 2042 2233 2088 uero
2279 2024 2523 2107 primus
2568 2022 2761 2088 homo

473 2130 731 2208 adtulit,
768 2130 934 2195 bona
973 2133 1132 2204 erat:
1181 2134 1248 2196 et
1282 2134 1517 2197 uentus
1553 2119 1737 2197 iuius
1768 2132 2000 2210 malus,
2037 2130 2231 2196 huius
2270 2132 2487 2195 autem
2522 2130 2759 2195 bonus:
2798 2140 2850 2181 1⁵

473 2237 566 2301 ita
613 2240 678 2301 et
722 2237 918 2303 huius
955 2238 1127 2322 ignis
1165 2238 1370 2305 bonus
1409 2242 1629 2305 contra
1664 2240 1905 2304 malum
1941 2238 2156 2323 ignem
2191 2236 2370 2302 illius
2409 2236 2759 2301 dimieauit.

480 2362 594 2408 eur
637 2364 786 2428 ergo
836 2347 902 2409 et
947 2347 1166 2410 eontra
1209 2346 1452 2411 malum
1496 2346 1745 2411 fumum
1793 2364 1918 2411 non
1962 2344 2178 2428 potuit
2222 2344 2466 2409 adferre
2509 2343 2759 2407 fumum

473 2452 764 2517 bonum?
831 2470 909 2515 an
955 2452 1021 2515 in
1067 2450 1245 2517 fumo
1291 2456 1511 2517 uestra
1575 2450 1908 2516 mendacia
1971 2453 2298 2535 tamquam
2352 2450 2569 2515 fumus
2622 2450 2761 2532 ipse

478 2562 874 2624 euanescunt
919 2562 1109 2641 atque
1157 2558 1510 2624 deficiunt?
1558 2561 1730 2623 certe
1775 2558 2020 2641 primus
2065 2558 2257 2624 homo
2296 2559 2511 2623 uester
2546 2559 2764 2621 eontra

480 2668 770 2730 naturam
809 2665 1186 2731 contrariam
1221 2666 1467 2730 bellum
1504 2666 1727 2750 gessit.
1776 2684 1889 2730 eur
1926 2664 2201 2748 quinque
2236 2662 2368 2729 illis
2408 2662 2759 2739 elementi8‚
2794 2674 2851 2715 2⁰

475 2790 638 2854 quae
683 2772 749 2836 in
798 2771 1108 2837 contraria
1153 2776 1344 2857 gente
1391 2772 1773 2856 confingitis,
1821 2790 2022 2837 unum
2069 2770 2353 2840 adlatum
2400 2772 2502 2835 est
2546 2769 2622 2834 de
2671 2768 2759 2834 di-

473 2878 646 2944 uinis
720 2878 934 2963 regnis
1000 2879 1409 2957 contrarium,
1473 2879 1582 2943 lux
1650 2880 1867 2943 eontra
1924 2878 2218 2945 tenebras
2240 2880 2271 2941 Ρ
2319 2878 2529 2943 cetera
2592 2875 2759 2941 enim

473 2986 780 3067 quattuor
822 3004 946 3049 non
986 2987 1137 3049 sunt
1175 2984 1506 3049 contraria.
1554 3002 1701 3048 nam
1738 3002 1856 3048 nee
1894 3002 1999 3047 aer
2032 2983 2209 3050 fumo
2250 2986 2350 3049 est
2385 2982 2758 3060 contrarius,

480 3091 686 3155 multo
733 3091 946 3156 minus
995 3110 1194 3173 aquae
1242 3110 1405 3174 aqua
1451 3094 1515 3155 et
1558 3093 1794 3155 uentus
1841 3093 2033 3155 uento
2083 3092 2149 3156 et
2191 3088 2366 3175 ignis*
2405 3089 2561 3173 igni.

563 3200 624 3263 4.
698 3197 988 3263 Iamuero
1053 3198 1168 3262 illa
1231 3198 1537 3282 sacrilega
1602 3196 2015 3261 deliramenta
2078 3198 2221 3280 quis
2289 3195 2524 3274 audiat,
2590 3194 2759 3277 quod
2792 3202 2847 3245 *ὅ

475 3303 754 3386 primum
797 3303 1119 3369 hominem
1165 3306 1453 3369 uestrum
1501 3304 1713 3369 dicitis
1780 3303 2135 3370 seeundum
2191 3302 2475 3367 hostium
2530 3302 2755 3366 uolun-

471 3412 694 3487 tatem,
761 3428 886 3492 quo
953 3429 1061 3475 eos
1127 3413 1397 3494 caperet,
1463 3410 1795 3488 elementa,
1870 3428 2031 3493 quae
2094 3408 2407 3492 portabat,
2474 3409 2757 3471 mutasse

472 3518 664 3599 atque
710 3517 1005 3593 uertisse,
1053 3520 1131 3581 ut
1171 3536 1460 3601 regnum,
1508 3516 1679 3599 quod
1726 3515 1939 3581 dicitis
1994 3514 2319 3593 falsitatis,
2376 3513 2443 3578 in
2492 3531 2608 3577 sua
2651 3530 2756 3577 na-

547 3725 574 3780 1
615 3738 786 3793 poene
824 3721 998 3776 LOM
1105 3723 1137 3777 3
1173 3722 1407 3777 hominis
1443 3722 1496 3776 L
1602 3722 1637 3777 6
1684 3722 2264 3793 aquas—inimieorum
2310 3724 2380 3791 (ε.
2420 3722 2458 3775 1.
2492 3738 2562 3775 m.
2602 3724 2667 3788 2)
2712 3718 2763 3775 0

467 3813 501 3866 ‘7
537 3814 617 3882 (et
642 3813 726 3878 12,
758 3814 844 3879 17)
876 3828 1014 3881 quur
1047 3810 1095 3865 Ο
1197 3810 1231 3866 8
1259 3811 1335 3881 et]
1376 3828 1494 3865 cnm
1523 3811 1555 3865 b
1664 3811 2279 3867 fumum—inimicorum
2319 3814 2387 3878 (8.
2428 3811 2463 3864 l.
2502 3826 2571 3865 m.
2610 3812 2675 3878 2)
2713 3808 2762 3863 0

469 3904 528 3956 et
563 3918 666 3957 om.
711 3900 758 3955 G
932 3902 964 3954 9
1019 3916 1112 3954 aer
1146 3900 1200 3954 L
1381 3901 1446 3955 13
1503 3900 1728 3955 aduerse
1773 3900 1820 3955 0
2064 3901 2435 3971 respondentis
2476 3902 2531 3967 (a
2567 3901 2662 3967 er.)
2711 3898 2759 3953 0

469 3993 540 4046 15
577 3990 752 4047 malus
792 3994 876 4061 (us
914 3990 1046 4043 add.
1083 4006 1154 4043 m.
1191 3992 1252 4057 2)
1299 3989 1347 4043 G
1553 3990 1715 4044 huius
1766 3990 1807 4058 (i
1851 4006 1894 4043 s.
1945 3990 1979 4042 l.
2028 4006 2067 4042 a
2102 4005 2170 4042 m.
2208 3994 2259 4057 1)
2300 3988 2354 4042 L
2593 3989 2657 4042 17
2697 3992 2754 4042 et

470 4096 575 4135 om.
605 4081 636 4133 b
780 4078 988 4133 fumum
1015 4077 1158 4132 bono
1189 4078 1221 4132 b
1366 4078 1747 4134 non-bonum
1774 4096 1877 4134 om.
1907 4079 1939 4132 b
2044 4078 2109 4133 18
2136 4078 2253 4149 ipse
2281 4082 2579 4133 uanescunt
2605 4077 2757 4132 LGS

471 4186 538 4240 19
582 4189 766 4240 noster
803 4186 1008 4255 (noster
1041 4200 1160 4256 exp.
1200 4187 1255 4239 et
1294 4174 1365 4239 ἶι-ι·
1405 4202 1667 4255 super-scr.
1694 4203 1762 4241 m.
1792 4190 1842 4255 1)
1876 4186 1923 4241 0
1990 4188 2053 4242 21
2077 4186 2319 4241 adlatum
2343 4184 2417 4241 64¹
2490 4186 2561 4239 24
2588 4186 2748 4271 aqna]

471 4292 667 4345 aquam
712 4274 765 4327 L
943 4274 1012 4329 25
1051 4274 1250 4329 audeat
1286 4274 1339 4329 L
1517 4276 1587 4329 26
1626 4274 1807 4329 dicitis
1852 4280 2093 4330 uestrum
2132 4274 2177 4329 S
2379 4274 2659 4329 uoluntate
2696 4274 2750 4328 L

470 4362 540 4416 27
580 4378 712 4433 quos
741 4363 772 4415 b
882 4364 950 4417 28
977 4364 1226 4435 uertisse]
1265 4382 1424 4420 uerus
1461 4382 1518 4419 se
1555 4365 1610 4419 L
