3159 4984
477 466 605 527 522
1166 464 1217 515 S.
1274 462 1577 516 Aureli
1636 462 2104 529 Augustini

478 656 707 733 chiam,
776 656 1242 721 demonstrauit
1304 658 1612 741 magister
1678 657 1870 719 etiam
1933 656 2130 719 talem
2197 656 2784 739 concupiscentiam

477 762 636 826 nihil
685 782 825 827 esse
876 762 1067 826 aliud.
1134 763 1291 826 item
1339 762 1488 844 quia
1532 762 1810 846 peierare
1859 780 2052 845 graue
2101 766 2436 845 peccatum
2486 767 2605 841 est,
2652 783 2780 829 non

476 871 683 934 iurare
741 874 956 933 autem
1027 870 1197 934 sicut
1242 888 1467 933 uerum
1531 869 1739 932 iurare
1797 868 2044 933 nullum
2099 872 2432 951 peccatum
2495 873 2612 947 est,
2673 872 2788 935 sed

479 977 735 1060 longius
792 979 1079 1041 remotus
1139 980 1239 1040 est
1297 995 1333 1039 a
1386 976 1622 1039 falsum
1679 975 1964 1053 iurand0‚
2025 975 2134 1056 qui
2189 995 2304 1040 nec
2367 976 2574 1040 iurare
2641 996 2789 1042 con-

482 1082 716 1149 sueuit.
767 1102 957 1165 quam
1006 1083 1113 1165 qui
1160 1101 1387 1147 uerum
1434 1083 1640 1146 iurare
1688 1082 1994 1165 procliuis
2045 1086 2163 1159 est.
2224 1082 2452 1146 maluit
2504 1103 2620 1148 nos
2679 1084 2790 1149 do·
2855 1106 2894 1145 5

476 1190 689 1255 minus
758 1192 822 1253 et
887 1208 1009 1256 non
1076 1189 1359 1253 iurantes
1426 1208 1549 1252 non
1617 1187 1912 1253 recedere
1979 1207 2013 1251 a
2078 1208 2228 1253 uero
2297 1208 2488 1271 quam
2561 1209 2792 1255 uerum

476 1298 759 1361 iurantes
808 1296 1225 1379 propinquare
1266 1296 1559 1378 periuri0.
1612 1296 1827 1377 itaque
1877 1299 1943 1359 et
1988 1295 2320 1378 apostolus
2369 1296 2433 1359 in
2483 1298 2795 1363 sermoni-

475 1405 619 1471 bus,
689 1423 848 1486 quos
913 1403 1215 1467 habuisse
1282 1405 1589 1480 narratur,
1658 1421 2008 1483 numquam
2072 1402 2330 1471 iurauit.
2401 1422 2478 1466 ne
2533 1402 2792 1468 iurandi

480 1510 941 1576 consuetudine
990 1510 1327 1590 aliquando
1378 1511 1485 1574 uel
1532 1511 1786 1575 nescius
1833 1511 1898 1573 in
1945 1509 2294 1592 periurium
2333 1509 2673 1576 laberetur.
2721 1511 2791 1573 in

480 1617 811 1700 scripturis
861 1619 1093 1681 autem.
1135 1616 1246 1679 ubi
1295 1620 1395 1680 est
1443 1616 1864 1681 consideratio
1913 1616 2116 1682 maior
2161 1619 2350 1698 atque
2397 1616 2792 1699 propensior.
2836 1639 2896 1674 ω

478 1723 765 1807 pluribus
823 1724 984 1788 locis
1040 1724 1283 1787 iurasse
1339 1723 1682 1801 inuenitur.
1743 1742 1818 1787 ne
1879 1723 2216 1805 quisquam
2271 1726 2528 1805 putaret
2593 1723 2792 1787 etiam

476 1850 701 1895 uerum
748 1830 1013 1894 iurando
1058 1830 1329 1913 peccari,
1381 1830 1495 1895 sed
1542 1830 1759 1912 potius
1808 1830 2212 1913 intellegeret
2247 1829 2559 1894 humanae
2597 1829 2794 1913 fragi-

475 1936 678 2003 litatis
728 1937 915 2002 corda
960 1955 1084 2001 non
1132 1936 1394 2000 iurando
1442 1936 1650 2001 tutius
1700 1955 1737 1999 a
1781 1936 2057 2019 periurio
2107 1936 2489 2001 conseruari.
2549 1937 2792 2019 quibus

478 2044 830 2126 perspectis
893 2042 1258 2108 inuenimus
1327 2061 1442 2107 nec
1500 2042 1614 2106 illa
1669 2062 1810 2107 esse
1869 2042 2214 2119 destructa,
2273 2042 2444 2106 sicut
2496 2042 2672 2106 Faus
2691 2044 2770 2106 tu

489 2152 695 2231 putat,
748 2168 907 2232 quae
954 2149 1137 2212 uelut
1181 2149 1429 2231 proprie
1478 2148 1625 2213 uult
1672 2148 1751 2213 ad
1797 2149 2064 2231 Moysen
2111 2147 2445 2230 pertinere.
2842 2168 2903 2207 15

578 2258 682 2319 24.
750 2256 915 2320 Nam
965 2259 1029 2320 et
1074 2256 1180 2319 hic
1229 2275 1460 2338 quaero
1510 2257 1589 2321 ab
1635 2256 1804 2333 istis,
1864 2274 1976 2319 cur
2026 2254 2352 2337 proprium
2399 2254 2604 2319 uelint
2649 2274 2798 2319 esse

483 2364 649 2447 legis
696 2363 925 2447 Moysi,
977 2362 1145 2445 quod
1195 2363 1435 2427 dictum
1498 2367 1599 2428 est
1655 2363 1971 2444 antiquis:
2036 2361 2317 2445 diliges
2374 2362 2797 2445 proximum

486 2474 697 2533 tuum
730 2473 803 2533 et
831 2469 1081 2535 oderis
1113 2471 1503 2535 inimicum
1531 2476 1764 2537 tuum.
1816 2490 1891 2534 an
1933 2472 1998 2533 et
2035 2470 2364 2551 apostolus
2394 2470 2636 2533 Paulus
2667 2489 2798 2533 non

490 2576 645 2641 dixit
688 2576 979 2641 homines
1028 2578 1338 2660 quosdam
1389 2578 1521 2642 deo
1572 2577 1949 2643 odibiles?
2024 2580 2088 2641 et
2136 2576 2358 2659 utique
2405 2576 2470 2640 in
2519 2576 2637 2640 hac
2689 2576 2798 2639 ad-

487 2683 835 2748 monitione
900 2684 1037 2766 ipse
1105 2685 1400 2749 dominus
1467 2686 1545 2750 ad
1611 2686 1733 2750 hoc
1798 2703 1913 2749 nos
1970 2684 2279 2763 hortatur,
2338 2688 2414 2748 ut
2467 2684 2804 2747 imitemur
2841 2703 2908 2739 2⁰-

490 2790 698 2854 deum.
758 2795 841 2855 ut
908 2791 1104 2867 sitis,
1153 2792 1381 2873 inquit,
1430 2791 1587 2855 filii
1634 2792 1877 2874 patris
1925 2791 2191 2868 uestri,
2253 2791 2380 2873 qui
2426 2792 2500 2854 in
2551 2791 2800 2855 caelis

496 2901 632 2976 est,
684 2898 810 2979 qui
858 2898 1049 2963 facit
1098 2898 1333 2963 solem
1382 2918 1598 2963 suum
1647 2898 1830 2963 oriri
1880 2918 2104 2982 super
2147 2899 2384 2963 bonos
2434 2900 2507 2961 et
2551 2898 2802 2961 malos

492 3008 565 3069 et
610 3005 813 3087 pluit
860 3024 1088 3087 super
1130 3005 1381 3070 iustos
1422 3008 1495 3070 et
1531 3005 1889 3069 iniustos.
1941 3005 2372 3087 quaerendum
2411 3005 2632 3087 itaque
2673 3008 2799 3069 est.

489 3112 809 3191 quomodo
857 3112 1269 3195 intellegatur
1315 3112 1602 3194 exemplo
1653 3110 1774 3189 dei,
1825 3112 1928 3175 cui
1978 3111 2134 3175 dixit
2170 3110 2484 3193 quosdam
2523 3110 2801 3175 odibiles

492 3216 755 3293 Paulus,
817 3216 959 3281 odio
1016 3218 1339 3282 habendos
1395 3216 1712 3292 inimicos,
1774 3220 1840 3280 et
1890 3236 2109 3281 rursus
2168 3217 2452 3299 exemplo
2511 3216 2633 3295 dei,
2685 3218 2806 3300 qui
2845 3231 2906 3269 25

490 3322 647 3386 facit
695 3323 898 3394 solem
946 3343 1136 3389 suum
1185 3325 1332 3389 oriri
1377 3343 1569 3408 super
1625 3324 1826 3388 bonos
1884 3325 1949 3387 et
2003 3324 2207 3388 malos
2264 3327 2329 3388 et
2382 3324 2550 3407 pluit
2605 3343 2807 3407 super

492 3428 697 3493 iustos
746 3432 810 3493 et
855 3430 1149 3508 iniustos,
1201 3430 1557 3515 diligendos
1605 3431 1920 3497 inimicos
1971 3429 2064 3495 sic
2105 3430 2430 3514 adparebit
2467 3430 2804 3497 dominum

492 3536 659 3600 male
706 3536 1229 3620 intellegentibus
1269 3538 1355 3615 id,
1396 3537 1569 3619 quod
1619 3537 1859 3601 dictum
1912 3541 2013 3602 est
2069 3536 2356 3613 „oderis
2404 3537 2804 3601 inimicum

676 3763 740 3815 17
778 3762 909 3817 Len.
954 3764 1035 3828 19,
1078 3763 1143 3817 18
1258 3764 1323 3816 19
1363 3764 1428 3817 cf.
1469 3764 1623 3816 Rom.
1669 3766 1712 3825 1,
1752 3763 1822 3816 30
1943 3763 2010 3815 28
2047 3762 2242 3815 Matth.
2284 3764 2334 3825 5,
2372 3764 2441 3816 43
2479 3779 2598 3831 sqq.

566 3915 597 3965 2
636 3931 701 3983 pe
739 3914 907 3966 1611116
938 3912 991 3966 L
1028 3914 1269 3983 peiurare
1315 3914 1383 3967 0ι
1490 3916 1526 3966 4
1564 3918 1838 3983 permotus
1877 3912 1930 3966 L
2019 3912 2226 4027 ”quiin
2229 3912 2292 4017 iS
2392 3914 2426 3965 5
2471 3914 2684 3981 116111111]
2734 3914 2808 3967 ad

494 4045 681 4083 uerum
721 4028 811 4097 (ad
846 4044 890 4081 3.
932 4028 967 4081 l.
1009 4028 1140 4081 add.
1181 4044 1249 4081 m.
1290 4028 1348 4097 2)
1388 4027 1437 4083 S
1539 4029 1571 4081 9
1613 4028 1704 4081 1161
1741 4030 1977 4097 nescius]
2004 4029 2095 4093 uel
2125 4045 2225 4093 nec
2256 4027 2372 4093 eins
2401 4026 2470 4081 Sl
2495 4026 2586 4080 uel
2613 4029 2808 4083 11661113

494 4128 537 4179 (3
572 4134 643 4171 m.
671 4123 703 4171 1
727 4120 1010 4186 superse-r.)
1047 4117 1099 4171 G
1206 4118 1475 4187 peiurium
1502 4118 1559 4170 P
1656 4116 1930 4172 laueretur
1958 4116 2278 4172 L¹S¹M¹G¹
2392 4116 2459 4169 10
2497 4116 2668 4186 scrip-t
2672 4116 2722 4169 is
2752 4116 2808 4170 L

492 4206 707 4277 scriptis
778 4206 957 4260 GSM
972 4206 1065 4261 Gb
1300 4207 1611 4277 perpensior
1675 4206 1902 4261 SGMb
2103 4206 2166 4260 13
2229 4205 2402 4260 totius
2471 4204 2810 4259 G¹L¹S¹Mb

495 4296 561 4349 15
624 4297 872 4366 propriae
937 4295 1241 4349 L¹CSGM
1414 4296 1535 4349 uult
1600 4312 1703 4351 om.
1769 4296 1870 4351 SG
2049 4298 2317 4366 pertinere
2380 4294 2637 4350 uidentur
2703 4296 2810 4350 SG

498 4386 563 4437 16
602 4400 739 4452 quur
769 4384 815 4436 S
920 4385 985 4437 18
1023 4400 1123 4437 sec.
1164 4388 1221 4437 et
1256 4402 1357 4438 om.
1389 4384 1487 4438 SG
1609 4384 1676 4437 21
1715 4385 1896 4454 inquit
1933 4402 2034 4439 om.
2067 4385 2162 4439 SG
2273 4386 2336 4438 25
2379 4400 2562 4439 rursus
2589 4386 2730 4453 paul
2767 4385 2818 4439 C
