3159 4984
872 495 1002 549 1111.
1061 492 1359 550 Contra
1414 496 1925 551 Adimantum.
2388 502 2509 565 131

233 692 435 775 gradui
493 691 978 774 superaedificat
1033 692 1330 767 alterunn
1391 694 1466 756 ut
1523 693 1633 775 qui
1688 692 1813 757 iam
1876 691 2163 757 audierat
2215 712 2339 757 non
2388 711 2516 756 am-

229 798 472 880 pliorem
521 796 892 873 uindictam,
943 816 1132 879 quam
1182 797 1452 879 quisque
1501 798 1715 862 laesus
1766 800 1883 871 est,
1931 798 2211 875 reddere,
2270 798 2519 881 placata

229 907 420 968 mente
456 906 662 969 totum
704 923 772 968 se
814 903 1045 968 donare
1093 903 1420 987 gauderet.
1445 904 1643 986 ·quod
1691 904 1882 968 etiam
1918 904 1984 968 in
2021 904 2151 969 illis
2188 904 2513 969 ueteribus

229 1008 388 1075 libris
450 1010 755 1093 propheta.
818 1010 1142 1092 praedicat
1207 1009 1461 1075 dice-ns:
1533 1010 1835 1074 domine
1903 1010 2088 1075 deus
2147 1030 2390 1086 mene,
2449 1009 2512 1075 si

175 1140 197 1177 ⁵
229 1118 360 1181 feci
403 1116 628 1185 istud.
679 1117 743 1181 si
783 1121 898 1181 est
936 1116 1316 1199 iniquitas
1355 1117 1432 1179 in
1470 1116 1817 1181 manibus
1860 1116 2070 1195 meiS‚
2111 1116 2175 1181 si
2211 1116 2513 1181 reddidi

226 1224 814 1288 retribuentibus
853 1223 1036 1287 mihi
1077 1222 1287 1286 mala.
1333 1226 1396 1286 et
1436 1222 1599 1286 alius
1637 1222 1947 1306 propheta
1985 1222 2143 1287 dicit
2178 1222 2255 1287 de
2292 1222 2513 1287 huius-

225 1330 380 1394 modi
424 1330 558 1395 uiro
606 1330 889 1412 patiente
931 1328 1193 1393 iniurias
1234 1332 1300 1393 et
1335 1328 1667 1393 lenissime
1704 1330 2054 1394 tolerante:
2106 1328 2317 1394 dabit
2362 1348 2513 1411 per·

227 1436 532 1500 cutienti
591 1454 668 1499 se
729 1436 1133 1508 maxillam,
1194 1435 1681 1499 saturabitur
1736 1435 2189 1518 obprobriis.
2258 1455 2329 1499 ex
2385 1454 2509 1518 quo

225 1532 596 1626 intellegitur
662 1545 728 1606 et
791 1560 1152 1606 mensuram
1212 1541 1582 1606 uindicandi
1636 1544 1809 1607 recte
1868 1542 2223 1607 carnalibus
2281 1542 2513 1609 consti-

159 1668 199 1705 ιο
227 1652 414 1712 tutam
480 1652 544 1712 et
611 1648 1040 1714 omnimodam
1104 1647 1370 1713 iniuriae
1435 1649 1879 1713 remissionem
1946 1668 2069 1713 non
2135 1652 2385 1713 tantum
2449 1649 2514 1711 in

227 1775 376 1820 nouo
437 1758 817 1820 testamento
885 1774 1025 1819 esse
1081 1758 1504 1837 praeceptam,
1563 1755 1676 1819 sed
1734 1757 1924 1839 longe
1984 1760 2126 1819 ante
2182 1754 2247 1819 in
2293 1758 2509 1820 uetere

225 1862 725 1943 praenuntiatam.

307 1970 362 2033 9.
427 1968 519 2034 De
570 1988 666 2042 eo,
716 1968 886 2052 quod
937 1968 1248 2052 scriptum
1297 1972 1416 2044 est,
1467 1968 1637 2051 quod
1688 1968 1943 2033 locutus
2002 1972 2102 2033 est
2157 1968 2314 2032 deus
2373 1988 2517 2032 cum

225 2076 405 2140 Adam
455 2080 518 2141 et
553 2077 692 2140 Eua
739 2080 805 2140 et
843 2095 990 2141 cum
1031 2079 1321 2159 serpente
1362 2077 1428 2139 et
1466 2095 1611 2140 cum
1653 2074 1805 2140 Cain
1848 2079 1913 2139 et
1951 2075 2177 2140 ceteris
2216 2076 2513 2157 antiquis

157 2199 196 2236 1⁵
226 2182 375 2248 inter
437 2202 594 2266 quos
653 2184 844 2248 etiam
903 2185 968 2246 et
1023 2182 1345 2247 nonnullis
1407 2181 1776 2265 adparuisse
1841 2182 2141 2246 scribitur
2188 2182 2253 2247 et
2298 2183 2373 2246 ab
2424 2182 2514 2245 eis

229 2291 394 2355 uisus
440 2310 578 2356 esse
627 2309 752 2354 non
799 2310 949 2365 uno,
1000 2288 1119 2353 sed
1161 2289 1386 2354 multis
1435 2288 1893 2371 scripturarum
1940 2288 2122 2367 locis,
2168 2288 2234 2351 in
2282 2289 2514 2371 quibus

229 2403 284 2460 et
339 2398 592 2462 locutus
659 2416 800 2461 esse
860 2394 1019 2460 deus
1082 2414 1230 2459 cum
1289 2394 1656 2459 hominibus
1714 2394 2037 2459 inuenitur
2084 2398 2148 2458 et
2192 2394 2515 2460 nonnullis

229 2504 611 2586 adparuisse:
676 2502 1068 2567 insidiantur
1124 2522 1272 2586 ergo
1321 2501 1676 2566 Manichaei
1727 2504 1793 2566 et
1840 2501 2061 2565 dicunt
2108 2502 2317 2566 omnia
2374 2520 2517 2566 con·

223 2612 398 2677 traria
442 2630 582 2676 esse
629 2630 796 2676 nouo
856 2612 1269 2687 testament0‚
1330 2602 1629 2691 quoniam
1688 2608 1985 2673 dominus
2044 2607 2231 2672 dicit:
2300 2608 2515 2673 deum

153 2728 194 2766 2⁰
230 2738 418 2785 nemo
466 2716 670 2781 uidit
717 2734 1064 2798 umquam
1105 2716 1254 2779 nisi
1301 2716 1573 2779 unicus
1620 2714 1863 2791 filius,
1912 2714 2039 2797 qui
2078 2714 2300 2778 estin
2342 2715 2511 2779 sinu

224 2824 472 2904 patris;
521 2825 660 2889 ille
709 2821 1205 2895 adnuntiauit
1242 2822 1460 2887 nobis
1501 2821 1587 2886 de
1627 2840 1731 2894 eo,
1773 2824 1838 2885 et
1874 2822 2105 2885 iterum
2144 2821 2314 2903 quod
2352 2820 2511 2885 dicit

224 2927 482 2997 Iudaeis:
524 2950 658 2996 nec
691 2948 960 2995 uocem
991 2928 1212 2993 illius
1255 2926 1661 3010 aliquando
1702 2926 2034 2992 audistis
2072 2946 2205 2991 nec
2236 2926 2506 2991 faciem

226 3036 372 3101 eius
399 3037 717 3101 uidistis
750 3056 889 3101 nec
918 3036 1232 3099 uerbum
1273 3034 1437 3099 eius
1467 3034 1771 3099 habetis
1809 3034 1883 3097 in
1920 3033 2143 3098 uobis
2180 3052 2505 3108 manens,

227 3143 381 3223 quia
425 3145 512 3222 ei,
555 3164 772 3226 quem
823 3142 961 3206 ille
1011 3140 1244 3217 misit,
1271 3154 1426 3205 ‘non
1466 3139 1933 3205 credidistis.
1982 3139 2214 3222 quibus
2252 3158 2505 3222 respon-

154 3256 196 3294 25
226 3247 427 3315 demus
473 3270 546 3315 eo
593 3252 756 3334 ipso,
807 3246 975 3332 quod
1023 3249 1086 3311 in
1137 3247 1471 3331 euangelio
1511 3246 1821 3330 scriptum
1862 3248 1997 3310 est:
2040 3244 2256 3309 deum
2292 3264 2503 3310 nemo

224 3354 402 3421 uidit
471 3375 821 3439 umquam
896 3354 1046 3420 'nisi
1125 3355 1401 3420 unicus
1473 3354 1726 3429 silius,
1805 3352 1931 3437 qui
2008 3356 2123 3417 est
2194 3352 2268 3416 in
2334 3347 2501 3416 sinu

222 3464 466 3545 patris;
533 3464 700 3547 ipse
749 3461 1242 3527 adnuntiauit
1287 3461 1504 3525 nobis
1553 3458 1641 3525 de
1692 3478 1773 3525 eo
1832 3462 2035 3526 totam
2080 3458 2285 3542 ipsam
2333 3458 2501 3523 solui

374 3658 408 3709 4
443 3655 534 3709 Ps.
575 3656 624 3719 7,
662 3656 698 3709 4
735 3670 815 3725 sq.
964 3652 993 3705 7
1034 3652 1160 3705 Thr.
1199 3652 1250 3715 3,
1289 3650 1358 3707 30
1509 3652 1572 3704 14
1612 3650 1677 3703 cf.
1719 3648 1852 3704 Gen.
1894 3649 1943 3704 3.
1983 3651 2034 3705 4.
2079 3648 2143 3702 13
2270 3647 2335 3701 19
2374 3646 2498 3709 Ioh,

225 3742 267 3807 1,
301 3744 354 3799 18
462 3743 534 3798 22
569 3744 689 3799 Ioh.
728 3745 778 3808 5,
821 3742 888 3796 37
928 3759 1009 3812 sq.

279 3868 302 3921 l
341 3868 718 3939 supedificauit
755 3866 786 3920 b
897 3868 932 3921 2
970 3865 1072 3935 est]
1113 3871 1203 3919 eet
1243 3864 1274 3917 b
1387 3866 1420 3917 5
1457 3862 1611 3917 istud
1651 3862 1707 3931 (d
1747 3878 1883 3917 corr.
1914 3878 1979 3916 ex
2006 3866 2049 3931 t)
2082 3860 2159 3915 Ρ2
2265 3862 2299 3912 6
2337 3860 2494 3963 τειῒτὶ-

219 3976 486 4038 buentibus
523 4000 630 4039 om.
676 3982 723 4033 'V
868 3982 898 4035 7
939 3981 1184 4051 paciente
1223 3978 1328 4033 PG
1495 3977 1769 4032 lenissime
1812 3978 1843 4031 b
2062 3976 2403 4046 percutiente
2442 3973 2498 4028 P

221 4095 277 4148 11
300 4099 464 4152 ueteri
488 4096 624 4153 cn
703 4099 768 4151 12
796 4063 1202 4168 ριςηαηιῑαιᾶω
1238 4093 1316 4148 Ρ2
1446 4093 1511 4145 13
1551 4092 1645 4146 dns
1682 4091 1896 4147 locutus
1924 4098 2007 4145 est
2046 4090 2097 4142 V
2186 4092 2251 4143 14
2276 4093 2331 4142 et
2368 4105 2491 4143 eum

223 4224 308 4265 ena
329 4214 372 4267 G
525 4228 658 4283 cayn
689 4212 743 4265 V
858 4212 923 4265 16
956 4212 1223 4281 scriptura
1275 4209 1409 4262 locis
1443 4210 1522 4273 (ra
1547 4208 1612 4261 in
1628 4212 1763 4275 ras.)
1788 4208 1841 4261 P
1934 4207 1997 4259 18
2020 4204 2413 4259 insidiantur—
2434 4203 2491 4257 di

223 4300 354 4363 (unc.
361 4302 651 4369 mbric.)P
720 4316 847 4371 ergo
869 4317 971 4355 om.
993 4299 1227 4353 TGSVb
1283 4298 1349 4351 21
1373 4295 1787 4351 adnuntiabitP
1840 4296 1909 4349 22
1928 4290 2495 4363 Iudaeis]iohanneeS

226 4410 286 4464 27
320 4414 448 4485 ipse]
485 4414 578 4470 ille
629 4416 678 4469 V
853 4414 1203 4469 adnuntiabit
1238 4413 1292 4466 P
1324 4410 1673 4478 adnuntiabit
1710 4411 1831 4478 (sic.
1867 4409 2066 4479 ubtquc
2100 4410 2265 4474 corr.)
2308 4406 2393 4461 G

2278 4512 2343 4568 9*
