3159 4984
908 473 1003 527 VI.
1064 473 1353 529 Contra
1408 474 1780 528 Faustum
1837 474 1968 528 lib.
2025 476 2195 529 XVII.
2560 479 2695 542 489

395 688 609 750 (1113111
676 670 1093 734 scribarum
1154 674 1228 733 et
1301 670 1906 753 pharisaeorum,
1965 691 2106 737 11011
2163 672 2563 737 intrabitis
2619 672 2692 735 in

393 794 707 861 regnum
758 777 1159 844 caelorum,
1207 776 1273 840 id
1323 779 1423 842 est
1458 776 1582 841 nisi
1619 796 1739 843 uos
1778 777 2056 842 feceritis
2097 782 2164 841 et
2199 779 2292 842 ita
2329 778 2692 845 docueritis,

396 882 565 965 quod
610 881 709 946 illi
756 902 879 948 non
926 882 1173 947 faciunt
1216 885 1283 947 et
1328 886 1423 948 sie
1470 883 1730 952 docent,
1778 903 1900 948 non
1947 883 2268 949 intrabitis
2313 884 2378 947 in
2425 903 2692 967 regnum

396 990 733 1053 caelorum.
803 1008 993 1071 quam
1041 990 1449 1074 ergo'legem
1497 989 1811 1055 docebant
1863 990 2178 1073 pharisaei
2228 994 2293 1055 et
2337 1010 2460 1055 non
2505 992 2694 1055 facie-

346 1096 571 1173 ⁵bant,
637 1096 844 1177 ipsam
910 1093 1067 1160 dicit
1124 1096 1416 1161 Christus
1475 1116 1597 1160 non
1659 1116 1726 1160 se
1782 1096 2036 1161 uenisse
2093 1096 2362 1166 soluere.
2421 1095 2534 1161 sed
2589 1098 2694 1161 ad-

305 1644 357 1686 10

306 2177 359 2218 15

313 3242 365 3280 25

396 1202 653 1285 inplere,
690 1203 839 1283 quia
874 1202 1015 1285 ipsa
1045 1204 1323 1285 pertinet
1359 1202 1439 1267 ad
1476 1202 1840 1267 cathedram
1867 1203 2098 1286 Moysi,
2135 1203 2198 1267 in
2238 1221 2363 1285 qua
2399 1202 2696 1269 sedentes

394 1309 706 1391 pharisaei
775 1314 839 1374 et
913 1302 1195 1374 dieentes
1254 1329 1369 1374 neo
1422 1308 1728 1373 facientes
1787 1308 2084 1373 audiendi
2149 1312 2319 1385 sunt,
2377 1329 2499 1375 non
2555 1310 2694 1374 imi-

404 1415 596 1479 tandi.
1522 1412 1525 1415 ’

487 1526 546 1587 6.
594 1524 730 1588 Nee
776 1524 1098 1608 intellegit
1132 1524 1413 1588 Faustus
1463 1525 1575 1587 aut
1611 1524 1773 1587 forte
1813 1542 1880 1587 se
1921 1522 2104 1606 fingit
2141 1542 2266 1587 non
2302 1523 2692 1607 intellegere,

402 1629 553 1711 quid
598 1630 687 1695 sit
729 1630 969 1713 inplere
1016 1630 1245 1714 legem,
1287 1648 1429 1695 eum
1468 1629 1592 1695 1100
1631 1629 1706 1693 (10
1747 1630 2080 1694 uerborum
2121 1628 2474 1694 adiectione
2512 1632 2699 1712 putat

399 1735 855 1818 accipiendum,
924 1736 1073 1819 quia
1138 1735 1445 1818 scriptum
1504 1738 1624 1811 est,
1682 1754 1760 1800 ne
1820 1735 1971 1817 quid
2027 1734 2294 1798 addatur
2349 1735 2696 1819 scripturae

400 1841 499 1905 dei
545 1844 651 1907 uel
702 1842 1104 1907 detrahatur:
1174 1842 1339 1907 unde
1397 1842 1556 1907 dicit
1611 1861 1734 1906 non
1793 1841 2089 1906 debuisse
2145 1841 2470 1924 adinpleri,
2527 1842 2696 1926 quod

397 1950 487 2012 ita
531 1950 882 2033 perfeetum
939 1950 1437 2023 commendatur,
1498 1952 1571 2012 ut
1627 1948 1786 2012 nihil
1843 1947 2199 2012 addendum
2255 1947 2696 2012 minuendum—

398 2073 517 2136 que
568 2055 669 2121 sit.
721 2055 1017 2121 nesciunt
1060 2074 1211 2139 ergo
1258 2054 1391 2124 isti,
1432 2054 1750 2137 quomodo
1801 2054 2124 2136 adinpleat
2167 2054 2398 2137 legem,
2447 2054 2556 2136 qui
2603 2054 2695 2120 sic

402 2161 586 2239 uiuit,
626 2166 701 2225 ut
736 2163 835 2227 lex
871 2161 1211 2244 praecepit.
1261 2160 1662 2243 plenitudo
1712 2160 1880 2225 enim
1926 2160 2126 2244 legis
2176 2160 2478 2236 caritas,
2527 2160 2697 2225 sieut

403 2266 559 2332 dicit
595 2269 944 2350 apostolus.
992 2269 1183 2332 istam
1226 2269 1553 2332 caritatem
1593 2268 1888 2332 dominus
1931 2272 1996 2332 et
2034 2267 2324 2332 exhibere
2365 2269 2431 2331 et
2467 2266 2697 2332 donare

402 2373 698 2457 dignatus
748 2376 847 2440 est
890 2375 1201 2439 mittendo
1250 2374 1546 2439 fidelibus
1597 2374 1732 2439 suis
1791 2378 2084 2439 sanetum
2146 2374 2461 2457 spiritum.
2529 2374 2696 2438 unde

400 2480 555 2545 item
602 2480 759 2545 dicit
804 2480 972 2545 idem
1013 2482 1381 2565 apostolus:
1435 2482 1715 2546 caritas
1766 2481 1883 2545 dei
1932 2480 2219 2545 diffusa
2265 2482 2382 2546 est
2425 2481 2498 2543 in
2547 2499 2695 2545 eor-

402 2585 621 2651 dibus
689 2588 981 2653 nostris
1046 2608 1175 2671 per
1241 2588 1597 2670 spiritum
1665 2592 2040 2653 sanetum.
2109 2587 2233 2669 qui
2301 2587 2520 2651 datus
2580 2591 2698 2651 est

402 2694 639 2760 nobis.
710 2698 776 2758 et
820 2695 955 2777 ipse
1006 2694 1336 2759 dominus:
1394 2694 1465 2758 in
1513 2694 1652 2759 1100
1719 2693 1967 2758 soient
2023 2713 2304 2769 omnes,
2374 2694 2550 2775 quia
2597 2693 2694 2757 di-

402 2799 687 2883 scipuli
724 2800 868 2865 mei
910 2801 1119 2867 estis,
1162 2801 1223 2865 si
1262 2821 1399 2866 uos
1436 2801 1767 2865 inuicem
1807 2800 2180 2885 diligatis
2229 2800 2509 2882 inpletur
2545 2820 2694 2883 ergo

400 2905 517 2974 lex.
566 2909 674 2972 uel
723 2926 868 2971 eum
916 2909 1097 2985 fiunt,
1138 2926 1297 2990 quae
1343 2908 1434 2973 ibi
1480 2912 1817 2991 praecepta
1863 2910 2032 2976 sunt.
2073 2908 2178 2971 uel
2219 2925 2364 2971 eum
2403 2906 2696 2971 exhiben-

398 3016 525 3091 tur,
575 3032 735 3096 quae
782 3014 875 3077 ibi
919 3013 1294 3097 prophetata
1341 3016 1508 3078 sunt.
1558 3014 1658 3077 lex
1707 3014 1870 3078 enim
1919 3033 2031 3097 per
2068 3014 2333 3098 Moysen
2382 3012 2529 3077 data
2575 3016 2694 3082 est„

400 3120 600 3203 gratia
646 3122 861 3185 autem
901 3122 965 3185 et
1001 3120 1235 3183 ueritas
1274 3139 1385 3203 per
1429 3120 1642 3185 Iesum
1686 3120 2009 3185 Christum
2047 3120 2216 3184 facta
2255 3121 2371 3184 est.
2422 3120 2561 3203 ipsa
2596 3121 2696 3184 lex

402 3246 546 3291 eum
591 3227 833 3310 inpleta
880 3229 997 3298 est,
1038 3228 1246 3311 gratia
1295 3230 1358 3290 et
1400 3229 1638 3291 ueritas
1685 3227 1854 3292 facta
1901 3230 2017 3293 est.
2067 3226 2270 3311 gratia
2306 3226 2581 3309 pertinet
2617 3226 2695 3289 ad

402 3334 683 3399 caritatis
748 3334 1234 3417 plenitudinem,
1302 3334 1538 3399 ueritas
1600 3334 1677 3397 ad
1732 3333 2205 3417 prophetiarum
2258 3332 2691 3415 inpletionem.

400 3444 467 3507 et
510 3441 661 3523 quia
705 3444 1043 3523 utrumque
1092 3461 1202 3508 001·
1238 3441 1586 3517 Christum,
1635 3440 1776 3504 ideo
1825 3459 1949 3504 non
1988 3440 2166 3503 uenit
2203 3440 2448 3504 soluere
2483 3439 2694 3522 legem

580 3698 647 3753 12
708 3700 774 3753 01.
833 3700 993 3753 Deut.
1057 3702 1140 3763 12,
1206 3702 1276 3754 32
1462 3703 1526 3754 15
1591 3701 1746 3755 Rom.
1813 3701 1896 3766 13,
1968 3700 2034 3753 10
2220 3701 2286 3754 18
2341 3701 2492 3756 Rom.
2551 3704 2601 3765 5,
2661 3704 2692 3754 5

401 3787 471 3839 20
508 3786 623 3841 1011.
668 3787 751 3853 13,
791 3790 859 3843 35
970 3790 1038 3842 24
1078 3789 1143 3843 ef.
1183 3789 1299 3844 Ioh.
1344 3793 1388 3855 1,
1430 3790 1495 3844 17

469 3949 504 4001 2
544 3950 625 4015 (et
658 3947 713 4018 3)
750 3964 918 4019 regno
949 3954 1096 4018 (sup.
1135 3967 1164 4002 0
1206 3967 1242 4002 a
1278 3967 1347 4003 m.
1386 3955 1417 4002 1
1444 3952 1497 4013 ir)
1527 3950 1579 4002 L
1707 3949 1837 4015 Ideo
1875 3948 1921 4003 0
1987 3952 2022 4003 4
2062 3949 2298 4019 pharisei
2335 3952 2378 4003 G
2451 3951 2481 4003 7
2511 3950 2690 4020 phari-

400 4038 479 4091 sei
516 4037 561 4090 0
668 4038 700 4091 9
734 4038 1013 4109 intellegit
1051 4039 1123 4105 (10
1160 4040 1222 4091 in
1256 4038 1298 4093 li
1336 4055 1471 4092 corr.
1508 4056 1577 4093 m.
1616 4042 1665 4107 1)
1701 4038 1748 4091 C
1856 4037 1924 4091 14
1958 4038 2206 4092 nesciunt
2245 4041 2300 4105 (n
2337 4054 2436 4093 sec.
2474 4056 2518 4093 s.
2559 4040 2616 4105 l.)
2651 4040 2695 4092 C

404 4130 470 4183 15
496 4128 763 4199 praecipit
781 4130 826 4183 (J
968 4132 1052 4183 est
1070 4129 1263 4183 caritas
1285 4127 1316 4180 b
1419 4129 1483 4179 16
1514 4132 1571 4181 et
1600 4133 1728 4180 ante
1755 4126 2004 4181 exhibere
2032 4144 2134 4181 om.
2154 4126 2242 4180 Lb
2342 4129 2409 4180 17
2438 4127 2688 4197 spiritum

400 4221 644 4272 sanctum
688 4216 888 4273 GSMb
967 4219 1031 4273 18
1071 4219 1266 4272 caritas
1306 4222 1353 4282 (s
1394 4235 1432 4270 a
1464 4234 1535 4271 m.
1574 4222 1604 4270 1
1638 4233 1680 4270 s.
1722 4215 1778 4285 l.)
1817 4220 1868 4271 L
1941 4215 2008 4269 23
2043 4232 2229 4270 mosen
2267 4214 2330 4269 S·
2404 4216 2472 4269 24
2511 4218 2692 4269 autem

401 4312 470 4374 (8.
508 4309 572 4375 l.)
617 4309 683 4373 G,
723 4325 824 4363 o-m.
862 4307 949 4361 Pb
1158 4308 1271 4373 clex
1311 4308 1355 4359 G
1549 4305 1618 4358 26
1657 4306 1800 4375 plen.
1841 4306 1990 4359 carit.
2030 4304 2106 4359 Sb
2279 4304 2602 4374 pphetarum
2639 4303 2694 4356 P

400 4396 841 4468 adimpletionem
880 4395 1079 4452 SGMb
1188 4397 1257 4449 27
1293 4413 1400 4450 non
1438 4396 1611 4466 uenit]
1653 4395 1906 4449 conuenit
1944 4394 2065 4449 816*-
