3159 4984
487 471 614 534 618
1167 468 1218 518 S.
1278 466 1559 519 Aureli
1621 463 2057 533 Augustini

484 664 717 728 falsum
765 663 1148 746 confingitiS‚
1196 681 1383 743 quem
1431 679 1548 726 nos
1587 660 1793 724 colere
1828 660 1938 724 uel
1974 658 2362 722 arbitramini
2398 656 2506 720 uel
2544 657 2785 720 calum-

483 770 763 849 niamini,
802 769 912 853 qui
947 773 1162 834 tamen
1201 767 1394 832 etiam
1426 767 1566 850 ipso
1610 767 1817 831 multo
1867 769 1968 830 est
2008 764 2237 830 melior
2282 763 2399 830 deo
2436 767 2653 828 uestro
2693 801 2787 810 -—

484 879 668 942 ambo
719 877 886 941 enim
931 895 1057 942 non
1105 877 1258 940 sunt
1302 877 1368 938 et
1413 893 1450 938 a
1493 872 1683 938 uobis
1739 872 1923 938 ambo
1978 871 2305 956 finguntur
2350 907 2437 918 —
2484 871 2599 936 sed
2650 889 2787 934 me·

479 985 702 1050 liorem
749 984 990 1068 fingitis
1039 1002 1206 1062 eum,
1255 1001 1446 1064 quem
1489 982 1819 1062 tamquam
1864 982 2155 1045 nostrum
2200 979 2541 1054 accusatis,
2592 995 2787 1060 quam

483 1111 650 1168 eum,
698 1111 889 1174 quem
935 1093 1224 1155 uestrum
1271 1088 1568 1153 adoratis,
2870 1102 2903 1139 ⁵

575 1200 680 1262 23.
749 1197 854 1264 Sic
911 1200 977 1261 et
1028 1195 1416 1281 patriarchas
1475 1196 1540 1258 et
1593 1194 1935 1276 prophetas
1990 1211 2115 1259 non
2170 1193 2332 1256 tales
2376 1191 2789 1275 uituperatiS.

484 1305 704 1388 quales
751 1305 1140 1370 honorantur
1185 1322 1222 1367 a
1267 1303 1472 1380 nobiS‚
1532 1301 1647 1368 sed
1704 1302 1925 1384 quales
1981 1301 2161 1366 libris
2218 1300 2453 1366 nostris
2510 1319 2635 1365 non
2692 1301 2793 1364 in-

483 1411 762 1477 tellectis
833 1410 1156 1474 maleuola
1217 1409 1499 1474 uanitate
1543 1409 1853 1474 finxistis:
1903 1426 2063 1490 quos
2108 1411 2320 1472 tamen
2368 1408 2563 1471 etiam
2607 1406 2793 1488 ipsos

484 1518 706 1603 quales
751 1517 952 1582 fuisse
999 1515 1433 1599 suspicamini,
1479 1533 1706 1597 parum
1756 1518 1875 1593 est,
1924 1515 1981 1580 si
2027 1514 2235 1580 dicam
2279 1513 2513 1579 uestris
2562 1513 2793 1577 elec-tis

483 1625 695 1692 omnia
749 1623 1106 1688 Manichaei
1169 1621 1466 1686 mandata
1530 1622 1954 1700 sementibus,
2022 1621 2143 1686 nisi
2201 1621 2392 1685 etiam
2450 1619 2793 1685 ostendam
2836 1631 2899 1668 1⁰

482 1735 621 1816 ipso
681 1731 797 1796 deo
853 1732 1070 1796 uestro
1129 1747 1270 1794 esse
1325 1728 1644 1795 meliores.
1702 1729 1871 1811 quod
1926 1747 2051 1794 non
2125 1727 2455 1812 adgrediar
2530 1727 2793 1792 demon-

486 1843 708 1916 strare,
775 1837 899 1902 nisi
960 1836 1137 1921 prius
1195 1837 1450 1901 sanctos
1503 1837 1717 1918 patres
1783 1837 2031 1900 nostros
2085 1835 2473 1918 patriarchas
2528 1839 2595 1899 et
2646 1853 2793 1918 pro-

483 1946 710 2030 phetas
740 1963 778 2008 a
810 1942 1356 2008 criminationibus
1387 1941 1621 2006 uestris
1653 1941 1991 2006 adiuuante
2018 1962 2121 2006 me
2152 1941 2405 2007 domino
2444 1941 2795 2007 aduersum

487 2051 676 2118 corda
723 2050 998 2118 carnalia
1050 2049 1386 2132 perspicua
1437 2047 1683 2113 ratione
1740 2047 2093 2112 defendero.
2162 2051 2226 2112 et
2270 2048 2458 2114 uobis
2506 2048 2793 2131 quidem,

362 2189 372 2200 ·
487 2157 861 2235 Manichaei,
913 2157 1005 2221 810
1050 2155 1428 2238 respondere
1477 2154 1818 2230 sufficeret,
1876 2155 1951 2217 ut
1996 2154 2189 2218 etiam
2236 2154 2415 2232 uitia,
2464 2173 2625 2238 quae
2672 2175 2795 2237 pu·
2836 2161 2895 2201 ¹⁵

487 2265 660 2342 tatis,
717 2266 1078 2328 nostrorum
1131 2261 1431 2326 laudibus
1487 2265 1849 2326 uestrorum
1903 2259 2345 2343 praeponenda
2391 2261 2795 2336 (1008181888,

485 2370 788 2434 addentes
817 2369 896 2432 ad
929 2370 1256 2432 cumulum
1287 2367 1679 2432 confusionis
1718 2369 1991 2444 uestrae,
2030 2370 2106 2431 ut
2142 2368 2335 2431 etiam
2377 2368 2535 2433 deus
2572 2373 2801 2433 uester

486 2479 676 2560 longe
722 2476 900 2559 peior
935 2475 1329 2539 inueniretur
1363 2474 1749 2552 hominibus,
1792 2475 2012 2555 quales
2048 2479 2299 2539 nostros
2337 2477 2550 2557 patres
2586 2475 2797 2540 fuisse

487 2583 762 2648 iactatis.
831 2583 925 2647 810
981 2601 1152 2666 ergo,
1209 2583 1286 2645 ut
1339 2581 1485 2659 dixi,
1552 2580 1739 2645 uobis
1802 2581 2179 2664 respondere
2244 2581 2587 2649 sufficeret.
2676 2583 2801 2648 sed

487 2690 786 2774 quoniam
832 2689 1121 2756 nonnulli
1168 2688 1360 2754 etiam
1405 2690 1654 2772 praeter
1698 2691 1915 2753 uestra
1966 2688 2335 2771 uaniloquia
2390 2707 2509 2754 sua
2562 2693 2799 2773 sponte
2834 2690 2895 2732 ²⁰

487 2799 948 2864 conmouentur
1009 2796 1212 2860 uitam
1276 2796 1728 2878 prophetarum
1794 2795 1859 2859 in
1923 2799 2141 2861 uetere
2204 2797 2591 2862 testamento
2644 2816 2799 2864 con-

485 2907 778 2986 parantes
834 2903 1006 2966 uitae
1063 2903 1498 2986 apostolorum
1552 2902 1621 2966 in
1676 2921 1843 2968 nouo
1900 2905 2281 2968 testamento
2328 2922 2447 2968 nec
2494 2903 2796 2969 ualentes

488 3011 842 3076 discernere
890 3008 1416 3074 consuetudinem
1461 3009 1768 3092 temporis
1814 3009 2012 3086 illius,
2062 3027 2187 3092 quo
2232 3009 2571 3092 promissio
2618 3011 2799 3074 uela-

486 3117 692 3194 batur,
743 3135 778 3180 a
827 3114 1281 3181 consuetudine
1319 3115 1623 3198 temporis
1657 3115 1870 3194 istius,
1910 3134 2034 3198 quo
2070 3115 2409 3199 promissio
2445 3117 2799 3197 reuelatur,

490 3224 580 3288 818
637 3223 841 3306 magis
895 3221 1276 3305 respondere
1333 3223 1676 3306 conpellor‚
1736 3222 1845 3304 qui
1899 3222 2005 3286 uel
2058 3224 2539 3307 temperantiam
2610 3245 2803 3293 suam
2834 3228 2889 3269 ’ᾗ

490 3330 724 3402 audent
767 3328 1076 3411 praeferre
1122 3329 1449 3412 prophetis
1495 3329 1606 3394 uel
1650 3330 1970 3412 nequitiae
2018 3349 2169 3395 suae
2218 3333 2529 3412 quaerunt
2582 3335 2801 3414 patro·

490 3437 654 3502 cinia
699 3436 776 3500 de
822 3435 1168 3518 prophetis.

581 3543 684 3606 24.
755 3539 894 3620 Qua
957 3541 1021 3604 in
1085 3559 1152 3604 re
1217 3541 1340 3606 hoc
1402 3541 1679 3624 primum
1745 3542 1886 3608 dico
1952 3543 2207 3607 illorum
2272 3543 2599 3608 hominum
2670 3563 2798 3609 non

491 3652 738 3712 tantum
769 3647 1076 3731 linguam,
1107 3666 1330 3712 uerum
1371 3649 1561 3712 etiam
1601 3647 1799 3714 uitam
1821 3649 2038 3742 ’fuisse
2076 3649 2511 3733 propheticam
2548 3653 2795 3716 totum-

561 3910 593 3962 2
633 3914 718 3964 est
755 3910 916 3976 (add.
953 3926 1020 3962 m.
1061 3913 1126 3976 2)
1165 3909 1212 4012 (f
1348 3909 1540 3964 melior
1565 3909 1606 3971 (i
1632 3925 1675 3965 8.
1707 3911 1743 3964 1.
1775 3928 1812 3963 a
1838 3927 1906 3964 m.
1935 3914 1987 3978 1)
2014 3910 2069 3963 L
2150 3910 2185 3963 3
2222 3926 2325 3964 non
2367 3927 2467 3967 om.
2498 3913 2529 3963 b
2602 3915 2637 3966 4
2668 3929 2795 3968 eum

493 4027 672 4095 quem]
710 4041 940 4095 eumque
979 4024 1010 4078 b
1049 4039 1241 4094 eumq:
1281 4026 1334 4079 L
1461 4025 1490 4081 7
1529 4024 1859 4095 intellegitis
1910 4031 1969 4080 et
2005 4025 2062 4087 S,
2104 4025 2173 4094 (85
2206 4042 2249 4081 8.
2290 4027 2349 4082 l.)
2392 4026 2445 4082 G
2552 4027 2588 4080 8
2624 4028 2791 4082 mali·

491 4115 614 4168 nola
649 4113 908 4169 PSGMb
1091 4113 1160 4168 10
1195 4113 1464 4168 manichei
1503 4112 1612 4167 LG
1789 4117 1856 4168 15
1902 4117 2023 4168 uita
2064 4119 2111 4176 (τ
2148 4133 2217 4169 m.
2254 4131 2355 4170 rec.
2402 4121 2696 4185 superscr.)
2748 4115 2797 4168 0

493 4219 596 4273 que
639 4203 702 4257 0¹
744 4205 898 4274 (corr.
936 4219 1005 4256 m.
1045 4219 1145 4256 rec.
1183 4203 1247 4255 in
1285 4207 1412 4272 qua)
1539 4204 1607 4256 21
1646 4204 1819 4258 ueteri
1859 4205 1966 4258 LC
2088 4204 2157 4258 23
2194 4204 2495 4260 discernere
2534 4221 2583 4270 11·
2616 4221 2706 4274 pr.
2742 4219 2791 4259 ε.

493 4294 550 4353 l.)
623 4291 670 4347 C
855 4291 1172 4361 temporalis
1237 4291 1323 4344 Lb
1467 4290 1743 4346 uelabitur
1794 4293 1859 4346 (1¹
2006 4293 2077 4347 24
2142 4310 2173 4347 a
2240 4293 2787 4349 consuetudine—eis

493 4397 594 4434 om.
634 4379 666 4428 P»
773 4380 843 4433 26
881 4383 1114 4449 querunt
1156 4381 1200 4432 G
