3159 4984
473 448 596 509 184
1160 444 1211 495 S.
1269 443 1543 497 Aureli
1599 442 2029 513 Augustini

465 641 686 705 Esaias
760 640 1080 724 loquitur:
1164 641 1412 707 locum
1494 641 1959 706 nominatum
2040 641 2425 705 meliorem
2510 641 2749 704 multo

465 747 808 814 filiorum
855 753 928 814 et
973 746 1332 816 filiarum.
1385 766 1649 812 nomen
1698 751 2079 812 aeternum
2129 747 2315 812 dabo
2354 748 2486 814 eis·
2524 746 2750 828 inquit.

465 874 589 920 non
657 876 804 940 ergo
869 856 982 921 isti
1047 855 1429 919 arbitrentur
1491 854 1554 918 in
1622 855 1758 919 solo
1825 854 2153 938 euangelio
2218 856 2345 919 tale
2400 854 2753 937 praemium

465 964 752 1045 promitti
794 964 1031 1028 sanctis
1082 964 1492 1043 uentremque
1540 980 1813 1025 uacuum
1866 964 1928 1027 et
1972 962 2163 1025 ubera
2214 962 2387 1024 arida
2432 966 2493 1025 et
2538 960 2754 1026 morti-

467 1070 728 1135 ficatum
778 1088 992 1134 semen
1042 1088 1118 1133 ne
1164 1069 1427 1151 pariant.
1476 1067 1855 1152 intellegant
1902 1068 1977 1133 de
2026 1068 2124 1132 his
2174 1088 2313 1133 esse
2362 1068 2625 1133 dictum.
2674 1066 2751 1129 de
2816 1086 2843 1123 a

467 1175 698 1258 quibus
757 1176 912 1241 dicit·
966 1176 1334 1259 apostolus:
1403 1176 1608 1241 sicut
1664 1175 1855 1240 enim
1913 1176 2205 1241 Iamnes
2263 1180 2337 1240 et
2382 1174 2752 1240 Mambres

465 1282 929 1347 restiterunt
982 1281 1257 1365 Moysi.
1319 1282 1429 1346 sic
1489 1285 1560 1345 et
1614 1281 1752 1347 isti
1805 1282 2184 1347 resistunt
2229 1281 2577 1347 ueritati.
2634 1280 2753 1345 ho-

467 1388 708 1454 mines
755 1392 1004 1453 mente
1055 1389 1415 1472 corrupti.
1463 1388 1765 1471 reprobi
1816 1390 2017 1453 circa
2061 1390 2309 1464 fidem,
2367 1388 2495 1454 sed
2554 1389 2756 1451 ultra

471 1516 612 1561 non
661 1496 1110 1579 proficient3
1163 1494 1536 1559 dementia
1594 1495 1786 1559 enim
1844 1515 2091 1561 eorum
2149 1496 2551 1561 manifesta
2610 1495 2757 1559 erit

470 1603 841 1678 omnibus,
893 1604 1098 1667 sicut
1145 1605 1219 1666 et
1263 1602 1570 1667 illorum
1622 1602 1789 1667 fuit.
1848 1622 1991 1667 cum
2042 1623 2189 1687 ergo
2238 1604 2401 1667 ultra
2450 1622 2571 1669 non
2618 1620 2755 1684 pro·
2798 1616 2851 1655 1⁰

463 1710 696 1777 ficient.
764 1712 915 1773 tunc
984 1709 1307 1773 habebunt
1369 1712 1657 1774 uentrem
1732 1730 2005 1775 uacuum
2076 1715 2137 1774 et
2202 1712 2393 1775 ubera
2458 1709 2625 1773 arida
2694 1712 2758 1771 et

473 1816 926 1882 mortificatum
965 1835 1203 1879 semen.
1252 1816 1316 1879 in
1363 1836 1488 1898 qua
1534 1816 1846 1881 sententia.
1894 1836 1961 1881 se
2007 1817 2117 1881 isti
2154 1820 2475 1899 tamquam
2512 1816 2573 1880 in
2616 1834 2755 1898 spe-

467 1926 611 1990 culo
662 1923 1000 2008 dignentur
1040 1922 1372 2006 inspicere.

554 2032 659 2094 26.
709 2031 802 2094 De
853 2048 947 2105 eo,
997 2030 1163 2111 quod
1221 2029 1526 2113 scriptum
1575 2033 1675 2094 est
1719 2030 1783 2094 in
1831 2029 2028 2094 Amos
2074 2029 2417 2113 propheta:
2468 2030 2530 2094 si
2576 2028 2752 2094 fieri

460 2140 751 2221 potest.
819 2140 905 2200 ut
961 2136 1440 2200 ambulantes
1509 2136 1652 2201 duo
1718 2137 1789 2200 in
1857 2136 1979 2199 uia
2046 2136 2347 2200 minime
2406 2154 2482 2200 se
2540 2146 2841 2219 agno-¹⁵

465 2247 711 2311 scant.
753 2247 824 2307 et
863 2244 984 2308 leo
1025 2242 1187 2307 sine
1227 2242 1500 2327 praeda
1539 2243 1627 2307 ad
1666 2245 1997 2308 catulum
2038 2264 2249 2308 suum
2290 2247 2749 2319 reuertatur;

463 2352 525 2417 si
605 2351 913 2417 decidet
979 2350 1144 2415 auis
1211 2351 1372 2415 sine
1441 2370 1727 2434 aucupe
1793 2351 1863 2415 in
1928 2354 2233 2427 terram.
2300 2351 2364 2413 si
2428 2350 2753 2414 tendunt

465 2458 970 2542 muscipulam
1038 2458 1200 2522 sine
1269 2476 1523 2535 causa.
1588 2462 1672 2522 ut
1736 2458 1932 2522 nihil
2006 2458 2336 2541 capiant;
2413 2458 2475 2522 si
2544 2457 2753 2520 dabit

465 2584 725 2630 sonum
764 2566 946 2629 tuba
984 2566 1054 2629 in
1097 2565 1438 2643 ciuitate,
1477 2568 1562 2629 ut
1590 2565 1805 2647 plebs
1835 2584 1975 2629 non
2008 2567 2357 2629 terratur:
2386 2565 2493 2628 ita
2524 2563 2749 2628 etiam

467 2672 740 2735 malum
790 2670 1100 2753 aliquod
1145 2671 1217 2735 in
1267 2672 1587 2736 ciuitate
1638 2691 1778 2738 non
1838 2676 2339 2756 perpetratur.
2389 2670 2583 2753 quod
2632 2671 2747 2736 do·
2786 2678 2841 2717 ²⁰

461 2778 712 2842 minus
752 2798 890 2842 non
930 2777 1181 2844 faciet.
1222 2777 1462 2841 malum
1501 2778 1622 2843 hoc
1659 2778 1800 2843 loco
1840 2798 1963 2843 non
2002 2781 2359 2862 peccatum.
2401 2778 2513 2842 sed
2551 2794 2751 2861 poena

465 2884 894 2968 intellegenda
933 2888 1050 2949 est.
1093 2883 1431 2968 dupliciter
1457 2884 1627 2948 enim
1666 2886 2020 2967 appellatur
2044 2886 2323 2951 malum:
2355 2903 2549 2949 unum
2580 2884 2747 2967 quod

460 2991 649 3057 homo
697 2991 870 3056 facit.
921 2991 1190 3054 alterum
1237 2990 1406 3072 quod
1451 2990 1729 3073 patitur3
1788 2992 1957 3074 quod
2010 2992 2183 3058 facit.
2230 2996 2563 3075 peccatum
2612 2994 2746 3065 est3

462 3097 630 3181 quod
677 3098 933 3179 patitur,
979 3115 1202 3180 poena.
1254 3097 1328 3161 de
1376 3098 1598 3179 poenis
1638 3117 1786 3182 ergo
1822 3099 2201 3180 loquebatur
2234 3098 2561 3181 propheta.
2602 3116 2746 3162 cum

461 3202 583 3268 hoc
649 3204 907 3270 diceret.
985 3202 1198 3268 diuina
1265 3202 1428 3266 enim
1495 3204 1897 3287 prouidentia
1960 3207 2191 3269 cuncta
2252 3204 2617 3270 moderante
2682 3208 2748 3267 et
2781 3210 2835 3251 ⁸⁵

465 3310 855 3395 gubernante
901 3309 992 3374 ita
1037 3310 1227 3375 homo
1275 3311 1439 3375 male
1487 3310 1660 3377 facit.
1709 3311 1877 3393 quod
1923 3313 2087 3379 uult.
2134 3316 2209 3376 ut
2244 3312 2409 3376 male
2446 3312 2743 3395 patiatur,

460 3415 629 3498 quod
684 3435 806 3481 non
865 3416 1029 3482 uult.
1096 3417 1191 3481 sic
1254 3421 1468 3482 autem
1524 3418 1637 3482 isti
1692 3422 1994 3483 accusant
2045 3420 2419 3503 prophetam
2474 3419 2597 3484 ista
2653 3418 2743 3482 di·

459 3525 730 3592 centem.
763 3523 943 3603 quasi
973 3524 1036 3587 in
1067 3524 1400 3608 euangelio
1439 3544 1562 3589 non
1602 3525 1901 3609 legerint:
1937 3546 2173 3591 nonne
2213 3526 2354 3591 duo
2392 3544 2743 3610 passeres

598 3658 625 3711 1
657 3656 746 3711 Es,
775 3659 859 3713 56.
891 3660 922 3711 5
996 3658 1028 3711 6
1057 3656 1114 3711 11
1141 3657 1278 3713 Tim.
1309 3660 1358 3715 3.
1389 3660 1422 3713 8
1452 3680 1530 3730 sq.
1612 3662 1675 3714 14
1706 3662 1869 3715 Amos
1899 3662 1948 3719 3.
1979 3664 2011 3717 3
2042 3680 2159 3733 sqq.
2234 3666 2303 3718 22<
2334 3666 2529 3719 Matth.
2562 3666 2645 3727 10,
2675 3664 2743 3719 29

529 3801 552 3853 1
611 3798 792 3870 ysaias
862 3798 906 3851 Γ
1045 3802 1217 3856 multo
1274 3801 1553 3856 meliorem
1617 3802 1698 3856 Tb
1808 3806 1841 3857 2
1896 3806 2087 3876 mquid
2142 3808 2196 3861 P
2316 3808 2348 3861 3
2404 3808 2531 3877 non]
2588 3825 2656 3861 ne
2713 3808 2744 3861 b

455 3892 550 3954 eut
586 3888 644 3944 in
683 3891 736 3943 P
835 3891 872 3943 4
909 3890 1182 3959 promittit
1217 3890 1272 3943 P
1377 3892 1412 3945 5
1449 3892 1777 3963 intellegant
1816 3896 1871 3959 (n
1899 3895 1961 3947 in
1989 3911 2019 3949 a
2050 3900 2207 3954 corr.)
2238 3897 2293 3950 P
2396 3896 2429 3951 6
2468 3898 2748 3967 apostolus

455 3978 590 4032 dicit
619 3978 673 4031 V
799 3978 1086 4049 mambres]
1107 3978 1339 4033 iambres
1365 3978 1414 4034 G
1425 3979 1476 4033 T
1480 3978 1568 4033 OS
1664 3980 1896 4036 iambres
1927 3987 1981 4037 et
2007 3984 2215 4037 iamnes
2256 3983 2308 4035 V
2372 3985 2407 4039 9
2434 3984 2671 4055 ipsorum
2704 3985 2751 4038 V

459 4095 521 4147 11
561 4092 712 4149 arida
750 4094 918 4149 ubera
968 4093 1014 4145 Γ
1119 4094 1186 4148 12
1223 4097 1302 4165 se]
1341 4094 1388 4149 si
1429 4094 1476 4149 C
1618 4097 1837 4168 speculo
1876 4097 1931 4151 P
2036 4100 2101 4153 17
2140 4067 2307 4171 ἐςιιρρ
2336 4100 2393 4155 Ρ
2500 4102 2565 4155 18
2600 4118 2749 4155 mus-

451 4182 632 4251 cipulo
657 4182 709 4237 G
863 4180 935 4236 20
989 4198 1094 4236 uon
1151 4198 1254 4237 om.
1291 4181 1346 4234 P
1503 4184 1568 4237 21
1612 4184 1784 4239 facie-t
1825 4188 1912 4253 (ex
1948 4190 2007 4241 at
2043 4194 2203 4255 corr.)
2253 4187 2308 4240 P
2414 4190 2484 4243 23
2540 4190 2752 4260 patitur

458 4286 593 4340 pena.
621 4269 666 4323 (Ὺ
771 4268 1160 4342 quod—poena
1181 4286 1282 4326 om.
1311 4270 1446 4325 ‹⁷17›
1547 4273 1615 4327 26
1646 4273 1721 4327 ita
1752 4273 1913 4329 homo
1942 4275 2081 4329 male
2108 4292 2219 4345 sqq.
2241 4275 2315 4329 Ρ1
2462 4276 2595 4331 fecit
2618 4276 2665 4331 0
2680 4277 2750 4331 Vb

457 4364 516 4413 ut
553 4376 653 4414 om.
695 4360 748 4413 P
851 4359 920 4413 27
959 4360 1058 4429 sie]
1098 4360 1144 4413 si
1189 4358 1236 4414 G
