3159 4984
497 474 628 535 498
1190 476 1241 527 S.
1300 474 1572 527 Aureli
1632 475 2070 545 Augustini

498 669 605 732 alii
668 670 979 736 uerita-tis,
1046 670 1158 733 sed
1224 669 1300 734 de
1364 670 1743 753 Iudaeorum
1801 672 2058 755 quidem
2107 673 2322 748 nullus
2371 672 2794 754 quaesiuerit:

498 778 719 839 notum
786 778 885 840 est
950 776 1135 839 enim.
1204 776 1280 840 de
1347 777 1634 861 gentium
1699 796 1850 843 uero
1910 778 1964 842 si
2021 779 2166 859 quis
2211 778 2508 861 ambigit,
2577 778 2794 841 audiat

494 882 787 956 Paulum,
846 883 957 964 qui
1013 884 1294 947 scribens
1352 883 1429 946 ad
1478 883 1694 947 Titum
1753 886 1828 948 de
1879 884 2288 949 Cretensibus
2349 884 2540 949 dicit:
2585 860 2796 949 'dixit

496 988 799 1067 quidam
845 990 1200 1071 proprius
1251 1008 1505 1053 eorum
1563 992 1964 1074 propheta:
2033 990 2438 1055 Cretenses
2499 1010 2797 1073 semper

492 1096 920 1167 mendaces,
990 1098 1233 1160 malae
1294 1098 1624 1175 bestiae,
1693 1103 2001 1162 uentres
2067 1098 2285 1181 pigri.
2356 1117 2428 1161 ac
2491 1117 2616 1180 per·
2668 1098 2792 1162 hoc
2869 1120 2908 1157 5

494 1201 910 1268 dubitandum
958 1223 1082 1267 non
1131 1207 1229 1268 est
1276 1208 1339 1268 et
1385 1207 1609 1287 gentes
1659 1224 1809 1269 suos
1858 1205 2088 1269 habere
2134 1205 2526 1299 prophetas,
2547 1222 2794 1268 necnon

494 1310 559 1369 et
621 1310 957 1373 ueritatem
1013 1310 1242 1375 habere
1297 1310 1638 1393 prophetas
1697 1330 1858 1395 suos·
1903 1316 2036 1375 tam
2091 1312 2260 1376 idem
2305 1312 2547 1375 Paulus
2596 1310 2794 1393 signi-

491 1414 641 1478 ficat
706 1434 895 1497 quam
965 1417 1154 1481 etiam
1220 1418 1423 1483 Iesus.
1495 1422 1559 1481 et
1623 1420 1804 1483 Iesus
1872 1420 2130 1500 quidem
2186 1420 2296 1483 ubi
2357 1420 2547 1483 dicit:
2617 1438 2794 1482 ecce

490 1522 711 1586 mitto
762 1522 849 1589 ad
896 1544 1032 1589 uos
1082 1526 1471 1607 sapientes
1514 1530 1588 1590 et
1624 1526 2059 1609 prophetas,
2103 1528 2176 1590 et
2213 1546 2294 1589 ex
2331 1526 2526 1609 ipsis
2563 1526 2794 1590 inter-

490 1628 785 1693 ficietis
840 1632 911 1694 in
974 1633 1305 1715 singulis
1363 1633 1587 1699 locis:
1655 1635 1894 1698 Paulus
1953 1653 2102 1699 uero
2161 1654 2308 1699 cum
2366 1634 2556 1697 dicit:
2622 1632 2793 1715 ipse
2839 1656 2896 1694 10

491 1734 835 1801 dominus
868 1739 1279 1803 constituit
1305 1741 1541 1822 primo
1574 1742 1993 1823 apostOIOS‚
2029 1741 2306 1806 deinde
2352 1739 2794 1824 prophetas.

580 1844 640 1905 3.
708 1842 874 1927 Lege
924 1864 1070 1927 ergo
1118 1846 1433 1927 tripertita
1481 1851 1545 1910 et
1592 1848 1924 1931 tripertitis
1970 1848 2318 1931 prophetis,
2383 1849 2460 1912 de
2501 1866 2794 1930 quonam

490 1968 705 2011 eorum
752 1951 933 2015 Iesus
983 1952 1223 2030 dixerit,
1274 1973 1395 2017 non
1447 1956 1602 2019 satis
1659 1955 1883 2035 liquet,
1945 1958 2045 2019 est
2098 1959 2310 2019 tamen
2373 1955 2654 2019 conicere
2715 1974 2794 2016 ex

490 2056 1043 2135 consequentibus.
1096 2059 1327 2122 etenim
1378 2060 1432 2123 si
1480 2060 2022 2125 circumcisionem
2076 2062 2292 2126 statim
2331 2061 2682 2125 nominaret
2723 2064 2792 2123 01

490 2160 753 2223 sabbata
799 2180 869 2225 ac
918 2164 1222 2228 sacrificia
1270 2168 1333 2229 et
1372 2166 1848 2232 obseruationes
1886 2167 2230 2231 Hebraicas
2279 2167 2469 2247 inque
2519 2186 2625 2230 eas
2673 2166 2792 2229 ali·
2833 2184 2900 2221 1⁵

488 2267 639 2348 quid
678 2268 1123 2351 adinpletionis
1160 2274 1363 2355 gratia
1407 2274 1800 2356 protulisset,
1850 2274 2113 2338 dubium
2161 2293 2282 2338 non
2325 2276 2473 2339 erat.
2515 2274 2668 2354 quin
2707 2274 2792 2337 de

480 2380 859 2445 Iudaeorum
915 2379 1057 2464 lege
1115 2380 1378 2444 dixisset
1436 2384 1499 2445 et
1553 2382 1901 2464 prophetis,
1963 2382 2114 2463 quia
2179 2400 2288 2445 eos
2345 2400 2468 2445 non
2527 2381 2788 2445 soluere

480 2488 745 2559 uenerit,
798 2488 907 2551 sed
958 2488 1296 2570 adinplere.
1346 2488 1456 2552 ubi
1496 2508 1648 2551 uero
1688 2489 1914 2553 horum
1953 2488 2213 2571 quidem
2253 2488 2410 2551 nihil
2446 2492 2786 2558 memorat,

482 2598 619 2661 sola
654 2615 805 2660 uero
844 2600 1131 2659 recenset
1170 2596 1524 2675 antiquiora
1562 2600 1916 2679 praecepta,
1962 2596 2028 2659 id
2077 2600 2212 2659 est:
2263 2616 2402 2660 non
2453 2595 2784 2661 occides-

482 2723 621 2768 non
687 2703 1244 2777 moechaberis,
1314 2722 1453 2767 non
1520 2704 1904 2785 peierabis
1963 2742 2049 2749 —
2106 2704 2262 2768 haec
2327 2706 2540 2767 autem
2605 2707 2787 2765 erant
2825 2720 2893 2756 τι·

480 2810 833 2893 antiquitus
881 2810 944 2873 10
993 2810 1374 2875 nationibus.
1427 2813 1499 2873 ut
1546 2813 1646 2874 est
1681 2810 1747 2873 in
1785 2814 2084 2893 promptu
2121 2810 2405 2892 probare.
2448 2810 2598 2873 olim
2636 2829 2786 2892 pro—

479 2919 765 2999 mulgata
810 2938 921 2999 per
966 2918 1179 2981 Enoch
1232 2921 1295 2979 et
1344 2916 1497 2980 Seth
1546 2920 1608 2980 01
1669 2921 1910 2981 ceteros
1972 2936 2190 2981 eorum
2248 2917 2490 2981 similes
2545 2917 2780 2981 iustos,

481 3025 713 3107 quibus
763 3026 979 3089 eadem
1026 3025 1328 3088 inlustres
1377 3024 1751 3087 tradiderint
1807 3024 2018 3107 angeli
2065 3023 2508 3107 temperandae
2555 3023 2618 3086 in
2665 3023 2784 3111 ho·-

478 3132 757 3195 minibus
798 3132 999 3215 gratia
1034 3131 1306 3195 feritatis
1347 3168 1432 3177 -
1473 3132 1576 3195 cui
1615 3150 1736 3195 non
1785 3131 2079 3194 uideatur
2125 3130 2245 3195 hoc
2295 3149 2439 3194 eum
2489 3130 2566 3193 de
2613 3131 2783 3193 ueri-

479 3239 631 3303 tatis
681 3238 909 3303 dixisse
956 3238 1097 3321 lege
1148 3242 1211 3301 et
1260 3238 1395 3302 eius
1441 3238 1822 3320 prophetis?
1869 3238 2140 3319 denique
2191 3238 2381 3300 etiam
2429 3236 2780 3319 adinpletio
2819 3250 2880 3287 2⁵

480 3346 782 3428 probatur
829 3346 985 3411 01118.
1046 3346 1212 3408 circa
1266 3344 1422 3408 haec
1481 3344 1698 3406 eadem
1759 3363 1950 3425 quam
2007 3343 2319 3426 promisit.
2393 3342 2550 3426 quid
2605 3344 2780 3408 enirn

484 3452 687 3517 dicit?
730 3450 1059 3516 audistis
1110 3451 1395 3515 dictum
1439 3469 1606 3514 esse
1647 3451 2017 3532 antiquis:
2069 3470 2211 3515 non
2253 3450 2586 3515 occides:
2640 3470 2780 3529 ego

660 3626 691 3679 3
712 3626 819 3680 Tit.
854 3628 899 3689 1,
934 3628 998 3679 12
1072 3625 1104 3678 8
1126 3625 1319 3678 Matth.
1354 3626 1438 3687 23,
1471 3626 1539 3677 34
1620 3623 1870 3678 lOICor.
1907 3625 1988 3689 12,
2018 3626 2088 3679 28
2164 3627 2228 3680 19
2256 3624 2454 3679 Matth.
2485 3627 2535 3689 5,
2557 3627 2622 3679 21
2655 3641 2780 3695 sqq.

556 3752 580 3803 l
607 3759 899 3829 quaesierit
916 3758 1031 3812 SM
1034 3756 1084 3811 G
1157 3758 1187 3808 5
1208 3756 1347 3809 male
1369 3750 1415 3805 S
1546 3750 1752 3803 uestiae
1773 3749 1842 3800 M
1849 3748 1942 3803 ¹6¹
2071 3750 2278 3803 uentris
2302 3748 2455 3803 0L¹b
2531 3750 2560 3801 7
2581 3748 2780 3819 paulus

481 3852 563 3921 (in
588 3851 722 3915 rae.)
747 3850 798 3901 L
890 3849 953 3900 11
984 3846 1211 3916 primum
1243 3844 1274 3897 b
1370 3842 1435 3895 12
1467 3858 1592 3910 ergo
1621 3856 1722 3894 om.
1753 3838 1800 3893 S
1888 3840 1952 3892 15
1983 3838 2388 3891 obseruationes
2419 3841 2536 3905 (nes
2563 3854 2604 3893 8.
2639 3838 2698 3901 l.)
2734 3838 2786 3892 0

479 3943 677 4011 inquae
696 3938 945 3993 L¹G¹M²
976 3937 1139 4006 inque
1161 3933 1207 3988 S
1279 3934 1344 3987 16
1365 3932 1653 4002 quia(s²1p.
1678 3948 1763 3993 an
1793 3946 1828 3982 a
1855 3947 1924 3982 m.
1957 3930 2008 3983 11
2037 3929 2084 3981 0
2107 3930 2234 3999 quia
2257 3927 2457 3982 GSM'b
2533 3928 2598 3981 17
2618 3927 2776 3980 iudc-

482 4072 631 4109 01010
654 4056 697 4108 C
839 4054 1062 4107 dixisset
1091 4056 1153 4117 (s.
1187 4053 1242 4107 l.)
1266 4049 1312 4104 S
1454 4050 1583 4119 quin
1616 4052 1668 4114 (a
1697 4066 1763 4100 m.
1793 4053 1824 4100 1
1851 4048 1966 4102 uid.
1993 4045 2276 4115 super-scr.)
2303 4044 2350 4097 0
2365 4044 2493 4114 quin
2513 4042 2783 4097 LSGMb

483 4146 549 4199 19
570 4161 696 4199 uero
721 4148 799 4211 (ro
818 4144 881 4196 in
896 4141 1031 4211 ras.)
1052 4142 1099 4197 S
1168 4143 1235 4195 20
1254 4140 1621 4195 maechaberis
1641 4139 1690 4194 S
1701 4138 2034 4193 mechaberis
2061 4138 2108 4192 0
2119 4136 2448 4191 moecaberis
2469 4132 2523 4205 (b
2545 4150 2610 4187 ec
2629 4132 2684 4202 u)
2705 4132 2786 4185 M

479 4232 794 4304 peielsrabis
821 4232 878 4299 (b
899 4224 1037 4299 ex'u)
1057 4232 1127 4283 M
1153 4231 1437 4301 pegerabis
1456 4233 1509 4285 L
1615 4230 1715 4283 hec
1736 4229 1783 4284 S
1885 4230 1952 4283 21
1983 4230 2313 4297 impromptu
2332 4226 2450 4281 Sin
2469 4224 2686 4293 promtu
2709 4222 2782 4274 Μ

479 4322 549 4375 22
570 4326 774 4392 ceteros
798 4322 847 4375 0
912 4323 982 4375 23
1002 4321 1342 4374 tradiderunt
1361 4318 1425 4373 S1
1502 4322 1571 4375 24
1591 4318 1844 4387 feritatis]
1867 4320 2116 4373 ueritatis
2138 4319 2169 4372 b
2244 4318 2315 4372 25
2343 4316 2467 4385 lege
2499 4318 2572 4385 (m
2595 4318 2689 4383 er.)
2720 4314 2779 4367 L

481 4412 549 4464 26
589 4428 749 4481 quam
785 4410 1031 4465 LS¹MG
1070 4427 1205 4480 quae
1251 4409 1371 4463 010³
1512 4409 1789 4479 premissit
1825 4408 1892 4463 S2
2069 4408 2136 4461 27
2177 4408 2306 4478 quia
2343 4406 2636 4460 dictumest
2671 4404 2778 4459 SG
