3159 4984
561 449 646 511 44
1259 449 1310 500 S.
1368 447 1644 502 Aureli
1700 449 2135 517 Augustini

559 643 762 706 caecis
810 643 1012 718 uisus,
1063 643 1270 708 surdis
1317 644 1573 708 auditus
1624 651 1723 708 est
1766 645 2071 710 redditus.
2138 645 2425 710 homines
2471 647 2648 712 illius
2698 651 2857 712 tem·

556 749 728 832 poris
804 769 1030 832 aquam
1098 751 1160 814 in
1227 749 1448 814 uinum
1515 770 1914 822 conuersam.
1983 755 2269 817 saturata
2333 753 2611 836 quinque
2675 754 2861 817 milia

559 856 836 938 quinque
881 857 1172 940 panibus,
1219 857 1490 922 transita
1533 858 1802 940 pedibus
1851 858 2067 929 maria,
2114 861 2401 924 mortuos
2449 865 2857 942 resurgentes

557 963 888 1028 uiderunt:
935 964 1028 1028 ita
1074 963 1380 1046 quaedam
1429 965 1674 1046 corpori
1710 964 2139 1030 manifestiore
2177 965 2502 1043 beneficio,
2544 965 2859 1048 quaedam

559 1089 708 1134 uero
765 1071 964 1134 menti
1019 1071 1362 1136 occultiore
1421 1071 1624 1154 signo,
1684 1075 1749 1134 et
1806 1072 2017 1135 omnia
2072 1072 2437 1161 hominibus
2496 1072 2857 1136 maiestatis
2928 1095 2957 1133 5

558 1177 925 1242 testimonio
976 1178 1428 1243 consulebant:
1480 1178 1572 1244 sic
1618 1178 1683 1241 in
1732 1197 1799 1242 se
1836 1183 1991 1243 tunc
2030 1179 2271 1243 animas
2312 1183 2586 1243 errantes
2624 1183 2861 1242 morta-

555 1283 718 1348 lium
773 1284 990 1348 diuina
1045 1284 1490 1350 commonebat
1545 1285 1913 1350 auctoritas,
1983 1304 2113 1362 cur,
2178 1285 2412 1368 inquis,
2486 1285 2609 1350 ista
2664 1286 2859 1350 modo

557 1409 680 1456 non
727 1390 941 1454 fiunt?
999 1391 1148 1473 quia
1194 1410 1318 1456 non
1363 1394 1714 1466 mouerent,
1764 1391 1885 1456 nisi
1932 1391 2093 1454 mira
2139 1395 2391 1467 essent;
2450 1396 2517 1455 at
2563 1392 2619 1456 si
2666 1392 2865 1457 solita

559 1503 793 1568 essent,
840 1497 1000 1560 mira
1047 1517 1169 1561 non
1219 1500 1450 1562 essent.
1500 1516 1646 1561 nam
1696 1497 1819 1562 diei
1868 1502 1932 1563 et
1978 1499 2182 1564 noctis
2231 1498 2405 1564 uices
2454 1502 2520 1563 et
2565 1501 2864 1563 constan-

557 1602 880 1667 tissimum
947 1604 1229 1668 ordinem
1293 1622 1504 1668 rerum
1570 1605 1970 1681 caelestium,
2040 1625 2343 1669 annorum
2410 1604 2860 1686 quadrifariam
2911 1625 2967 1664 ιο

559 1711 1054 1786 conuersionem‚
1117 1710 1478 1775 decidentes
1533 1711 1997 1794 redeuntesque
2052 1712 2307 1776 frondes
2366 1712 2714 1788 arboribus,
2759 1711 2861 1774 in-

558 1817 800 1880 finitam
837 1817 972 1881 uim
1011 1819 1346 1894 seminum,
1384 1818 1923 1900 pulchritudinem
1961 1819 2145 1894 luciS‚
2188 1819 2490 1896 colorum,
2532 1837 2859 1887 sonorum,

559 1921 820 1987 odorum
879 1943 1300 2007 saporumque
1357 1925 1699 1989 uarietates
1757 1924 1835 1988 da
1890 1926 1999 2008 qui
2052 1925 2327 2009 primum
2393 1925 2612 1989 uideat
2665 1931 2861 2006 atque

560 2029 810 2106 sentiat,
862 2049 1007 2094 cum
1055 2051 1178 2113 quo
1226 2036 1436 2095 tamen
1484 2031 1661 2113 loqui
1707 2033 2051 2114 possimus,
2100 2032 2388 2097 hebescit
2444 2032 2861 2117 obruiturque

561 2134 922 2212 miraculis3
973 2157 1087 2202 nos
1133 2157 1286 2202 uero
1333 2138 1491 2202 haec
1539 2138 1748 2202 omnia
1794 2157 1919 2202 non
1959 2135 2386 2222 cognoscendi
2423 2137 2731 2202 facilitate
2770 2175 2865 2185 —
2908 2157 2961 2197 ιε

561 2242 711 2324 quid
779 2244 944 2308 enim
1012 2244 1220 2309 causis
1287 2244 1513 2310 horum
1572 2244 1957 2310 obscurius?
2005 2281 2093 2292 —
2151 2245 2262 2310 sed
2319 2247 2486 2309 certe
2544 2245 2863 2332 sentiendi

561 2349 944 2414 adsiduitate
993 2350 1474 2416 contemnimus,
1534 2349 1705 2414 facta
1748 2353 1901 2414 sunt
1943 2351 2142 2434 igitur
2186 2351 2299 2414 illa
2343 2351 2862 2433 oportunissime,

559 2459 634 2520 ut
679 2456 778 2522 his
825 2456 1234 2521 multitudine
1283 2456 1675 2522 credentium
1723 2461 2103 2541 congregata
2158 2459 2347 2540 atque
2393 2461 2743 2542 propagata
2784 2459 2861 2522 in

553 2564 727 2647 ipsos
773 2583 980 2628 mores
1029 2563 1207 2627 utilis
1256 2565 1731 2628 conuerteretur
1776 2564 2141 2629 auctoritas,

464 2688 530 2743 1³7
647 2674 750 2734 35.
799 2671 1011 2736 Mores
1052 2672 1266 2734 autem
1314 2670 1582 2750 quilibet
1628 2673 1879 2734 tantum
1926 2671 2145 2734 ualent
2190 2671 2267 2734 ad
2318 2670 2689 2736 obtinendas
2739 2671 2856 2735 ho·
2902 2691 2957 2730 zo

549 2778 794 2842 minum
841 2781 1107 2845 mentes,
1157 2780 1232 2840 ut
1278 2777 1468 2841 etiam
1517 2796 1679 2858 quae
1735 2778 1799 2841 in
1855 2777 1956 2842 his
2010 2796 2209 2860 praua
2266 2781 2435 2855 sunt,
2496 2778 2665 2860 quod
2718 2777 2861 2842 fere

551 2885 997 2967 superantibus
1062 2883 1434 2948 libidinibus
1501 2884 1734 2959 euenit,
1790 2884 2121 2966 inprobare
2178 2884 2371 2948 citius
2429 2887 2494 2948 et
2549 2884 2858 2948 detestari

550 3009 738 3073 quam
779 2989 1062 3054 deserere
1101 2993 1212 3053 aut
1246 2993 1494 3054 mutare
1531 2989 1871 3073 possimus.
1912 3008 2215 3076 parumne
2256 2989 2619 3054 consultum
2659 2991 2857 3056 rebus

548 3098 841 3162 humanis
889 3096 1232 3166 arbitraris,
1282 3095 1449 3178 quod
1495 3096 1657 3160 nihil
1718 3099 2057 3168 terrenum,
2116 3095 2277 3160 nihil
2352 3096 2640 3180 igneum,
2690 3096 2857 3160 nihil

552 3204 838 3287 denique,
879 3203 1046 3285 quod
1084 3203 1361 3285 corporis
1393 3221 1618 3267 sensus
1668 3203 1958 3286 adtingit,
1997 3221 2109 3285 pro
2151 3202 2267 3267 deo
2308 3201 2643 3266 colendum
2684 3221 2853 3268 esse.
2900 3225 2957 3264 ss

547 3311 626 3374 ad
673 3329 859 3392 quem
911 3310 1046 3375 solo
1093 3309 1427 3373 intellectu
1475 3308 1882 3373 ambiendum
1929 3313 2047 3382 est,
2088 3328 2211 3373 non
2260 3309 2447 3392 pauci
2496 3309 2855 3374 doctissimi

547 3417 892 3498 disputant,
947 3416 1059 3482 sed
1105 3415 1445 3497 inperitum
1495 3415 1685 3478 etiam
1733 3416 1971 3499 uulgus
2028 3415 2297 3479 marium
2345 3415 2857 3497 feminarumque

543 3526 609 3588 in
665 3527 797 3588 tam
858 3523 1080 3588 multis
1139 3523 1536 3605 diuersisque
1594 3523 1933 3607 generibus
1993 3527 2057 3587 et
2114 3523 2315 3587 credit
2370 3527 2435 3588 et
2478 3523 2857 3606 praedicat?

623 3753 647 3804 1
689 3751 836 3804 uisos
872 3749 952 3803 Ch
987 3748 1161 3803 sordis
1195 3748 1279 3802 Oh
1349 3749 1382 3802 3
1419 3749 1782 3818 resurgentes]
1806 3753 1863 3803 et
1880 3755 2224 3819 resurgentes
2260 3749 2342 3804 Oh
2430 3753 2465 3804 4
2487 3750 2735 3805 uiderent
2768 3750 2859 3804 Ch

545 3865 805 3921 beneflcio
837 3863 1102 3944 quaedam
1132 3863 1340 3942 corpori
1361 3863 1625 3932 quaedam
1646 3880 1772 3916 uero
1792 3868 1975 3918 mente
1991 3864 2099 3918 012²
2155 3867 2187 3918 5
2218 3831 2417 3930 omnib*
2440 3866 2483 3919 S
2518 3863 2851 3935 hominibus]

550 3997 796 4052 omnibus
827 3996 926 4049 Vm
1027 3998 1066 4067 6
1089 3962 1408 4051 οοηεώοὶὶὲῐ
1435 4001 1464 4044 s*
1571 3996 1605 4049 9
1626 3993 1713 4066 die
1740 3995 1820 4050 07⁸
1894 3999 1959 4051 11
1979 3996 2270 4052 decederes
2290 3999 2323 4050 b
2400 3999 2467 4053 14
2486 3996 2743 4052 hebescet
2766 3997 2857 4052 07⁸

551 4079 764 4169 libescit
789 4070 1085 4166 Phebescit
1101 4129 1147 4180 p
1274 4112 1341 4165 17
1380 4111 1831 4181 opportunissime
1862 4112 2152 4182 spSMVb
2288 4114 2351 4166 21
2396 4113 2562 4184 quod]
2602 4129 2734 4184 quos
2770 4113 2857 4166 Ch

555 4204 622 4257 22
660 4205 813 4257 uenit
863 4199 944 4255 07·
997 4201 1184 4271 euenit
1210 4201 1280 4253 M
1401 4200 1472 4254 24
1525 4201 1652 4270 igne
1706 4202 1785 4256 Ch
1948 4203 2016 4257 26
2073 4204 2265 4273 quem]
2293 4210 2400 4272 qua
2429 4204 2573 4257 SMb
2621 4203 2739 4272 quq}
2771 4207 2857 4256 m²

553 4292 890 4347 intellectum
963 4289 1050 4343 oh
1150 4288 1530 4360 ambigendum
1570 4289 1699 4343 SM
1712 4309 1765 4344 m
1901 4308 2017 4345 esse
2071 4308 2179 4345 non
2236 4309 2410 4362 pauca
2468 4293 2519 4346 V
2648 4291 2857 4348 doctis·

555 4383 694 4436 simu
727 4381 809 4436 Ch
