3159 4984
477 441 608 504 554
1168 438 1219 491 S.
1278 438 1552 492 Aureli
1611 440 2048 509 Augustini

476 633 679 696 inflari
734 634 916 697 uelut
972 632 1145 697 docti
1202 633 1558 699 adfectatis.
1628 635 1817 717 hylen
1885 653 2156 715 namque
2215 634 2443 700 Graeci
2501 654 2650 701 cum
2707 635 2786 699 de

476 742 703 803 natura
766 739 1108 809 disserunt.
1176 740 1508 805 materiem
1574 741 1890 822 quandam
1955 761 2168 806 rerum
2233 742 2544 807 definiunt
2607 743 2784 807 nullo

473 866 736 928 prorsus
782 846 971 911 modo
1028 847 1387 925 formatam,
1446 848 1559 913 sed
1618 849 1902 913 omnium
1961 850 2383 931 corporalium
2439 848 2786 914 formarum

477 972 793 1035 capacem,
862 972 1023 1035 quae
1091 954 1351 1035 quidem
1412 955 1479 1019 in
1546 974 1883 1039 corporum
1945 956 2376 1021 mutabilitate
2433 958 2789 1037 utcumque

476 1062 922 1143 cognoscitur3
970 1080 1119 1125 nam
1156 1081 1267 1143 per
1304 1080 1371 1126 se
1410 1062 1617 1144 ipsam
1656 1081 1772 1127 nec
1812 1062 2031 1128 sentiri
2069 1082 2184 1128 nec
2221 1063 2514 1146 intellegi
2549 1066 2790 1145 potest.
2861 1085 2890 1122 5

476 1160 700 1231 uerum
744 1168 810 1231 in
857 1168 979 1233 hoc
1028 1172 1239 1232 errant
1294 1168 1551 1250 quidam
1611 1170 1970 1252 gentilium,
2029 1170 2198 1252 quod
2257 1188 2394 1233 eam
2450 1172 2788 1251 tamquam

478 1276 874 1339 coaeternam.
925 1274 1041 1338 deo
1092 1275 1507 1359 coniungunt,
1556 1278 1635 1340 ut
1678 1276 1835 1341 haec
1885 1278 1960 1340 ab
2007 1277 2118 1341 illo
2168 1296 2291 1341 non
2341 1277 2446 1353 sit,
2487 1276 2790 1358 quamuis

478 1382 556 1445 ab
604 1382 717 1446 illo
766 1381 1116 1445 formetur:
1186 1382 1355 1464 quod
1404 1383 1685 1447 alienum
1735 1402 1875 1449 esse
1933 1402 1968 1447 a
2022 1384 2293 1449 ueritate
2348 1384 2491 1467 ipsa
2544 1383 2790 1447 ueritas

478 1486 683 1551 docet.
735 1505 880 1551 0000
926 1491 1143 1553 tamen
1192 1488 1425 1570 quibus
1474 1490 1738 1572 paganis
1779 1490 1856 1554 de
1893 1490 2014 1555 hac
2049 1490 2193 1573 ipsa
2229 1490 2373 1573 hyle
2411 1488 2796 1553 inuenimini

480 1612 621 1657 esse
668 1594 1055 1671 consimiles,
1116 1594 1286 1676 quod
1342 1615 1481 1660 eam
1537 1616 1657 1661 uos
1717 1616 1971 1679 quoque
2029 1617 2219 1661 suum
2277 1596 2510 1661 habere
2555 1596 2794 1678 princi·
2841 1616 2896 1655 ιο

478 1701 656 1782 pium
704 1719 821 1765 nec
869 1720 939 1765 ex
989 1702 1106 1765 deo
1157 1720 1299 1765 esse
1346 1701 1721 1783 perhibetis,
1772 1706 1837 1767 et
1880 1703 1944 1767 in
1992 1703 2116 1768 1100
2161 1722 2281 1769 uos
2321 1702 2608 1785 dispares
2649 1720 2797 1765 esse

480 1806 791 1871 dicebatis
838 1808 1219 1885 nescientes,
1270 1807 1422 1890 quid
1471 1807 1721 1873 dicatis.
1771 1809 1835 1873 in
1881 1808 1995 1873 1110
2043 1827 2216 1883 11010,
2267 1808 2436 1890 quod
2476 1810 2654 1871 nulla
2693 1812 2800 1872 est

478 1914 630 1978 huic
676 1914 821 1997 hyle
869 1914 1073 1994 forma
1116 1915 1371 1997 propria
1416 1934 1533 1981 nec
1569 1915 1696 1980 nisi
1733 1935 1770 1979 a
1807 1916 1923 1980 deo
1963 1916 2220 1981 formari
2256 1919 2491 2000 potest,
2533 1918 2798 1979 nostrae

478 2021 576 2084 illi
620 2020 897 2091 ueritati,
926 2020 1355 2095 consentiunt,
1408 2040 1444 2083 a
1488 2023 1710 2085 uestra
1757 2026 1972 2086 autem
2021 2021 2302 2085 falsitate
2361 2021 2798 2087 dissentiuntt

481 2127 589 2208 qui
636 2126 1016 2194 nescientes,
1068 2126 1219 2208 quid
1268 2127 1355 2191 sit
1396 2126 1567 2211 hyle,
1615 2127 1683 2191 id
1731 2130 1852 2206 est,
1900 2128 2054 2209 quid
2093 2128 2181 2191 sit
2215 2146 2426 2192 rerum
2465 2127 2796 2206 1113101100,
2839 2146 2898 2185 15

482 2236 739 2316 gentem
802 2233 1207 2297 tenebrarum
1275 2252 1415 2298 eam
1482 2232 1734 2314 dicitis,
1810 2234 1922 2299 ubi
1986 2254 2111 2300 non
2177 2236 2388 2299 solum
2455 2234 2795 2299 distinctas

483 2340 761 2421 quinque
840 2340 1177 2423 generibus
1248 2341 1745 2406 innumerabiles
1822 2360 2154 2424 corporum
2221 2342 2456 2406 formas
2481 2392 2495 2417 ,
2563 2360 2796 2405 uerum

483 2446 676 2510 etiam
739 2449 1023 2514 mentem
1090 2448 1483 2513 constituitis
1542 2448 1773 2513 horum
1833 2468 2168 2532 corporum
2223 2448 2672 2525 formatricem,
2731 2451 2800 2513 et

483 2590 569 2601 -
618 2553 787 2635 quod
834 2557 937 2618 est
979 2554 1318 2638 inperitius
1365 2556 1474 2619 uel
1520 2556 1739 2638 potius
1787 2555 2148 2620 dementius
2195 2592 2282 2601 —-—
2330 2554 2536 2637 ipsam
2583 2556 2797 2638 magis

480 2662 759 2725 mentem
818 2660 1033 2725 dicitis
1089 2660 1553 2745 hylen,.quam
1613 2681 1738 2727 non
1798 2662 2077 2739 formari,
2147 2661 2260 2726 0011
2323 2662 2596 2726 formare
2653 2680 2798 2744 per·
2839 2676 2900 2714 ω

481 2766 739 2831 1111101310.
806 2785 953 2831 nam
1002 2768 1059 2831 si
1104 2771 1279 2833 esset
1321 2768 1411 2832 ibi
1457 2788 1638 2833 mens
1687 2768 1995 2851 quaedam
2041 2770 2319 2833 formans
2368 2770 2434 2832 et
2477 2767 2802 2832 elementa

484 2890 803 2955 corporea,
854 2893 1013 2956 quae
1059 2874 1501 2951 formarentur,
1548 2875 1664 2939 illa
1708 2876 2025 2939 elementa
2071 2874 2338 2939 dicenda
2393 2876 2566 2939 esset
2618 2874 2795 2957 hyle.

483 2979 551 3043 id
598 2984 697 3044 est
741 2982 1059 3059 materieS,
1119 2999 1309 3065 quam
1364 2980 1669 3046 formaret
1723 2982 1944 3046 eadem
1999 3001 2200 3059 mens,
2258 3001 2448 3065 quam
2502 2986 2794 3045 mentem

482 3086 864 3168 principium
927 3087 1082 3151 mali
1149 3106 1290 3153 esse
1356 3088 1581 3153 uultis.
1647 3088 1770 3153 hoc
1835 3089 1893 3153 si
1957 3088 2274 3167 diceretis,
2339 3107 2466 3153 non
2533 3087 2798 3170 quidem

485 3192 764 3256 multum
814 3194 1105 3259 erraretis
1152 3194 1217 3258 111
1266 3214 1359 3272 00,
1409 3194 1579 3277 quod
1629 3196 1730 3261 est
1773 3195 1941 3278 hyle,
1989 3196 2112 3259 nisi
2152 3195 2322 3277 quod
2357 3194 2500 3278 ipsa
2535 3213 2796 3277 quoque
2841 3210 2904 3249 ²⁵

488 3298 801 3362 elementa
846 3301 1141 3382 quamuis
1187 3300 1254 3365 in
1303 3301 1461 3366 alias
1506 3301 1746 3366 formas
1791 3302 2141 3379 formanda,
2202 3305 2418 3366 tamen
2467 3302 2618 3383 quia
2659 3301 2794 3365 iam

489 3404 801 3469 elementa
866 3410 1101 3483 essent,
1164 3410 1228 3471 et
1283 3408 1624 3490 speciebus
1679 3409 1949 3491 propriis
2007 3408 2572 3491 distinguerentur,
2641 3408 2798 3491 hyle

487 3530 611 3576 non
652 3515 888 3592 essent,
930 3514 1079 3595 quia
1113 3514 1227 3578 illa
1266 3517 1366 3579 est
1400 3532 1661 3598 prorsus
1698 3515 1986 3580 informis
2028 3564 2042 3578 .
2083 3516 2522 3578 uerumtamen
2561 3514 2800 3579 tolera-

486 3618 635 3682 bilis
694 3622 867 3685 esset
919 3620 1215 3703 inperitia
1268 3626 1507 3698 uestra,
1567 3621 1718 3703 quia
1773 3639 1934 3697 eam,
1994 3640 2154 3703 quae
2211 3621 2608 3697 formaretur,
2667 3641 2804 3687 non

561 3812 589 3861 1
629 3808 777 3863 hilen
814 3808 863 3865 S
894 3809 1057 3880 hylen
1100 3812 1154 3878 (n
1192 3827 1235 3865 s,
1274 3812 1310 3865 Ζ.
1352 3829 1391 3866 a
1424 3830 1493 3866 m.
1536 3816 1587 3882 1)
1627 3813 1699 3865 M
1849 3812 1996 3883 greci
2031 3811 2141 3867 Lo
2280 3818 2314 3866 2
2361 3810 2511 3865 nullo
2550 3814 2802 3883 prorsus]

486 3898 678 3952 nulltis
721 3915 905 3953 rorsus
962 3898 1013 3953 G
1157 3900 1191 3953 3
1240 3899 1531 3955 formarum
1574 3905 1714 3970 (rum
1761 3902 1826 3955 in
1859 3904 1997 3969 ras.)
2043 3901 2093 3955 G
2195 3904 2232 3955 4
2270 3917 2522 3973 capacem
2561 3902 2728 3973 (post.
2770 3918 2802 3956 c

488 4003 609 4055 sup.
649 4003 719 4041 er.
758 3986 815 4058 p)
861 3986 911 4041 0
1138 3991 1425 4059 utrumque
1465 3988 1531 4044 δ’*
1694 3991 1728 4045 6
1767 3994 1948 4045 errant
1986 3996 2092 4059 (pr.
2129 4008 2158 4044 r
2193 4006 2238 4045 s.
2277 3992 2336 4057 1.)
2383 3989 2432 4044 0
2564 3990 2632 4044 13
2670 4006 2800 4060 pro—

486 4076 606 4145 pria
642 4076 683 4144 (i
718 4092 761 4129 s.
802 4078 861 4141 l.)
902 4076 947 4129 C
1053 4077 1120 4131 16
1158 4076 1339 4131 dicitis
1376 4078 1444 4145 (ti
1478 4093 1522 4132 s.
1564 4080 1599 4132 l.
1641 4096 1708 4133 m.
1746 4083 1798 4141 1)
1827 4077 1883 4132 L
1919 4078 2053 4132 dicis
2081 4078 2200 4133 SM
2305 4079 2372 4134 18
2408 4082 2594 4133 mente
2621 4077 2799 4133 SMG

489 4166 857 4220 constituistis
909 4168 955 4230 (s
1002 4165 1095 4235 er.)
1147 4166 1195 4221 0
1296 4166 1368 4222 20
1410 4167 1575 4236 hylen
1626 4170 1684 4236 (n
1729 4183 1868 4223 corr.
1915 4184 1980 4222 ex
2027 4167 2102 4237 m)
2158 4166 2206 4222 G'
2309 4168 2380 4223 22
2429 4170 2577 4223 esset
2621 4167 2800 4221 ῙᾺΜι

487 4254 649 4322 hylen
688 4253 917 4309 S¹MGb
1032 4255 1101 4308 26
1136 4254 1447 4309 helenienta
1490 4253 1539 4308 O
1653 4256 1719 4308 27
1759 4254 2025 4325 spsiebus
2071 4254 2120 4309 Ο
2257 4255 2420 4326 hylen
2457 4256 2491 4309 b
2603 4255 2676 4311 28
2713 4258 2802 4310 est

487 4340 586 4394 illa
628 4340 829 4395 GSMb
941 4344 1009 4397 29
1049 4360 1153 4414 que
1198 4343 1246 4397 G
