3159 4984
506 392 630 456 792
1199 387 1250 438 S.
1312 385 1583 438 Aureli
1643 385 2070 454 Augustini

494 585 822 669 conparati
868 588 1273 668 respuuntur,
1314 585 1483 648 unde
1524 588 1778 650 constat
1817 603 1955 650 esse
2001 585 2462 668 Hippocratis?
2511 585 2680 648 unde
2707 621 2792 630 —

504 693 560 756 si
588 692 730 775 quis
764 692 885 756 hoc
914 693 1124 775 neget,
1154 710 1270 755 nec
1302 691 1528 756 saltem
1566 691 1897 759 refellitur.
1939 691 2050 755 sed
2097 690 2338 754 ridetur
2369 729 2448 737 —
2482 691 2605 755 nisi
2645 691 2794 774 quia

508 798 600 862 sic
648 817 755 863 eos
805 798 880 861 ab
927 797 1067 880 ipso
1106 797 1513 881 Hippocratis
1559 801 1844 880 tempore
1893 816 2096 880 usque
2143 796 2222 860 ad
2267 796 2390 863 hoc
2436 801 2690 881 tempus
2739 801 2798 861 et

514 903 810 988 deinceps
877 904 1302 970 successionis
1368 904 1562 968 sen‘es
1630 904 2124 982 commendauit,
2180 906 2255 967 ut
2309 903 2455 968 hinc
2513 903 2796 968 dubitare

514 1010 829 1076 dementis
886 1011 1020 1076 sit?
1084 1011 1397 1089 PlatoniS,
1444 1010 1835 1088 Aristotelis,
1884 1010 2208 1085 Varroni8‚
2269 1009 2593 1075 Ciceronis
2650 1010 2796 1074 alio·
2849 1035 2874 1071 ε,

508 1138 775 1201 rumque
843 1118 1162 1183 eiusmodi
1226 1121 1560 1183 auctorum
1625 1117 1826 1182 libros
1891 1117 2058 1182 unde
2116 1119 2434 1181 nonerunt
2487 1117 2797 1183 homines,

512 1225 683 1307 quod
728 1225 1014 1307 ipsorum
1063 1224 1211 1301 sint,
1262 1223 1385 1288 nisi
1444 1222 1666 1287 eadem
1723 1226 2086 1306 temporum
2145 1223 2406 1287 sibimet
2458 1223 2796 1288 succeden-

506 1330 669 1396 tium
711 1331 1174 1396 contestatione
1214 1331 1567 1396 continua?
1614 1329 1806 1393 multi
1851 1330 2061 1393 multa
2106 1328 2182 1393 de
2228 1329 2466 1393 litteris
2505 1329 2794 1393 ecclesia-

500 1437 682 1503 sticis
740 1437 1271 1520 conscripserunt,
1338 1457 1463 1502 non
1528 1435 1786 1519 quidem
1853 1436 2236 1501 auctoritate
2300 1435 2620 1511 canonica,
2687 1435 2796 1500 sed

498 1545 710 1627 aliquo
779 1545 1125 1609 adiuuandi
1191 1544 1406 1610 studio
1474 1544 1612 1609 siue
1681 1541 1987 1608 discendi.
2063 1541 2232 1606 unde
2299 1545 2580 1616 constat,
2647 1541 2882 1624 quidm

508 1651 691 1716 cuius
731 1652 836 1727 sit,
876 1651 999 1715 nisi
1040 1651 1189 1732 quia
1225 1651 1326 1714 his
1366 1652 1783 1735 temporibuS,
1825 1650 2059 1733 quibus
2099 1669 2174 1714 ea
2211 1650 2483 1730 quisque
2522 1649 2798 1730 scripsit.

506 1756 739 1838 quibus
785 1757 999 1839 potuit
1038 1756 1397 1821 insinuauit
1442 1761 1634 1840 atque
1694 1757 1895 1822 edidit
1951 1759 2016 1821 et
2067 1755 2214 1820 inde
2269 1756 2334 1820 in
2393 1755 2552 1820 alios
2607 1758 2796 1836 atque

500 1863 660 1927 alios
718 1863 1087 1928 continuata
1140 1865 1369 1929 notit-ia
1425 1865 1749 1946 latiusque
1805 1864 2060 1928 firmata
2115 1863 2194 1926 ad
2249 1866 2540 1944 posteros
2605 1861 2794 1925 etiam

498 1988 702 2051 usque
750 1970 827 2033 ad
876 1975 1094 2034 nostra
1130 1974 1418 2054 tempora
1453 1975 1904 2054 peruenerunt.
1944 1970 2035 2035 ita
2070 1972 2146 2034 ut
2182 1968 2575 2051 interrogati,
2616 1967 2798 2032 cuius

496 2075 771 2158 quisque
810 2076 973 2140 liber
1010 2078 1116 2153 sit,
1155 2097 1279 2142 non
1319 2078 1734 2152 haesitemuS,
1770 2077 1924 2160 quid
1969 2075 2353 2160 respondere
2399 2075 2792 2139 debeamus?
2831 2095 2876 2133 ιε

501 2182 614 2245 sed
662 2182 815 2265 quid
860 2202 1119 2267 pergam
1166 2183 1229 2248 in
1275 2185 1465 2266 longe
1504 2185 1895 2267 praeterita?
1945 2202 2090 2248 ecce
2129 2183 2290 2248 istas
2329 2181 2600 2256 litteras,
2639 2197 2792 2262 quas

498 2288 807 2352 habemus
853 2289 917 2351 in
964 2288 1282 2364 manibus,
1332 2291 1386 2354 si
1432 2293 1582 2375 post
1628 2290 2028 2372 aliquantum
2075 2292 2332 2371 tempus
2380 2287 2553 2352 uitae
2600 2286 2792 2351 huius

494 2398 747 2460 nostrae
795 2396 902 2459 uel
948 2396 1093 2460 illas
1143 2396 1480 2478 quisquam
1527 2396 1754 2460 Fausti
1809 2415 1951 2461 esse
2007 2397 2116 2460 uel
2171 2396 2286 2460 has
2343 2399 2539 2480 neget
2598 2411 2792 2461 meas..

502 2502 672 2566 unde
740 2502 1165 2578 conuincitur,
1224 2503 1348 2567 nisi
1431 2503 1581 2585 quia
1647 2503 1773 2578 illi,
1843 2504 1950 2585 qui
2035 2521 2202 2568 nunc
2266 2503 2395 2566 ista
2459 2503 2793 2575 nonerunt,

494 2608 788 2674 notitiam
840 2627 1019 2672 suam
1070 2609 1150 2674 ad
1193 2611 1384 2694 longe
1434 2611 1626 2675 etiam
1673 2613 1822 2693 post
1859 2609 2110 2674 futuros
2149 2607 2538 2673 continuatis
2575 2609 2786 2690 poste·
2823 2625 2870 2662 ευ

500 2734 714 2779 rorum
763 2717 1281 2781 successionibus
1328 2716 1680 2781 traiciunt?
1731 2736 1890 2798 quae
1939 2736 2084 2780 cum
2130 2716 2223 2780 ita
2271 2716 2420 2790 sint,
2469 2713 2613 2795 quis
2659 2716 2793 2775 tan-

499 2820 641 2885 dem
679 2824 856 2886 tanto
896 2822 1103 2887 furore
1144 2827 1458 2900 caecatur,
1490 2824 1613 2888 nisi
1652 2823 2127 2888 daemoniorum
2165 2819 2793 2901 mendaciloquorum

496 2928 777 2992 malitiae
827 2933 1017 3010 atque
1064 2930 1353 2994 fallaciae
1401 2929 1857 2994 consentiendo
1907 2929 2260 2994 subuersus
2311 2928 2417 3002 sit,
2471 2926 2580 3009 qui
2626 2925 2796 2990 dicat

494 3033 617 3099 hoc
674 3035 898 3100 mereri
944 3055 1067 3100 non
1124 3035 1412 3118 potuisse
1470 3037 1904 3118 apostolorum
1961 3035 2317 3110 ecclesiam
2391 3035 2524 3096 tam
2579 3030 2793 3102 fidam,

498 3144 633 3204 tam
671 3161 1073 3207 numerosam
1112 3143 1378 3207 fratrum
1417 3142 1840 3219 concordiam,
1881 3146 1955 3206 ut
1992 3162 2211 3207 eorum
2251 3139 2488 3223 scripta
2521 3138 2797 3202 fideliter
2831 3159 2878 3198 2⁵

500 3246 579 3310 ad
625 3251 922 3330 posteros
971 3250 1327 3323 traicerent,
1378 3267 1523 3314 cum
1575 3269 1794 3314 eorum
1845 3248 2174 3314 cathedras
2229 3266 2432 3329 usque
2489 3245 2568 3308 ad
2621 3262 2795 3327 prae-

497 3357 716 3418 sentes
785 3355 1118 3438 episcopos
1185 3356 1541 3420 certissima
1607 3357 2014 3422 successione
2071 3355 2416 3431 seruarent,
2473 3371 2620 3417 cum
2675 3351 2798 3414 hoc

566 3539 595 3590 1
634 3536 943 3606 hypocratis
973 3536 1080 3590 LO
1108 3540 1379 3606 ypocratis
1412 3543 1466 3606 (a
1494 3555 1561 3592 ex
1590 3540 1629 3604 i)
1667 3538 1716 3593 S
1855 3536 2006 3592 Unde
2036 3537 2105 3602 (U
2133 3536 2256 3589 init.
2287 3534 2384 3588 lin.
2411 3533 2540 3586 add.
2569 3549 2638 3584 m.
2667 3531 2721 3598 2)
2743 3531 2798 3583 L

493 3625 619 3678 inde
637 3625 707 3694 J),
748 3642 850 3679 om.
889 3626 960 3678 M
1153 3629 1186 3679 ‘2
1240 3633 1345 3680 no*
1400 3629 1577 3693 salute
1638 3631 1727 3686 (no
1787 3643 1852 3682 ex
1905 3643 2004 3681 nec
2051 3641 2186 3680 corr.
2225 3629 2275 3677 et
2311 3639 2502 3738 ule-xp.
2540 3619 2702 3735 m.l2)
2743 3619 2799 3672 L

494 3740 721 3796 sal*tem
759 3741 813 3812 (u
852 3741 945 3810 er.)
984 3741 1111 3808 SM,
1153 3744 1241 3809 (m.
1284 3747 1322 3797 3
1357 3715 1569 3812 expsu)
1607 3745 1663 3797 P
1705 3745 1937 3798 salutem
1979 3743 2031 3796 G
2236 3739 2342 3792 nisi
2371 3729 2447 3791 sic
2476 3753 2567 3790 eos
2596 3715 2726 3806 quia
2756 3734 2804 3788 S

492 3857 527 3912 3
562 3856 873 3926 hypocratis
910 3857 1017 3911 LO
1173 3861 1207 3912 ὃ
1246 3818 1538 3924 ειτὶεῂοτέῙίε
1599 3865 1757 3928 (corr.
1816 3878 1854 3913 a
1907 3877 1976 3913 m.
2033 3861 2082 3918 2)
2124 3857 2176 3910 L
2376 3853 2631 3907 ciceronis
2671 3868 2794 3904 uar-

491 3946 638 4000 ronis
683 3945 930 4002 GSMGb
1004 3952 1037 4001 9
1076 3949 1489 4018 conscripserint-
1534 3949 1600 4003 0¹
1710 3949 1965 4002 canonico
2005 3947 2105 4001 SG
2182 3946 2248 3998 10
2287 3943 2471 4012 aliquo
2511 3942 2562 4010 (o
2599 3956 2642 3994 s.
2673 3955 2798 4008 exp.

492 4039 543 4100 a)
589 4035 641 4090 G
860 4035 925 4089 13
971 4035 1201 4090 formata
1238 4036 1313 4090 L¹
1535 4039 1600 4092 18
1645 4039 1768 4092 illas
1817 4041 1871 4101 (a
1927 4052 1992 4090 ex
2030 4035 2080 4102 ο)
2113 4033 2158 4088 S
2369 4030 2439 4084 20
2477 4027 2718 4082 fatua-os
2755 4026 2806 4079 C

494 4125 563 4177 22
598 4126 808 4194 tanton}
838 4123 896 4188 S,
930 4127 1017 4194 (m.
1048 4128 1080 4178 2
1111 4143 1141 4179 o
1169 4143 1211 4180 s.
1242 4143 1359 4195 ωηο.
1399 4145 1485 4180 um
1528 4127 1681 4196 add.)
1710 4129 1765 4180 P
1791 4131 2004 4180 tantum
2039 4123 2209 4177 OLM
2349 4117 2718 4172 demoniorum
2755 4117 2806 4170 G

492 4213 739 4270 mendaci
773 4213 1011 4268 locorum
1055 4214 1103 4268 0
1214 4214 1282 4266 23
1320 4215 1529 4284 malitie
1569 4221 1732 4285 atque
1773 4215 2019 4269 fallaciae
2065 4213 2140 4267 0:
2181 4212 2390 4266 malitia
2429 4207 2594 4274 atque
2631 4205 2796 4260 falla-

492 4302 575 4355 cia
610 4301 869 4358 LSMGb
979 4305 1047 4356 ‘24
1084 4304 1245 4358 fidam
1286 4305 1338 4374 (a
1374 4321 1547 4374 supra
1587 4321 1704 4372 exp.
1745 4307 1796 4370 e)
1842 4304 1892 4358 G
2001 4303 2069 4357 27
2109 4305 2375 4359 seruarint
2410 4291 2521 4361 13ἳῖ)
