3159 4984
434 428 565 491 482
1135 424 1186 477 S.
1245 424 1519 477 Aureli
1574 423 2009 493 Augustini

523 625 627 687 33.
678 622 979 701 Uidesne,
1030 642 1219 705 quam
1266 624 1386 687 tibi
1432 644 1556 689 non
1607 622 1852 687 dicam:
1901 622 1958 687 si
1996 622 2378 687 christianus
2419 640 2508 689 eS.
2549 622 2736 686 crede

431 729 670 793 dicenti
728 729 1004 807 Christe,
1078 731 1225 812 quia
1290 730 1367 795 de
1433 750 1501 795 se
1568 728 1827 813 scripsit
1888 730 2190 813 Moyses:
2258 729 2429 811 quod
2493 729 2550 793 si
2607 748 2731 793 non

432 837 657 901 credis
726 836 1109 902 christianus
1175 856 1297 902 non
1366 856 1454 903 es.
1520 837 1661 919 ipse
1717 837 1951 921 quippo
2007 837 2266 904 uideris
2326 836 2481 919 quid
2537 837 2612 901 de
2665 840 2731 900 te

431 943 693 1019 sentias,
761 944 870 1025 qui
934 946 1000 1007 te
1065 946 1137 1006 ut
1195 942 1499 1023 gentilem
1556 942 1665 1007 1191
1719 943 2028 1008 Iudaeum
2085 944 2292 1008 doceri
2351 942 2426 1007 de
2477 941 2731 1007 Christo

430 1049 709 1133 expetis3
780 1068 898 1133 ego
963 1052 1175 1113 tamen
1240 1068 1445 1131 neque
1500 1049 1624 1114 hoc
1681 1050 1900 1133 defugi
1956 1051 2021 1114 et
2075 1068 2294 1115 omnes
2349 1049 2470 1113 tibi
2515 1048 2726 1113 aditus
2791 1069 2820 1107 5

434 1156 683 1231 erroris,
732 1160 1041 1240 quantum
1088 1156 1291 1239 potui,
1341 1155 1564 1219 clausi.
1624 1174 1740 1220 nec
1787 1156 1948 1221 illud
1994 1157 2122 1221 siui
2165 1158 2381 1239 patere
2428 1156 2732 1251 praecipi-

428 1264 614 1340 tium,
665 1281 791 1345 qua
834 1282 954 1328 uos
1004 1263 1175 1327 caeci
1222 1262 1480 1327 mittitis
1529 1263 1815 1329 dicentes
1860 1264 2026 1329 falsa
2073 1283 2214 1329 esse
2259 1264 2323 1327 in
2373 1262 2728 1355 euangeliQ

430 1370 639 1435 sicubi
700 1373 918 1435 uestra
982 1370 1261 1434 haeresis
1329 1370 1565 1434 exitum
1625 1390 1748 1437 non
1803 1370 2139 1447 inuenerit,
2199 1374 2272 1435 ut
2323 1369 2510 1435 uobis
2568 1368 2730 1433 nihil

426 1480 766 1553 remaneat,
816 1497 939 1559 quo
996 1476 1199 1541 redire
1235 1476 1522 1559 possitis,
1562 1476 1731 1541 unde
1771 1475 2022 1542 Christo
2063 1476 2354 1551 credatis,
2393 1475 2503 1541 ubi
2541 1476 2728 1541 uobis

426 1582 582 1647 haec
646 1602 769 1648 uox
832 1582 1236 1666 pestilentiae
1292 1601 1415 1647 non
1471 1584 1680 1666 possit
1735 1583 1985 1667 obponi.
2055 1584 2204 1666 quin
2263 1583 2454 1647 etiam
2511 1583 2601 1647 sic
2657 1586 2724 1646 te
2773 1593 2827 1631 ¹⁰

428 1690 641 1754 doceri
708 1689 889 1773 cupis
947 1692 1023 1753 ut
1081 1689 1495 1754 christianum
1544 1690 1877 1758 Thomam.
1935 1710 2125 1772 quem
2175 1689 2466 1756 Christus
2515 1690 2599 1753 de
2649 1707 2726 1753 se

428 1796 907 1862 dubitantem
966 1816 1106 1863 non
1165 1801 1282 1862 est
1338 1799 1820 1880 aspernatus,
1879 1797 2010 1861 sed
2067 1816 2208 1879 quo
2267 1796 2494 1861 animi
2561 1796 2726 1860 eius

426 1903 878 1969 uulneribus
907 1903 1357 1980 mederetur,
1393 1904 1734 1987 corporis
1767 1904 1884 1981 sui
1917 1904 2322 1968 cicatrices
2362 1902 2723 1969 ostendit.

424 2011 581 2074 haec
615 2011 823 2075 -uerba
867 2012 979 2073 tua
1025 2013 1193 2076 sunt.
1260 2011 1441 2087 bene,
1501 2011 1673 2092 quod
1721 2010 1813 2075 sic
1859 2012 1924 2074 te
1974 2010 2185 2075 doceri
2243 2010 2463 2094 exigis.
2533 2028 2723 2092 quam

430 2116 595 2180 enirn
644 2116 926 2193 uerebar,
976 2136 1053 2181 ne
1099 2117 1221 2183 hoc
1269 2136 1519 2199 quoque
1576 2118 1640 2181 in
1700 2118 2030 2200 euangelio
2085 2117 2319 2181 falsum
2376 2134 2516 2181 esse
2574 2134 2718 2181 con·
2769 2126 2822 2165 ¹⁵

424 2222 753 2288 tenderes!
824 2223 1005 2287 crede
1071 2243 1219 2307 ergo
1287 2223 1691 2289 cicatricibus
1751 2222 2006 2302 Christi,
2067 2223 2212 2305 quia
2277 2224 2332 2288 si
2398 2222 2724 2288 cicatrices

421 2329 575 2394 illae
622 2349 811 2394 uerae
867 2333 1061 2408 erant,
1119 2348 1273 2394 uera
1328 2330 1519 2395 etiam
1574 2330 1688 2394 illa
1742 2331 2006 2395 uulnera
2059 2331 2326 2407 fuerant,
2393 2349 2510 2394 nec
2573 2347 2724 2394 uera

431 2438 699 2501 uulnera
754 2436 877 2501 nisi
934 2456 1085 2501 uera
1142 2456 1284 2502 caro
1342 2436 1570 2501 habere
1625 2437 1980 2520 potuisset:
2047 2438 2168 2504 hoc
2230 2455 2455 2501 uerum
2510 2439 2720 2502 totum

424 2546 716 2608 uestrum
786 2544 1024 2608 euertit
1094 2562 1385 2608 errorem.
1456 2563 1641 2626 porro
1700 2544 1756 2608 si
1813 2543 2106 2609 Christus
2165 2546 2362 2609 falsas
2421 2545 2724 2613 cicatrice

424 2650 741 2715 dubitanti
788 2650 1101 2734 discipulo
1152 2650 1634 2729 demonstrauit,
1695 2654 1759 2716 et
1811 2650 2022 2734 ipsum
2079 2652 2372 2716 fallacem
2421 2651 2578 2717 dicis
2626 2654 2719 2716 ita
2759 2658 2819 2696 ²⁰

423 2758 757 2822 docentem
807 2762 873 2823 et
917 2761 983 2822 te
1028 2758 1166 2823 falli
1213 2758 1393 2840 cupis
1439 2758 1530 2823 ita
1578 2758 1946 2823 discentem.
1998 2759 2109 2824 sed
2158 2759 2306 2842 quia
2349 2759 2488 2824 fani
2533 2780 2719 2825 nemo

422 2868 521 2929 est
566 2865 674 2947 qui
721 2865 900 2943 uelit,
948 2864 1165 2929 fallere
1214 2867 1429 2929 autem
1492 2865 1683 2929 multi
1728 2865 1976 2943 uolunt,
2034 2866 2239 2950 magis
2295 2869 2360 2930 te
2407 2866 2577 2931 uelle
2623 2867 2716 2929 in-

424 2973 660 3056 tellego
711 2972 894 3055 quasi
942 2972 1225 3055 exemplo
1276 2972 1513 3038 Christi
1557 2972 1868 3036 fallaciter
1914 2973 2136 3038 docere
2193 2991 2383 3056 quam
2432 2975 2717 3055 exemplo

420 3076 703 3143 Thomae
751 3079 1063 3142 fallaciter
1110 3079 1371 3145 discere.
1430 3078 1692 3161 proinde
1739 3080 1796 3144 si
1841 3079 2066 3145 credis.
2115 3080 2284 3162 quod
2329 3079 2509 3145 falsis
2558 3080 2716 3144 cic-a-

421 3184 689 3249 tricibus
749 3184 1043 3250 Christus
1099 3184 1397 3250 fefellerit
1452 3186 1869 3259 dubitantem.
1927 3189 1992 3250 te
2051 3186 2192 3268 quis
2249 3186 2410 3250 uelit
2465 3186 2718 3251 credere
2758 3192 2814 3231 2⁵

426 3290 780 3369 docentem,
822 3309 895 3355 ac
932 3310 1055 3357 non
1092 3292 1308 3376 potius
1348 3310 1569 3357 cauere
1605 3292 1982 3359 fallentem?
2020 3296 2086 3357 at
2123 3293 2178 3357 si
2210 3292 2322 3357 ille
2362 3292 2716 3376 discipulus

420 3415 605 3460 ueras
674 3396 997 3462 cicatrices
1063 3398 1281 3482 tetigit
1345 3398 1617 3476 Christi,
1688 3418 1902 3463 ueram
1978 3399 2262 3465 confiteri
2339 3398 2584 3483 cogeris
2651 3402 2718 3462 et

422 3521 675 3567 carnem
726 3502 981 3569 Christi.
1032 3504 1123 3567 ita
1166 3503 1579 3569 Manichacus
1628 3524 1749 3569 non
1795 3504 2215 3587 permanebis,
2266 3506 2322 3571 si
2369 3506 2461 3571 sic
2510 3505 2714 3571 credis

417 3611 492 3672 ut
539 3608 851 3686 Thomas3
918 3610 1191 3675 infidelis
1248 3612 1461 3674 autem
1518 3610 1892 3688 remanebis,
1953 3612 2007 3675 si
2063 3630 2178 3676 nec
2234 3610 2327 3677 sic
2383 3612 2584 3677 credis
2639 3614 2718 3676 ut

412 3716 711 3781 Thomas.
2755 3728 2816 3767 ³⁰

594 3867 663 3919 29
702 3866 768 3919 cf.
806 3866 925 3919 Ioh.
965 3866 1051 3931 20,
1092 3866 1160 3917 27
1200 3882 1281 3935 sq.

488 3992 511 4042 1
559 4006 884 4059 quamquam
913 3989 945 4042 b
1088 3994 1124 4043 fi
1158 4004 1201 4043 8.
1246 3989 1279 4043 Ζ.
1312 3987 1359 4043 S
1461 3992 1495 4043 5
1530 3989 1635 4043 tibi
1675 3992 1742 4057 (ε.
1783 3991 1847 4051 Ζ.)
1877 3988 1925 4044 S
2028 3991 2059 4043 6
2100 3990 2223 4061 siui]
2262 3991 2366 4046 sibi
2395 3990 2710 4045 P¹LMG¹b

412 4080 599 4147 patere
636 4076 684 4131 S
821 4077 1163 4148 precipitium
1207 4076 1255 4130 0
1465 4078 1498 4131 8
1542 4078 1747 4132 heresis
1783 4078 1892 4133 Lo
2103 4080 2134 4133 9
2181 4081 2413 4151 possetis
2450 4079 2708 4134 L¹S¹MG

419 4166 483 4219 17
532 4166 625 4220 ille
674 4182 797 4220 uere
848 4166 895 4220 S
935 4166 1063 4219 illae
1110 4182 1235 4219 uere
1272 4166 1349 4219 M
1398 4166 1493 4236 ille
1540 4183 1666 4220 uere
1714 4167 1767 4220 L
1944 4168 2008 4221 21
2053 4168 2184 4224 falle
2225 4168 2344 4223 GS¹
2525 4168 2709 4223 dicen—

412 4257 521 4308 tem
572 4254 909 4309 L¹PSGMb
1104 4255 1173 4309 22
1212 4258 1360 4311 „est
1397 4257 1516 4327 (pot
1554 4258 1648 4323 er.)
1681 4255 1733 4308 L
1875 4257 2110 4327 magiste
2146 4257 2238 4310 M*
2383 4262 2438 4313 te
2476 4274 2578 4312 om.
2609 4256 2714 4313 SG

414 4344 481 4396 27
522 4342 796 4398 cicatrices
835 4345 903 4410 (a.
943 4344 977 4397 1.
1016 4360 1084 4397 m.
1124 4346 1189 4411 2)
1237 4343 1285 4398 Ο
1388 4345 1457 4399 29
1495 4345 1573 4399 sic
1613 4348 1662 4412 (9
1697 4362 1766 4398 m.
1803 4360 1906 4401 rec.
1942 4348 2231 4415 superscr.)
2275 4346 2321 4401 Ο
